{"path_per_floor":["M","M","?","?","T","R","M","R","T","R","E","T","?","?","R","B",null,"M","M","$","?","M","R"],"character_chosen":"THE_SILENT","items_purchased":["Ice Cream"],"gold_per_floor":[118,129,129,129,182,182,193,193,218,218,247,247,277,277,277,377,377,387,401,30,30,48,48],"floor_reached":24,"campfire_rested":0,"playtime":1309,"current_hp_per_floor":[70,70,37,60,60,60,62,62,62,62,50,50,50,50,50,34,74,76,49,49,49,56,56],"items_purged":["Strike_G"],"gold":48,"score":221,"play_id":"9c0c7ba0-5336-48b2-8c6f-f054805176b8","is_prod":false,"is_daily":false,"is_ascension_mode":true,"campfire_upgraded":5,"path_taken":["M","M","?","?","?","R","M","R","T","R","E","?","?","?","R","BOSS","M","M","$","?","M","R","E"],"build_version":"2018-02-15-PROD1","purchased_purges":1,"victory":false,"master_deck":["Defend_G","Defend_G","Defend_G","Strike_G","Strike_G","Strike_G","Strike_G","Survivor+1","Neutralize+1","Noxious Fumes+1","Dagger Spray+1","Backflip+1","Deflect+1"],"max_hp_per_floor":[70,70,70,70,70,70,72,72,72,72,72,72,72,72,72,74,74,76,76,76,76,78,78],"relics":["Ring of the Snake","Darkstone Periapt","Singing Bowl","Oddly Smooth Stone","Juzu Bracelet","Du-Vu Doll","Runic Pyramid","Ice Cream"],"card_choices":[{"not_picked":["Outmaneuver","Masterful Stab"],"picked":"Noxious Fumes"},{"not_picked":["Outmaneuver","Sucker Punch"],"picked":"Dagger Spray"},{"not_picked":["Envenom","Sucker Punch"],"picked":"Backflip"},{"not_picked":["Reflex","Bouncing Flask"],"picked":"Deflect"}],"player_experience":82907,"potions_floor_usage":[11,22,24],"damage_taken":[{"damage":0,"enemies":"Jaw Worm","floor":1,"turns":5},{"damage":0,"enemies":"Cultist","floor":2,"turns":4},{"damage":0,"enemies":"Small Slimes","floor":7,"turns":4},{"damage":12,"enemies":"Gremlin Nob","floor":11,"turns":3},{"damage":18,"enemies":"The Guardian","floor":16,"turns":13},{"damage":0,"enemies":"3 Byrds","floor":18,"turns":5},{"damage":27,"enemies":"Chosen","floor":19,"turns":6},{"damage":10,"enemies":"Slaver and Parasite","floor":22,"turns":7},{"damage":56,"enemies":"Book of Stabbing","floor":24,"turns":7}],"event_choices":[{"event_name":"Scrap Ooze","player_choice":"success","floor":3,"damage_taken":33},{"event_name":"Big Fish","player_choice":"Banana","floor":4,"damage_taken":0},{"event_name":"Dead Adventurer","player_choice":"Searched \u00272\u0027 times","floor":13,"damage_taken":0},{"event_name":"Living Wall","player_choice":"Forget","floor":14,"damage_taken":0},{"event_name":"Drug Dealer","player_choice":"Ignored","floor":21,"damage_taken":0}],"boss_relics":[{"not_picked":["Lizard Tail","Runic Dome"],"picked":"Runic Pyramid"}],"potions_floor_spawned":[2,7,16],"seed_played":"5693482027777869301","killed_by":"Book of Stabbing","ascension_level":3,"is_trial":false}