{"path_per_floor":["M","?","$","?","M","R","M","E","T","M","E","$","R","?","R","B",null,"M","?","M","$","?","R","M","$","T","M","E","R","E","M","R","B",null,"M","$","M","$","?","E","?","E","T","R","?","R","M","$","R","B"],"character_chosen":"THE_SILENT","items_purchased":["Pen Nib","Well Laid Plans","Trip"],"gold_per_floor":[109,109,34,34,46,46,62,93,175,191,217,32,32,89,89,187,187,204,119,135,35,35,35,52,52,52,63,89,89,116,129,129,229,229,247,122,132,132,180,215,215,248,319,319,319,319,334,79,79,79],"floor_reached":51,"campfire_rested":3,"playtime":6266,"current_hp_per_floor":[70,70,70,63,63,63,63,63,63,63,37,37,58,58,58,44,70,70,70,53,53,37,58,42,42,42,42,38,59,66,66,66,64,77,77,77,72,72,72,72,77,77,87,87,87,87,87,87,87,3],"items_purged":["Defend_G","Defend_G","Defend_G","Doubt"],"gold":79,"score":739,"play_id":"d107480f-8fad-4e0b-88b8-21995a58a822","is_prod":false,"is_daily":false,"is_ascension_mode":true,"campfire_upgraded":5,"path_taken":["M","?","$","?","M","R","M","E","T","M","E","$","R","?","R","BOSS","M","?","M","$","?","R","M","?","T","M","E","R","E","?","R","BOSS","M","$","M","$","?","E","?","E","T","R","?","R","M","$","R","BOSS"],"build_version":"2018-02-15-PROD1","purchased_purges":4,"victory":true,"master_deck":["Defend_G","Strike_G","Strike_G","Strike_G","Survivor","Neutralize+1","Dagger Spray+1","Dagger Throw","Deflect","Escape Plan","Quick Slash","After Image+1","Prepared","Phantasmal Killer+1","Backflip","Backflip+1","Adrenaline","Backstab","Prepared+1","Tools of the Trade+1","Adrenaline","Writhe","Trip+1"],"max_hp_per_floor":[70,70,70,70,70,70,70,70,70,70,70,70,70,70,70,70,70,70,70,70,70,70,70,70,70,70,70,70,70,77,77,77,77,77,77,77,77,77,77,77,77,77,87,87,87,87,87,87,87,87],"relics":["Ring of the Snake","Prayer Wheel","Tough Bandages","Ornamental Fan","Pen Nib","Matryoshka","Runic Pyramid","Frozen Egg 2","Nilry\u0027s Codex","Bag of Preparation","Shovel","Lantern","Strawberry","Cursed Key","Calipers","Happy Flower","Dream Catcher","Juzu Bracelet","Pear","Ninja Scroll"],"card_choices":[{"not_picked":["Dodge and Roll","Bane"],"picked":"Dagger Spray"},{"not_picked":["Deadly Poison","Reflex"],"picked":"Dagger Throw"},{"not_picked":["Slice","Reflex"],"picked":"Deflect"},{"not_picked":["Flying Knee","Bouncing Flask"],"picked":"Escape Plan"},{"not_picked":["Blur","Slice"],"picked":"Quick Slash"},{"not_picked":["Tactician","PiercingWail"],"picked":"After Image"},{"not_picked":["Choke","Riddle With Holes"],"picked":"Prepared"},{"not_picked":["A Thousand Cuts","Doppelganger"],"picked":"Phantasmal Killer"},{"not_picked":["Flying Knee","Riddle With Holes"],"picked":"Backflip"},{"not_picked":["Underhanded Strike","Prepared"],"picked":"Backflip"},{"not_picked":["Dagger Spray","Terror"],"picked":"Adrenaline"},{"not_picked":["Poisoned Stab","Deflect"],"picked":"Backstab"},{"not_picked":["Acrobatics","Endless Agony"],"picked":"Prepared"},{"not_picked":["A Thousand Cuts","Bullet Time"],"picked":"Tools of the Trade"},{"not_picked":["Underhanded Strike","Dagger Throw"],"picked":"Adrenaline"}],"player_experience":57823,"potions_floor_usage":[8,18,18,28,33,33,40,42],"damage_taken":[{"damage":0,"enemies":"2 Louse","floor":1,"turns":3},{"damage":0,"enemies":"Cultist","floor":5,"turns":4},{"damage":0,"enemies":"Small Slimes","floor":7,"turns":2},{"damage":0,"enemies":"Lagavulin","floor":8,"turns":9},{"damage":0,"enemies":"2 Fungi Beasts","floor":10,"turns":3},{"damage":26,"enemies":"Gremlin Nob","floor":11,"turns":5},{"damage":0,"enemies":"Lagavulin Event","floor":14,"turns":7},{"damage":14,"enemies":"Slime Boss","floor":16,"turns":13},{"damage":0,"enemies":"Shell Parasite","floor":18,"turns":4},{"damage":17,"enemies":"2 Thieves","floor":20,"turns":5},{"damage":16,"enemies":"Sentry and Sphere","floor":24,"turns":6},{"damage":0,"enemies":"3 Cultists","floor":27,"turns":4},{"damage":4,"enemies":"Gremlin Leader","floor":28,"turns":5},{"damage":0,"enemies":"Book of Stabbing","floor":30,"turns":7},{"damage":0,"enemies":"Centurion and Healer","floor":31,"turns":6},{"damage":2,"enemies":"Champ","floor":33,"turns":11},{"damage":0,"enemies":"Orb Walker","floor":35,"turns":2},{"damage":5,"enemies":"3 Shapes","floor":37,"turns":2},{"damage":0,"enemies":"Mysterious Sphere","floor":39,"turns":4},{"damage":0,"enemies":"Giant Head","floor":40,"turns":9},{"damage":0,"enemies":"2 Orb Walkers","floor":42,"turns":5},{"damage":0,"enemies":"Sphere and 2 Shapes","floor":47,"turns":4},{"damage":84,"enemies":"Donu and Deca","floor":50,"turns":13}],"event_choices":[{"event_name":"Living Wall","player_choice":"Forget","floor":2,"damage_taken":0},{"event_name":"Golden Wing","player_choice":"Card Removal","floor":4,"damage_taken":0},{"event_name":"Dead Adventurer","player_choice":"Searched \u00272\u0027 times","floor":14,"damage_taken":0},{"event_name":"Addict","player_choice":"Obtained Relic","floor":19,"damage_taken":0},{"event_name":"Cursed Tome","player_choice":"Obtained Book","floor":22,"damage_taken":0},{"event_name":"Mysterious Sphere","player_choice":"Fight","floor":39,"damage_taken":0},{"event_name":"Winding Halls","player_choice":"Writhe","floor":41,"damage_taken":0}],"boss_relics":[{"not_picked":["Eternal Feather","Question Card"],"picked":"Runic Pyramid"},{"not_picked":["Tiny House","Black Star"],"picked":"Cursed Key"}],"potions_floor_spawned":[7,11,14,20,28,31,35,39],"seed_played":"-942230363259381769","ascension_level":2,"is_trial":false}