{"path_per_floor":["M","M","M","?","M","R","?","R","T","E","R","M","$","?","R","B",null,"M","$","M","?","?","R","?","R","T","?","M","E","M","M","R","B",null,"M","M","?","M","$","R","E","R","T","R","?","?","M","M","R","B"],"character_chosen":"THE_SILENT","items_purchased":["Backflip","Deadly Poison","Noxious Fumes","Expertise","Pantograph"],"gold_per_floor":[112,123,139,139,159,159,159,159,159,194,194,214,67,317,317,413,413,433,212,223,148,148,148,148,148,148,148,162,189,207,222,222,319,319,334,351,402,412,32,32,58,58,58,58,58,58,72,92,92,92],"floor_reached":51,"campfire_rested":0,"playtime":5084,"current_hp_per_floor":[69,69,68,61,61,61,61,61,61,58,58,48,48,54,54,30,76,68,68,72,72,72,72,78,78,84,84,84,81,71,68,68,14,88,87,82,70,56,56,56,46,46,52,52,82,82,84,69,69,20],"items_purged":["Strike_G","Regret","Strike_G"],"gold":92,"score":545,"play_id":"3f34240a-5983-4f02-af73-feb534aba67d","is_prod":false,"is_daily":false,"is_ascension_mode":false,"campfire_upgraded":6,"path_taken":["M","M","?","?","M","R","?","R","T","E","R","M","$","?","R","BOSS","M","$","M","?","?","R","?","R","T","?","M","E","M","?","R","BOSS","M","M","?","M","$","R","E","R","T","R","?","?","M","M","R","BOSS"],"build_version":"2018-02-15-PROD1","purchased_purges":3,"victory":true,"master_deck":["Defend_G","Defend_G","Defend_G","Strike_G","Survivor","Neutralize+1","Dagger Spray+1","Deflect","Poisoned Stab+1","Calculated Gamble","Poisoned Stab","Backflip+1","Deadly Poison","After Image+1","Dagger Throw","Noxious Fumes","Expertise","Backflip","Deadly Poison+1","Terror+1","Poisoned Stab+1","Prepared+1","Escape Plan","Deflect"],"max_hp_per_floor":[70,70,70,70,70,70,70,70,70,70,70,70,70,76,76,76,76,76,76,76,76,76,76,82,82,88,88,88,88,88,88,88,88,88,88,88,88,88,88,88,88,88,94,94,100,100,100,100,100,100],"relics":["Ring of the Snake","Bird Faced Urn","Darkstone Periapt","Cursed Key","Peace Pipe","Unceasing Top","Bronze Scales","Sozu","Ice Cream","Pantograph","Ancient Tea Set","Tough Bandages"],"card_choices":[{"not_picked":["PiercingWail","Sucker Punch"],"picked":"Dagger Spray"},{"not_picked":["PiercingWail","Footwork"],"picked":"Deflect"},{"not_picked":["Masterful Stab","Outmaneuver"],"picked":"Poisoned Stab"},{"not_picked":["Prepared","Deflect"],"picked":"Calculated Gamble"},{"not_picked":["Wraith Form","Adrenaline"],"picked":"Poisoned Stab"},{"not_picked":["Dagger Throw","Flechettes"],"picked":"Bouncing Flask"},{"not_picked":["Phantasmal Killer","Envenom"],"picked":"After Image"},{"not_picked":["Calculated Gamble","Quick Slash"],"picked":"Dagger Throw"},{"not_picked":["Deflect","Acrobatics"],"picked":"Deadly Poison"},{"not_picked":["Sucker Punch","Venomology"],"picked":"Terror"},{"not_picked":["Backflip","Deflect"],"picked":"Poisoned Stab"},{"not_picked":["Acrobatics","PiercingWail"],"picked":"Prepared"},{"not_picked":["Dash","Blade Dance"],"picked":"Escape Plan"},{"not_picked":["Dash","After Image"],"picked":"Deflect"}],"player_experience":25917,"potions_floor_usage":[18,20,30,30],"damage_taken":[{"damage":1,"enemies":"Cultist","floor":1,"turns":6},{"damage":0,"enemies":"2 Louse","floor":2,"turns":2},{"damage":1,"enemies":"Jaw Worm","floor":3,"turns":5},{"damage":0,"enemies":"Red Slaver","floor":5,"turns":4},{"damage":3,"enemies":"3 Sentries","floor":10,"turns":8},{"damage":10,"enemies":"Large Slime","floor":12,"turns":5},{"damage":24,"enemies":"Slime Boss","floor":16,"turns":11},{"damage":8,"enemies":"3 Byrds","floor":18,"turns":3},{"damage":0,"enemies":"Chosen","floor":20,"turns":4},{"damage":4,"enemies":"Snake Plant","floor":28,"turns":4},{"damage":7,"enemies":"Book of Stabbing","floor":29,"turns":6},{"damage":14,"enemies":"Slaver and Parasite","floor":30,"turns":5},{"damage":7,"enemies":"Centurion and Healer","floor":31,"turns":5},{"damage":58,"enemies":"Collector","floor":33,"turns":10},{"damage":1,"enemies":"Orb Walker","floor":35,"turns":4},{"damage":6,"enemies":"3 Darklings","floor":36,"turns":4},{"damage":16,"enemies":"Mysterious Sphere","floor":37,"turns":5},{"damage":18,"enemies":"Sphere and 2 Shapes","floor":38,"turns":6},{"damage":14,"enemies":"Giant Head","floor":41,"turns":8},{"damage":0,"enemies":"Maw","floor":47,"turns":6},{"damage":19,"enemies":"4 Shapes","floor":48,"turns":5},{"damage":78,"enemies":"Time Eater","floor":50,"turns":12}],"event_choices":[{"event_name":"Golden Wing","player_choice":"Card Removal","floor":4,"damage_taken":0},{"event_name":"Bonfire Elementals","player_choice":"BASIC","floor":7,"damage_taken":0},{"event_name":"Golden Shrine","player_choice":"Desecrate","floor":14,"damage_taken":0},{"event_name":"Beggar","player_choice":"Gave Gold","floor":21,"damage_taken":0},{"event_name":"Back to Basics","player_choice":"Elegance","floor":22,"damage_taken":0},{"event_name":"The Mausoleum","player_choice":"Yes","floor":24,"damage_taken":0},{"event_name":"The Library","player_choice":"Read","floor":27,"damage_taken":0},{"event_name":"Mysterious Sphere","player_choice":"Fight","floor":37,"damage_taken":0},{"event_name":"Winding Halls","player_choice":"Writhe","floor":45,"damage_taken":0},{"event_name":"The Woman in Blue","player_choice":"Bought 0 Potions","floor":46,"damage_taken":0}],"boss_relics":[{"not_picked":["Ectoplasm","Orrery"],"picked":"Cursed Key"},{"not_picked":["Runic Dome","Black Star"],"picked":"Sozu"}],"potions_floor_spawned":[12,16,18,20,33,37,41,47,48],"seed_played":"3212295284845913001","ascension_level":0,"is_trial":false}