{"path_per_floor":["M","?","M","T","M","E","M","R","T","$","?","?","$","E","R","B",null,"M","?","?","M","$","R","E","R","T","M","M","$"],"character_chosen":"THE_SILENT","items_purchased":["Backflip","Deadly Poison","Backflip"],"gold_per_floor":[12,12,30,30,47,76,89,89,89,13,37,2,2,29,29,125,125,140,140,140,151,101,101,127,127,127,137,147,43],"floor_reached":30,"campfire_rested":1,"playtime":2610,"current_hp_per_floor":[67,64,62,62,56,40,47,47,47,47,47,64,64,59,59,37,70,57,57,57,57,57,57,39,60,60,60,39,39],"items_purged":["Expertise","Strike_G"],"gold":43,"score":282,"play_id":"cae431fb-aa94-495f-9cbc-a11351c24c5b","is_prod":false,"is_daily":false,"is_ascension_mode":true,"campfire_upgraded":3,"path_taken":["M","?","M","?","M","E","?","R","T","$","?","?","$","E","R","BOSS","M","?","?","M","$","R","E","R","T","M","M","$","E"],"build_version":"2018-02-15-PROD1","purchased_purges":2,"victory":false,"master_deck":["Defend_G","Defend_G","Defend_G","Strike_G","Strike_G","Survivor","Neutralize+1","Venomology","Prepared","Acrobatics","Noxious Fumes+1","Blur","Backflip+1","Deadly Poison","Dagger Throw","Calculated Gamble+1","Envenom+1","Expertise+1","Choke+1","Infinite Blades+1","Infinite Blades+1","Dagger Spray","Escape Plan+1","Backflip"],"max_hp_per_floor":[70,70,70,70,70,70,70,70,70,70,70,70,70,70,70,70,70,70,70,70,70,70,70,70,70,70,70,70,70],"relics":["Ring of the Snake","Frozen Egg 2","Smiling Mask","Bag of Preparation","Thread and Needle","Odd Mushroom","Shuriken","Astrolabe","Letter Opener","Centennial Puzzle"],"card_choices":[{"not_picked":["A Thousand Cuts","Adrenaline"],"picked":"Venomology"},{"not_picked":["Bane","Blade Dance"],"picked":"Prepared"},{"not_picked":["Eviscerate","Distraction"],"picked":"Acrobatics"},{"not_picked":["Deflect","Distraction"],"picked":"Noxious Fumes"},{"not_picked":["Blade Dance","Slice"],"picked":"Blur"},{"not_picked":["Bouncing Flask","Deflect"],"picked":"Dagger Throw"},{"not_picked":["Unload","Poisoned Stab"],"picked":"Calculated Gamble"},{"not_picked":["Burst","Phantasmal Killer"],"picked":"Envenom"},{"not_picked":["Finisher","Outmaneuver"],"picked":"Infinite Blades"},{"not_picked":["PiercingWail","Flying Knee"],"picked":"Infinite Blades"},{"not_picked":["Sucker Punch","Distraction"],"picked":"Dagger Spray"},{"not_picked":["Well Laid Plans","Outmaneuver"],"picked":"Escape Plan"}],"player_experience":38757,"potions_floor_usage":[3,5,6,7,11,14,16,16,16,18,18,21,24,24,27,27,28,30,30],"damage_taken":[{"damage":3,"enemies":"Small Slimes","floor":1,"turns":4},{"damage":2,"enemies":"2 Louse","floor":3,"turns":3},{"damage":6,"enemies":"Jaw Worm","floor":5,"turns":4},{"damage":16,"enemies":"Lagavulin","floor":6,"turns":8},{"damage":8,"enemies":"Red Slaver","floor":7,"turns":6},{"damage":0,"enemies":"The Mushroom Lair","floor":11,"turns":3},{"damage":5,"enemies":"Gremlin Nob","floor":14,"turns":5},{"damage":22,"enemies":"Slime Boss","floor":16,"turns":11},{"damage":13,"enemies":"2 Thieves","floor":18,"turns":4},{"damage":0,"enemies":"3 Byrds","floor":21,"turns":5},{"damage":18,"enemies":"Book of Stabbing","floor":24,"turns":7},{"damage":0,"enemies":"Centurion and Healer","floor":27,"turns":5},{"damage":21,"enemies":"Snake Plant","floor":28,"turns":6},{"damage":55,"enemies":"Slavers","floor":30,"turns":3}],"event_choices":[{"event_name":"Scrap Ooze","player_choice":"success","floor":2,"damage_taken":3},{"event_name":"Mushrooms","player_choice":"Fought Mushrooms","floor":11,"damage_taken":0},{"event_name":"The Cleric","player_choice":"Healed","floor":12,"damage_taken":0},{"event_name":"Drug Dealer","player_choice":"Ignored","floor":19,"damage_taken":0},{"event_name":"Back to Basics","player_choice":"Elegance","floor":20,"damage_taken":0}],"boss_relics":[{"not_picked":["Black Star","Runic Pyramid"],"picked":"Astrolabe"}],"potions_floor_spawned":[7,14,16,21,24,28],"seed_played":"-5963188507066056711","killed_by":"Slavers","ascension_level":2,"is_trial":false}