{"path_per_floor":["M","?","?","M","$","E","R","M","T","M","?","T","E","?","R","B",null,"M","?","M","M","$","R","$","E","T","?","M","M","?","?","R"],"character_chosen":"THE_SILENT","items_purchased":["Anchor","Glass Knife","Oddly Smooth Stone"],"gold_per_floor":[113,113,288,307,80,111,111,124,148,164,223,223,258,333,333,431,431,446,446,461,474,344,344,139,166,236,151,170,181,181,181,181],"floor_reached":33,"campfire_rested":1,"playtime":1826,"current_hp_per_floor":[63,63,63,61,61,47,68,68,68,68,64,64,64,53,53,53,70,70,57,57,57,57,65,65,65,65,65,65,48,73,73,75],"items_purged":["Doubt","Strike_G","Defend_G"],"gold":181,"score":448,"play_id":"b3233037-02c2-48ba-ab68-12a9c09a9aaa","is_prod":false,"is_daily":false,"is_ascension_mode":true,"campfire_upgraded":3,"path_taken":["M","?","?","M","$","E","R","M","T","M","?","?","E","?","R","BOSS","M","?","M","M","$","R","$","E","T","?","M","M","?","?","R","BOSS"],"build_version":"2018-02-15-PROD1","purchased_purges":3,"victory":false,"master_deck":["Defend_G","Defend_G","Defend_G","Strike_G","Strike_G","Strike_G","Strike_G","Survivor","Neutralize","Glass Knife+1","Deflect","Backflip","Dagger Spray","Dagger Throw","Backstab","Die Die Die","After Image+1","Dagger Spray","Glass Knife+1","Escape Plan"],"max_hp_per_floor":[70,70,70,70,70,70,70,70,70,70,70,70,70,70,70,70,70,70,75,75,75,75,75,75,75,75,75,75,75,75,75,75],"relics":["Ring of the Snake","Anchor","Bag of Marbles","Happy Flower","Juzu Bracelet","Tingsha","Smiling Mask","Eternal Feather","Oddly Smooth Stone","The Courier","Darkstone Periapt","Frozen Egg 2"],"card_choices":[{"not_picked":["Endless Agony","Slice"],"picked":"Deflect"},{"not_picked":["Heel Hook","Bullet Time"],"picked":"Backflip"},{"not_picked":["Caltrops","Infinite Blades"],"picked":"Dagger Spray"},{"not_picked":["Masterful Stab","Quick Slash"],"picked":"Dagger Throw"},{"not_picked":["Blade Dance","Underhanded Strike"],"picked":"Backstab"},{"not_picked":["Blade Dance","Noxious Fumes"],"picked":"Die Die Die"},{"not_picked":["Envenom","Die Die Die"],"picked":"After Image"},{"not_picked":["Underhanded Strike","Finisher"],"picked":"Dagger Spray"},{"not_picked":["Venomology","Caltrops"],"picked":"Escape Plan"}],"player_experience":119789,"potions_floor_usage":[6,16,16,25,28,33],"damage_taken":[{"damage":7,"enemies":"Small Slimes","floor":1,"turns":4},{"damage":2,"enemies":"Cultist","floor":4,"turns":3},{"damage":14,"enemies":"3 Sentries","floor":6,"turns":11},{"damage":0,"enemies":"2 Louse","floor":8,"turns":1},{"damage":0,"enemies":"Exordium Wildlife","floor":10,"turns":3},{"damage":4,"enemies":"3 Sentries","floor":11,"turns":6},{"damage":0,"enemies":"Gremlin Nob","floor":13,"turns":2},{"damage":0,"enemies":"Slime Boss","floor":16,"turns":7},{"damage":0,"enemies":"Shell Parasite","floor":18,"turns":2},{"damage":0,"enemies":"Chosen","floor":20,"turns":2},{"damage":0,"enemies":"3 Cultists","floor":21,"turns":4},{"damage":0,"enemies":"Slavers","floor":25,"turns":5},{"damage":0,"enemies":"Sentry and Sphere","floor":28,"turns":2},{"damage":17,"enemies":"Snecko","floor":29,"turns":5},{"damage":115,"enemies":"Automaton","floor":33,"turns":12}],"event_choices":[{"event_name":"The Woman in Blue","player_choice":"Bought 0 Potions","floor":2,"damage_taken":0},{"event_name":"Liars Game","player_choice":"agreed","floor":3,"damage_taken":0},{"event_name":"Dead Adventurer","player_choice":"Searched \u00272\u0027 times","floor":11,"damage_taken":0},{"event_name":"World of Goop","player_choice":"Gather Gold","floor":14,"damage_taken":0},{"event_name":"Forgotten Altar","player_choice":"Shed Blood","floor":19,"damage_taken":0},{"event_name":"Addict","player_choice":"Obtained Relic","floor":27,"damage_taken":0},{"event_name":"The Library","player_choice":"Heal","floor":30,"damage_taken":0},{"event_name":"Drug Dealer","player_choice":"Ignored","floor":31,"damage_taken":0}],"boss_relics":[{"not_picked":["Tiny House","Philosopher\u0027s Stone"],"picked":"Eternal Feather"}],"potions_floor_spawned":[1,11,11,13,16,18,21],"seed_played":"-4784641773600408464","killed_by":"Automaton","ascension_level":4,"is_trial":false}