{"path_per_floor":["M","$","?","M","$","E","R","E","T","R","M","E","?","M","R","B",null,"M","?","?","M","$","R","$","E","T","M","?","R","M","E","R"],"character_chosen":"THE_SILENT","items_purchased":["Terror","Footwork","Calculated Gamble","Regen Potion"],"gold_per_floor":[116,41,41,58,58,93,93,123,147,147,166,192,192,203,203,300,300,319,319,319,290,6,6,6,31,31,49,49,49,67,98,98],"floor_reached":33,"campfire_rested":5,"playtime":2361,"current_hp_per_floor":[63,63,63,63,63,63,63,34,34,55,55,47,47,35,56,27,59,48,35,35,22,22,52,52,35,35,29,29,59,49,34,64],"items_purged":["Defend_G","Strike_G"],"gold":98,"score":440,"play_id":"f07cad3e-f68c-4531-a6de-6b6cabcc1ca3","is_prod":false,"is_daily":false,"is_ascension_mode":true,"campfire_upgraded":1,"path_taken":["M","$","?","M","$","E","R","E","T","R","M","E","?","M","R","BOSS","M","?","?","M","$","R","$","E","T","M","?","R","M","E","R","BOSS"],"build_version":"2018-02-15-PROD1","purchased_purges":2,"victory":false,"master_deck":["Defend_G","Defend_G","Defend_G","Defend_G","Strike_G","Strike_G","Strike_G","Survivor","Neutralize","Deflect","Dash","After Image+1","Flying Knee","Quick Slash","Flying Knee","Dagger Spray","Escape Plan","Flying Knee+1","Backstab","Terror","Footwork","Calculated Gamble","Deflect+1"],"max_hp_per_floor":[70,70,70,70,70,70,70,70,70,70,70,70,70,70,70,70,70,70,75,75,75,75,75,75,75,75,75,75,75,75,75,75],"relics":["Ring of the Snake","NeowsBlessing","The Courier","Lantern","Prayer Wheel","Happy Flower","Eternal Feather","Frozen Egg 2","Peace Pipe","Ornamental Fan"],"card_choices":[{"not_picked":["Reflex","Underhanded Strike"],"picked":"Deflect"},{"not_picked":["Crippling Poison","Prepared"],"picked":"Dash"},{"not_picked":["Deadly Poison","Outmaneuver"],"picked":"After Image"},{"not_picked":["Backflip","Slice"],"picked":"Flying Knee"},{"not_picked":["Underhanded Strike","Sucker Punch"],"picked":"Quick Slash"},{"not_picked":["Burst","Poisoned Stab"],"picked":"Flying Knee"},{"not_picked":["Deflect","Dagger Spray"],"picked":"Escape Plan"},{"not_picked":["Dodge and Roll","Deadly Poison"],"picked":"Flying Knee"},{"not_picked":["Well Laid Plans","Dagger Spray"],"picked":"Backstab"},{"not_picked":["Dagger Spray","Endless Agony"],"picked":"Deflect"}],"player_experience":241279,"potions_floor_usage":[8,16,18,25,31,31,33],"damage_taken":[{"damage":0,"enemies":"2 Louse","floor":1,"turns":1},{"damage":0,"enemies":"Cultist","floor":4,"turns":1},{"damage":0,"enemies":"Gremlin Nob","floor":6,"turns":1},{"damage":29,"enemies":"Lagavulin","floor":8,"turns":11},{"damage":0,"enemies":"Jaw Worm","floor":11,"turns":3},{"damage":8,"enemies":"3 Sentries","floor":12,"turns":9},{"damage":12,"enemies":"Lots of Slimes","floor":14,"turns":3},{"damage":29,"enemies":"The Guardian","floor":16,"turns":15},{"damage":11,"enemies":"Spheric Guardian","floor":18,"turns":6},{"damage":13,"enemies":"2 Thieves","floor":21,"turns":5},{"damage":29,"enemies":"Book of Stabbing","floor":25,"turns":6},{"damage":6,"enemies":"Snecko","floor":27,"turns":5},{"damage":10,"enemies":"Snake Plant","floor":30,"turns":5},{"damage":15,"enemies":"Gremlin Leader","floor":31,"turns":9},{"damage":65,"enemies":"Automaton","floor":33,"turns":6}],"event_choices":[{"event_name":"Match and Keep!","player_choice":"0 cards matched","floor":3,"damage_taken":0},{"event_name":"Transmorgrifier","player_choice":"Transform","floor":13,"damage_taken":0},{"event_name":"Forgotten Altar","player_choice":"Shed Blood","floor":19,"damage_taken":0},{"event_name":"Drug Dealer","player_choice":"Ignored","floor":20,"damage_taken":0},{"event_name":"Cursed Tome","player_choice":"Ignored","floor":28,"damage_taken":0}],"boss_relics":[{"not_picked":["Calling Bell","Lizard Tail"],"picked":"Eternal Feather"}],"potions_floor_spawned":[1,12,14,18,30,31],"seed_played":"865355198587723958","killed_by":"Automaton","ascension_level":7,"is_trial":false}