{"path_per_floor":["M","?","M","M","$","E","?","R","T","E","M","M","R","M","R","B",null,"M","?","$","M","M","R","E"],"character_chosen":"THE_SILENT","items_purchased":["Finesse"],"gold_per_floor":[118,118,129,140,65,97,97,97,122,155,169,189,189,200,200,301,301,319,319,122,107,120,120,154],"floor_reached":25,"campfire_rested":3,"playtime":1649,"current_hp_per_floor":[62,62,62,62,62,42,42,63,63,49,41,41,41,34,55,20,58,58,58,58,50,21,42,22],"items_purged":["Defend_G","Strike_G"],"gold":154,"score":315,"play_id":"1ad37425-fa29-413a-a9df-1c40f51597d7","is_prod":false,"is_daily":false,"is_ascension_mode":true,"campfire_upgraded":1,"path_taken":["M","?","?","M","?","E","?","R","T","E","M","?","R","M","R","BOSS","M","?","$","M","M","R","E","M"],"build_version":"2018-02-15-PROD1","purchased_purges":2,"victory":false,"master_deck":["Defend_G","Defend_G","Defend_G","Defend_G","Strike_G","Strike_G","Strike_G","Strike_G","Survivor","Neutralize+1","Flying Knee","Backflip","Dagger Spray+1","After Image","Quick Slash","Dash","Deadly Poison","Poisoned Stab","Finesse","Poisoned Stab"],"max_hp_per_floor":[70,70,70,70,70,70,70,70,70,70,70,70,70,70,70,70,70,70,70,70,70,70,70,70],"relics":["Ring of the Snake","Vajra","Blue Candle","Dream Catcher","Snake Skull","The Specimen","Mercury Hourglass"],"card_choices":[{"not_picked":["Acrobatics","Dodge and Roll"],"picked":"Flying Knee"},{"not_picked":["PiercingWail","Slice"],"picked":"Backflip"},{"not_picked":["Slice","Distraction"],"picked":"Dagger Spray"},{"not_picked":["Bane","Flying Knee"],"picked":"After Image"},{"not_picked":["Expertise","Deflect"],"picked":"Quick Slash"},{"not_picked":["Underhanded Strike","Concentrate"],"picked":"Dash"},{"not_picked":["Underhanded Strike","Quick Slash"],"picked":"Deadly Poison"},{"not_picked":["Prepared","Dagger Spray"],"picked":"Poisoned Stab"}],"player_experience":228714,"potions_floor_usage":[6,6,16,21,24,24],"damage_taken":[{"damage":1,"enemies":"Small Slimes","floor":1,"turns":3},{"damage":0,"enemies":"Jaw Worm","floor":3,"turns":4},{"damage":0,"enemies":"Cultist","floor":4,"turns":3},{"damage":20,"enemies":"Gremlin Nob","floor":6,"turns":4},{"damage":14,"enemies":"Lagavulin","floor":10,"turns":7},{"damage":8,"enemies":"Lots of Slimes","floor":11,"turns":3},{"damage":0,"enemies":"3 Louse","floor":12,"turns":2},{"damage":7,"enemies":"Large Slime","floor":14,"turns":5},{"damage":35,"enemies":"Slime Boss","floor":16,"turns":10},{"damage":0,"enemies":"Chosen","floor":18,"turns":5},{"damage":8,"enemies":"2 Thieves","floor":21,"turns":4},{"damage":29,"enemies":"Snake Plant","floor":22,"turns":5},{"damage":35,"enemies":"Book of Stabbing","floor":24,"turns":7},{"damage":25,"enemies":"Centurion and Healer","floor":25,"turns":3}],"event_choices":[{"event_name":"Liars Game","player_choice":"disagreed","floor":2,"damage_taken":0},{"event_name":"Living Wall","player_choice":"Grow","floor":7,"damage_taken":0},{"event_name":"The Library","player_choice":"Read","floor":19,"damage_taken":0}],"boss_relics":[{"not_picked":["Question Card","Tiny House"],"picked":"The Specimen"}],"potions_floor_spawned":[3,4,12,16,18,22],"seed_played":"1080024098473420721","killed_by":"Centurion and Healer","ascension_level":7,"is_trial":false}