{"path_per_floor":["M","M","?","M","M","R","M","E","T","?","T","T","R","M","R","B",null,"M","?","?","M","?","E","$","R","T","M","E","$","E","M","R","B",null,"M","?","T","M","?","R","E","R","T","R","T","$","M","M","R","B"],"character_chosen":"THE_SILENT","items_purchased":["Anchor","Blade Dance","Regen Potion","Energy Potion"],"gold_per_floor":[112,125,125,139,155,155,165,190,217,292,292,292,292,308,308,405,405,405,405,405,405,405,405,51,51,51,51,51,1,1,1,1,1,1,1,1,1,1,1,1,1,1,1,1,1,1,1,1,1,1],"floor_reached":51,"campfire_rested":2,"playtime":7234,"current_hp_per_floor":[67,67,60,60,48,69,65,49,49,38,38,38,59,61,61,40,63,65,65,65,67,67,67,67,67,67,69,70,70,70,70,70,60,68,70,70,70,70,61,61,63,63,63,63,63,63,65,63,63,52],"items_purged":["Defend_G"],"gold":1,"score":785,"play_id":"8f04cb11-8241-48bf-b16b-14c7cba8af31","is_prod":false,"is_daily":false,"is_ascension_mode":true,"campfire_upgraded":4,"path_taken":["M","M","?","?","?","R","M","E","T","?","?","?","R","M","R","BOSS","M","?","?","M","?","E","$","R","T","M","E","?","E","M","R","BOSS","M","?","?","?","?","R","E","R","T","R","?","$","?","?","R","BOSS"],"build_version":"2018-02-15-PROD1","purchased_purges":1,"victory":true,"master_deck":["Defend_G+1","Defend_G","Defend_G","Strike_G","Strike_G","Strike_G","Strike_G","Strike_G","Survivor+1","Neutralize+1","Terror+1","Skewer+1","Endless Agony","Cloak And Dagger+1","Dash","Dagger Throw","Adrenaline","Cloak And Dagger+1","Dagger Spray","Flying Knee","Blade Dance+1","Flechettes+1","Terror+1","Calculated Gamble+1","Bullet Time+1","Madness+1","Madness+1","Well Laid Plans","Endless Agony+1"],"max_hp_per_floor":[70,70,70,70,70,70,70,70,70,70,70,70,70,70,70,70,70,70,70,70,70,70,70,70,70,70,70,70,70,70,70,70,70,70,70,70,70,70,70,70,70,70,70,70,70,70,70,70,70,70],"relics":["Ring of the Snake","Shuriken","Blood Vial","Unceasing Top","Prayer Wheel","Ectoplasm","Ninja Scroll","Lantern","Anchor","War Paint","Toxic Egg 2","Dream Catcher","Sozu","Girya","Pen Nib","Ginger","Tough Bandages","Snake Skull"],"card_choices":[{"not_picked":["Endless Agony","Setup"],"picked":"Terror"},{"not_picked":["Footwork","Flechettes"],"picked":"Skewer"},{"not_picked":["Slice","Sucker Punch"],"picked":"Endless Agony"},{"not_picked":["Outmaneuver","Concentrate"],"picked":"Cloak And Dagger"},{"not_picked":["Sucker Punch","Masterful Stab"],"picked":"Dash"},{"not_picked":["Outmaneuver","Acrobatics"],"picked":"Dagger Throw"},{"not_picked":["Glass Knife","Phantasmal Killer"],"picked":"Adrenaline"},{"not_picked":["Crippling Poison","Flechettes"],"picked":"Dagger Spray"},{"not_picked":["Concentrate","Deflect"],"picked":"Flying Knee"},{"not_picked":["Distraction","All Out Attack"],"picked":"Flechettes"},{"not_picked":["Tools of the Trade","Flying Knee"],"picked":"Terror"},{"not_picked":["Predator","Dash"],"picked":"Calculated Gamble"},{"not_picked":["Storm of Steel","Tools of the Trade"],"picked":"Bullet Time"},{"not_picked":["Burst","Backflip"],"picked":"Well Laid Plans"},{"not_picked":["Cloak And Dagger","Deflect"],"picked":"Endless Agony"}],"player_experience":160398,"potions_floor_usage":[7,16,23,23,31,33],"damage_taken":[{"damage":3,"enemies":"Small Slimes","floor":1,"turns":5},{"damage":0,"enemies":"2 Louse","floor":2,"turns":5},{"damage":0,"enemies":"Cultist","floor":4,"turns":3},{"damage":12,"enemies":"Gremlin Gang","floor":5,"turns":5},{"damage":4,"enemies":"2 Fungi Beasts","floor":7,"turns":3},{"damage":16,"enemies":"3 Sentries","floor":8,"turns":10},{"damage":0,"enemies":"Blue Slaver","floor":14,"turns":2},{"damage":23,"enemies":"The Guardian","floor":16,"turns":8},{"damage":0,"enemies":"Chosen","floor":18,"turns":3},{"damage":0,"enemies":"3 Byrds","floor":21,"turns":4},{"damage":2,"enemies":"Book of Stabbing","floor":23,"turns":3},{"damage":0,"enemies":"Cultist and Chosen","floor":27,"turns":3},{"damage":0,"enemies":"Gremlin Leader","floor":28,"turns":3},{"damage":0,"enemies":"Book of Stabbing","floor":30,"turns":3},{"damage":0,"enemies":"Snake Plant","floor":31,"turns":2},{"damage":10,"enemies":"Automaton","floor":33,"turns":5},{"damage":0,"enemies":"Orb Walker","floor":35,"turns":3},{"damage":0,"enemies":"Mysterious Sphere","floor":36,"turns":2},{"damage":0,"enemies":"3 Shapes","floor":38,"turns":3},{"damage":0,"enemies":"Nemesis","floor":41,"turns":3},{"damage":0,"enemies":"3 Darklings","floor":47,"turns":2},{"damage":4,"enemies":"Sphere and 2 Shapes","floor":48,"turns":3},{"damage":13,"enemies":"Time Eater","floor":50,"turns":4}],"event_choices":[{"event_name":"Golden Wing","player_choice":"Card Removal","floor":3,"damage_taken":0},{"event_name":"World of Goop","player_choice":"Gather Gold","floor":10,"damage_taken":0},{"event_name":"Drug Dealer","player_choice":"Ignored","floor":19,"damage_taken":0},{"event_name":"Duplicator","player_choice":"One dupe","floor":20,"damage_taken":0},{"event_name":"The Mausoleum","player_choice":"Yes","floor":22,"damage_taken":0},{"event_name":"Mysterious Sphere","player_choice":"Fight","floor":36,"damage_taken":0},{"event_name":"Winding Halls","player_choice":"Embrace Madness","floor":39,"damage_taken":0}],"boss_relics":[{"not_picked":["Pandora\u0027s Box","White Beast Statue"],"picked":"Ectoplasm"},{"not_picked":["Question Card","Philosopher\u0027s Stone"],"picked":"Sozu"}],"potions_floor_spawned":[1,5,8,14,18,21,23,30,35,36,48],"seed_played":"-3943973694901554752","ascension_level":5,"is_trial":false}