{"path_per_floor":["M","?","M","?","M","R","E","?","T","T","$","?","?","E","R","B",null,"M","M","M","$","?","R"],"character_chosen":"THE_SILENT","items_purchased":["Vajra","Poisoned Stab","Regal Pillow","Whetstone","Pantograph","Backflip"],"gold_per_floor":[115,115,133,133,152,152,178,353,353,405,123,178,253,286,286,382,382,395,407,424,35,35,35],"floor_reached":24,"campfire_rested":2,"playtime":1515,"current_hp_per_floor":[63,63,62,55,53,53,38,38,38,45,45,44,33,16,39,9,60,45,38,4,4,4,42],"items_purged":["Doubt"],"gold":35,"score":273,"play_id":"77e551d6-46c0-4aa2-a439-e03d03a4e603","is_prod":false,"is_daily":false,"is_ascension_mode":true,"campfire_upgraded":1,"path_taken":["M","?","M","?","M","R","E","?","T","?","$","?","?","E","R","BOSS","M","M","M","$","?","R","E"],"build_version":"2018-02-15-PROD1","purchased_purges":1,"victory":false,"master_deck":["Defend_G","Defend_G","Defend_G","Defend_G","Defend_G","Strike_G+1","Strike_G+1","Strike_G","Strike_G","Survivor","Neutralize","Glass Knife","Dagger Spray","Catalyst","Poisoned Stab+1","Poisoned Stab","Predator","Deadly Poison","Noxious Fumes","Backflip"],"max_hp_per_floor":[70,70,70,70,70,70,70,70,70,77,77,77,77,77,77,77,77,77,77,77,77,77,77],"relics":["Ring of the Snake","Juzu Bracelet","Frozen Eye","Strawberry","Vajra","The Courier","Unceasing Top","Question Card","Regal Pillow","Whetstone","Pantograph"],"card_choices":[{"not_picked":["Deadly Poison","Prepared"],"picked":"Dagger Spray"},{"not_picked":["Outmaneuver","Dagger Throw"],"picked":"Catalyst"},{"not_picked":["Footwork","PiercingWail"],"picked":"Poisoned Stab"},{"not_picked":["Underhanded Strike","Endless Agony"],"picked":"Predator"},{"not_picked":["Accuracy","Underhanded Strike","Calculated Gamble"],"picked":"Deadly Poison"},{"not_picked":["Terror","Backflip","Backstab"],"picked":"Noxious Fumes"}],"player_experience":230363,"potions_floor_usage":[12,14,18,19,24,24],"damage_taken":[{"damage":0,"enemies":"Small Slimes","floor":1,"turns":3},{"damage":1,"enemies":"Cultist","floor":3,"turns":3},{"damage":2,"enemies":"2 Louse","floor":5,"turns":2},{"damage":15,"enemies":"3 Sentries","floor":7,"turns":8},{"damage":1,"enemies":"3 Sentries","floor":12,"turns":5},{"damage":17,"enemies":"Lagavulin","floor":14,"turns":5},{"damage":30,"enemies":"Slime Boss","floor":16,"turns":8},{"damage":15,"enemies":"Shell Parasite","floor":18,"turns":7},{"damage":7,"enemies":"3 Byrds","floor":19,"turns":7},{"damage":34,"enemies":"Centurion and Healer","floor":20,"turns":8},{"damage":51,"enemies":"Gremlin Leader","floor":24,"turns":2}],"event_choices":[{"event_name":"Match and Keep!","player_choice":"0 cards matched","floor":2,"damage_taken":0},{"event_name":"Golden Wing","player_choice":"Card Removal","floor":4,"damage_taken":0},{"event_name":"Liars Game","player_choice":"agreed","floor":8,"damage_taken":0},{"event_name":"Dead Adventurer","player_choice":"Searched \u00271\u0027 times","floor":12,"damage_taken":0},{"event_name":"World of Goop","player_choice":"Gather Gold","floor":13,"damage_taken":0},{"event_name":"Drug Dealer","player_choice":"Ignored","floor":22,"damage_taken":0}],"boss_relics":[{"not_picked":["Calling Bell","Philosopher\u0027s Stone"],"picked":"Question Card"}],"potions_floor_spawned":[7,12,14,16,18,20],"seed_played":"-2927850111308115962","killed_by":"Gremlin Leader","ascension_level":7,"is_trial":false}