{"path_per_floor":["M","?","M","$","M","R","M","E","T","M","R","M","E","$","R","B",null,"M","M","?","$","?","R","?","E","T","R","?","M","R","?","R"],"character_chosen":"THE_SILENT","items_purchased":["Catalyst","Finesse"],"gold_per_floor":[116,216,236,161,178,178,194,229,229,242,242,260,287,62,62,158,158,168,182,182,57,57,57,57,91,91,91,91,108,108,108,108],"floor_reached":33,"campfire_rested":2,"playtime":2059,"current_hp_per_floor":[70,70,70,70,70,70,69,64,64,64,64,57,57,57,57,50,70,65,58,58,58,58,58,58,25,25,46,46,48,48,35,57],"items_purged":["Strike_G","Strike_G","Underhanded Strike"],"gold":108,"score":298,"play_id":"eeb31ed4-77e3-4db7-a658-9b1a302068b9","is_prod":false,"is_daily":false,"is_ascension_mode":false,"campfire_upgraded":5,"path_taken":["M","?","?","?","M","R","M","E","T","M","R","M","E","$","R","BOSS","M","M","?","$","?","R","?","E","T","R","?","M","R","?","R","BOSS"],"build_version":"2018-02-23-BETA1","purchased_purges":3,"victory":false,"master_deck":["Defend_G","Defend_G","Defend_G","Defend_G","Strike_G","Strike_G+1","Survivor","Neutralize+1","Bouncing Flask+1","Poisoned Stab+1","Prepared","Adrenaline","Flechettes+1","Terror+1","Catalyst+1","Finesse","Dagger Spray+1","Footwork+1","Writhe","Dash+1"],"max_hp_per_floor":[70,70,70,70,70,70,70,70,70,70,70,70,70,70,70,70,70,70,70,70,70,70,70,70,70,70,70,70,70,70,75,75],"relics":["Ring of the Snake","Juzu Bracelet","Ice Cream","Bag of Marbles","Sozu","Blood Vial","Whetstone","Anchor"],"card_choices":[{"not_picked":["Deadly Poison","Slice"],"picked":"Bouncing Flask"},{"not_picked":["Deflect","Acrobatics"],"picked":"Poisoned Stab"},{"not_picked":["Deflect","Underhanded Strike"],"picked":"Prepared"},{"not_picked":["Malaise","Crippling Poison"],"picked":"Adrenaline"},{"not_picked":["PiercingWail","Crippling Poison"],"picked":"Flechettes"},{"not_picked":["Deflect","Blur"],"picked":"Terror"},{"not_picked":["Quick Slash","Expertise"],"picked":"Dagger Spray"},{"not_picked":["Deadly Poison","Blade Dance"],"picked":"Footwork"},{"not_picked":["Dagger Throw","Deflect"],"picked":"Dash"}],"player_experience":6875,"potions_floor_usage":[8,13,16,19],"damage_taken":[{"damage":0,"enemies":"Jaw Worm","floor":1,"turns":5},{"damage":0,"enemies":"Cultist","floor":3,"turns":3},{"damage":0,"enemies":"Small Slimes","floor":5,"turns":3},{"damage":1,"enemies":"Red Slaver","floor":7,"turns":4},{"damage":5,"enemies":"Gremlin Nob","floor":8,"turns":4},{"damage":0,"enemies":"Gremlin Gang","floor":10,"turns":5},{"damage":7,"enemies":"Exordium Thugs","floor":12,"turns":4},{"damage":0,"enemies":"Lagavulin","floor":13,"turns":6},{"damage":7,"enemies":"Slime Boss","floor":16,"turns":11},{"damage":5,"enemies":"3 Byrds","floor":18,"turns":4},{"damage":7,"enemies":"2 Thieves","floor":19,"turns":2},{"damage":35,"enemies":"Book of Stabbing","floor":25,"turns":6},{"damage":0,"enemies":"Snake Plant","floor":29,"turns":2},{"damage":69,"enemies":"Collector","floor":33,"turns":7}],"event_choices":[{"event_name":"Golden Shrine","player_choice":"Pray","floor":2,"damage_taken":0},{"event_name":"Transmorgrifier","player_choice":"Transform","floor":20,"damage_taken":0},{"event_name":"Purifier","player_choice":"One Purge","floor":22,"damage_taken":0},{"event_name":"The Mausoleum","player_choice":"Yes","floor":24,"damage_taken":0},{"event_name":"Upgrade Shrine","player_choice":"Upgraded","floor":28,"damage_taken":0},{"event_name":"Forgotten Altar","player_choice":"Shed Blood","floor":31,"damage_taken":0}],"boss_relics":[{"not_picked":["Cursed Key","Question Card"],"picked":"Sozu"}],"potions_floor_spawned":[1,3,10,12,25],"seed_played":"-2123815014022069898","killed_by":"Collector","ascension_level":0,"is_trial":false}