{"path_per_floor":["M","?","M","$","M","R","M","E","T","?","M","M","?","$","R","B",null,"M","$","M","?","M","R","M","R","T","M","R","M","M"],"character_chosen":"THE_SILENT","items_purchased":["Pen Nib","Dagger Spray","Escape Plan"],"gold_per_floor":[119,194,209,5,20,20,39,104,129,152,169,186,186,39,39,134,134,147,47,57,57,70,70,85,85,110,123,123,141,156],"floor_reached":31,"campfire_rested":1,"playtime":4166,"current_hp_per_floor":[70,59,59,59,59,59,59,39,39,32,34,33,58,58,58,12,60,62,62,76,76,71,71,64,64,64,54,78,78,55],"items_purged":["Strike_G","Defend_G"],"gold":156,"score":301,"play_id":"4b86c05c-09e5-4c1c-9c77-ebc58d6d0734","is_prod":false,"is_daily":false,"is_ascension_mode":true,"campfire_upgraded":4,"path_taken":["M","?","M","$","M","R","M","E","T","?","M","M","?","$","R","BOSS","M","$","M","?","M","R","M","R","T","M","R","M","M","E"],"build_version":"2018-02-15-PROD1","purchased_purges":2,"victory":false,"master_deck":["Defend_G","Defend_G","Defend_G","Defend_G","Strike_G","Strike_G","Strike_G","Strike_G","Survivor+1","Neutralize+1","Bullet Time+1","Infinite Blades","Well Laid Plans","Dagger Spray+1","Predator","Escape Plan","Escape Plan","Venomology+1","After Image+1","Predator","Prepared"],"max_hp_per_floor":[70,70,70,70,70,70,70,70,70,72,74,76,76,76,76,76,76,78,78,80,80,80,80,80,80,80,80,80,82,84],"relics":["Ring of the Snake","Pen Nib","Tiny Chest","Singing Bowl","Odd Mushroom","Nloth\u0027s Gift","War Paint"],"card_choices":[{"not_picked":["Dodge and Roll","Underhanded Strike"],"picked":"Infinite Blades"},{"not_picked":["Setup","Deadly Poison"],"picked":"Well Laid Plans"},{"not_picked":["Blur","Deflect"],"picked":"Predator"},{"not_picked":["Outmaneuver","Flying Knee"],"picked":"Escape Plan"},{"not_picked":["Glass Knife","Grand Finale"],"picked":"Venomology"},{"not_picked":["Choke","Heel Hook"],"picked":"After Image"},{"not_picked":["PiercingWail","Dodge and Roll"],"picked":"Predator"},{"not_picked":["Riddle With Holes","Slice"],"picked":"Prepared"}],"player_experience":153002,"potions_floor_usage":[8,8,8,11,20,22,22,24,27,29,29,30,30,31],"damage_taken":[{"damage":0,"enemies":"Small Slimes","floor":1,"turns":3},{"damage":0,"enemies":"Jaw Worm","floor":3,"turns":4},{"damage":0,"enemies":"Cultist","floor":5,"turns":4},{"damage":0,"enemies":"2 Fungi Beasts","floor":7,"turns":4},{"damage":20,"enemies":"Lagavulin","floor":8,"turns":4},{"damage":9,"enemies":"The Mushroom Lair","floor":10,"turns":4},{"damage":0,"enemies":"Exordium Thugs","floor":11,"turns":2},{"damage":3,"enemies":"Looter","floor":12,"turns":3},{"damage":46,"enemies":"Slime Boss","floor":16,"turns":11},{"damage":0,"enemies":"3 Byrds","floor":18,"turns":6},{"damage":3,"enemies":"Shell Parasite","floor":20,"turns":8},{"damage":17,"enemies":"Cultist and Chosen","floor":22,"turns":8},{"damage":7,"enemies":"Centurion and Healer","floor":24,"turns":9},{"damage":10,"enemies":"Snake Plant","floor":27,"turns":5},{"damage":2,"enemies":"Chosen and Byrds","floor":29,"turns":5},{"damage":37,"enemies":"Sentry and Sphere","floor":30,"turns":9},{"damage":57,"enemies":"Slavers","floor":31,"turns":5}],"event_choices":[{"event_name":"World of Goop","player_choice":"Gather Gold","floor":2,"damage_taken":0},{"event_name":"Mushrooms","player_choice":"Fought Mushrooms","floor":10,"damage_taken":0},{"event_name":"Big Fish","player_choice":"Banana","floor":13,"damage_taken":0},{"event_name":"N\u0027loth","player_choice":"Traded a Eternal Feather","floor":21,"damage_taken":0}],"boss_relics":[{"not_picked":["Cursed Key","Velvet Choker"],"picked":"Eternal Feather"}],"potions_floor_spawned":[1,5,7,10,22,27],"seed_played":"-5832913545387342223","killed_by":"Slavers","ascension_level":5,"is_trial":false}