{"path_per_floor":["M","?","?","M","M","R","E","R","T","R","?","M","$","T","R","B",null,"M","?","$","M","M","R","E","R","T","?","R","E","R","E","R","B",null,"M","$","M","M","?","E","R","?","T","M","?","M","E","$","R","B"],"character_chosen":"THE_SILENT","items_purchased":["Bag of Marbles","Bag of Preparation","Bandage Up","Accuracy"],"gold_per_floor":[111,111,111,131,147,147,177,177,224,224,224,236,9,9,9,109,109,129,129,29,42,55,55,80,80,80,80,80,112,112,137,137,242,242,261,14,24,35,35,60,60,60,60,72,172,188,221,28,28,28],"floor_reached":51,"campfire_rested":4,"playtime":5097,"current_hp_per_floor":[70,75,75,69,69,69,55,55,55,55,55,55,55,55,55,20,77,40,40,40,37,20,43,45,69,69,69,69,51,75,77,77,32,85,80,80,85,89,89,91,91,91,93,95,95,97,42,42,71,38],"items_purged":["Strike_G","Defend_G","Defend_G"],"gold":28,"score":691,"play_id":"b6a751e4-7110-47d6-bcbe-7683c14d85d5","is_prod":false,"is_daily":false,"is_ascension_mode":true,"campfire_upgraded":7,"path_taken":["M","?","?","M","M","R","E","R","T","R","?","M","$","?","R","BOSS","M","?","$","M","M","R","E","R","T","?","R","E","R","E","R","BOSS","M","$","M","M","?","E","R","?","T","M","?","M","E","?","R","BOSS"],"build_version":"2018-02-15-PROD1","purchased_purges":3,"victory":true,"master_deck":["Defend_G","Strike_G+1","Survivor+1","Neutralize+1","Dagger Spray+1","Escape Plan","Dagger Throw+1","Cloak And Dagger+1","Prepared","Cloak And Dagger+1","Escape Plan+1","Neutralize+1","Adrenaline+1","Acrobatics+1","Poisoned Stab+1","Distraction+1","Bandage Up","Escape Plan+1","Jack Of All Trades","Accuracy"],"max_hp_per_floor":[70,75,75,75,75,75,75,75,75,75,75,75,75,75,75,77,77,77,77,77,77,79,79,81,81,81,81,81,83,83,85,85,85,85,87,87,89,89,89,91,91,91,93,95,95,97,99,99,99,99],"relics":["Ring of the Snake","Gremlin Horn","Art of War","Juzu Bracelet","Bag of Marbles","Singing Bowl","Runic Pyramid","Ice Cream","Torii","Prayer Wheel","Dead Branch","Astrolabe","Bag of Preparation","Toolbox","Unceasing Top","Molten Egg 2"],"card_choices":[{"not_picked":["Predator","Quick Slash"],"picked":"Dagger Spray"},{"not_picked":["Backflip","Prepared"],"picked":"Escape Plan"},{"not_picked":["Dodge and Roll","PiercingWail"],"picked":"Dagger Throw"},{"not_picked":["Endless Agony","Dodge and Roll"],"picked":"Cloak And Dagger"},{"not_picked":["Phantasmal Killer","Poisoned Stab"],"picked":"Prepared"},{"not_picked":["Sucker Punch","Crippling Poison"],"picked":"Cloak And Dagger"},{"not_picked":["Caltrops","Backflip"],"picked":"Escape Plan"},{"not_picked":["Corpse Explosion","Wraith Form"],"picked":"Adrenaline"},{"not_picked":["Backflip","Well Laid Plans"],"picked":"Escape Plan"}],"player_experience":113725,"potions_floor_usage":[16,29,35,40,40,44,47,47,47],"damage_taken":[{"damage":0,"enemies":"2 Louse","floor":1,"turns":2},{"damage":6,"enemies":"Small Slimes","floor":4,"turns":3},{"damage":0,"enemies":"Jaw Worm","floor":5,"turns":4},{"damage":14,"enemies":"Gremlin Nob","floor":7,"turns":4},{"damage":0,"enemies":"Blue Slaver","floor":12,"turns":4},{"damage":37,"enemies":"Hexaghost","floor":16,"turns":16},{"damage":37,"enemies":"Chosen","floor":18,"turns":7},{"damage":3,"enemies":"Spheric Guardian","floor":21,"turns":4},{"damage":19,"enemies":"Chosen and Byrds","floor":22,"turns":8},{"damage":0,"enemies":"Gremlin Leader","floor":24,"turns":8},{"damage":20,"enemies":"Book of Stabbing","floor":29,"turns":8},{"damage":0,"enemies":"Gremlin Leader","floor":31,"turns":7},{"damage":45,"enemies":"Champ","floor":33,"turns":16},{"damage":7,"enemies":"3 Shapes","floor":35,"turns":3},{"damage":1,"enemies":"Orb Walker","floor":37,"turns":4},{"damage":0,"enemies":"Maw","floor":38,"turns":6},{"damage":1,"enemies":"Nemesis","floor":40,"turns":5},{"damage":0,"enemies":"3 Darklings","floor":44,"turns":3},{"damage":0,"enemies":"4 Shapes","floor":46,"turns":2},{"damage":67,"enemies":"Giant Head","floor":47,"turns":10},{"damage":37,"enemies":"Donu and Deca","floor":50,"turns":7}],"event_choices":[{"event_name":"Big Fish","player_choice":"Donut","floor":2,"damage_taken":0},{"event_name":"Liars Game","player_choice":"disagreed","floor":3,"damage_taken":0},{"event_name":"Dead Adventurer","player_choice":"Searched \u00271\u0027 times","floor":11,"damage_taken":0},{"event_name":"Bonfire Elementals","player_choice":"BASIC","floor":19,"damage_taken":0},{"event_name":"Match and Keep!","player_choice":"1 cards matched","floor":27,"damage_taken":0},{"event_name":"Match and Keep!","player_choice":"1 cards matched","floor":42,"damage_taken":0},{"event_name":"Golden Shrine","player_choice":"Pray","floor":45,"damage_taken":0}],"boss_relics":[{"not_picked":["Runic Dome","Question Card"],"picked":"Runic Pyramid"},{"not_picked":["Velvet Choker","Cursed Key"],"picked":"Astrolabe"}],"potions_floor_spawned":[4,22,31,33,37,40,44,46,47],"seed_played":"-5542415168972100819","ascension_level":1,"is_trial":false}