{"path_per_floor":["M","?","?","$","?","R","?","T","T","$","R","?","M","E","R","B",null,"M","?","$","?","M","R","M","E","T","R","$","M","?","E","R","B",null,"M","$","M","$","M","R","M","?","T","R","E","?","R","$","R","B"],"character_chosen":"THE_SILENT","items_purchased":["Accuracy","Cloak And Dagger","Accuracy"],"gold_per_floor":[110,110,185,110,110,110,110,137,137,37,37,37,54,85,85,182,182,198,198,80,80,97,97,111,138,138,138,13,30,130,158,158,258,258,270,47,60,60,73,73,83,83,83,83,109,109,109,109,109,109],"floor_reached":51,"campfire_rested":6,"playtime":3879,"current_hp_per_floor":[70,63,52,52,57,57,57,57,57,57,57,57,57,59,84,45,85,70,54,54,54,54,81,65,33,33,60,60,52,52,2,29,6,90,89,89,81,81,62,62,50,55,55,82,52,52,52,52,79,15],"items_purged":["Defend_G","Strike_G","Defend_G","Defend_G"],"gold":109,"score":632,"play_id":"febf0b34-0ca3-44ea-99e4-083919af8f1c","is_prod":false,"is_daily":false,"is_ascension_mode":true,"campfire_upgraded":4,"path_taken":["M","?","?","$","?","R","?","?","T","$","R","?","M","E","R","BOSS","M","?","?","?","M","R","M","E","T","R","?","M","?","E","R","BOSS","M","$","M","$","M","R","M","?","T","R","E","?","R","$","R","BOSS"],"build_version":"2018-02-15-PROD1","purchased_purges":4,"victory":true,"master_deck":["Strike_G","Survivor","Neutralize+1","Cloak And Dagger+1","Doppelganger","Dagger Spray","Backflip","Night Terror+1","Bullet Time+1","Envenom+1","Accuracy","Cloak And Dagger","Escape Plan","Dagger Spray","Cloak And Dagger","Well Laid Plans","After Image+1","Accuracy+1","Cloak And Dagger+1"],"max_hp_per_floor":[70,70,70,70,75,75,75,75,75,75,75,75,75,85,85,85,85,85,90,90,90,90,90,90,90,90,90,90,90,90,90,90,90,90,90,90,90,90,90,90,90,90,90,90,90,90,90,90,90,90],"relics":["Ring of the Snake","Juzu Bracelet","Oddly Smooth Stone","Lantern","Pear","Astrolabe","Shuriken","Bird Faced Urn","Gremlin Horn","White Beast Statue","Shovel","Bottled Tornado"],"card_choices":[{"not_picked":["Footwork","Skewer"],"picked":"Cloak And Dagger"},{"not_picked":["Sucker Punch","Expertise"],"picked":"Dagger Spray"},{"not_picked":["A Thousand Cuts","Dodge and Roll"],"picked":"Backflip"},{"not_picked":["Quick Slash","Outmaneuver"],"picked":"Cloak And Dagger"},{"not_picked":["Flying Knee","Underhanded Strike"],"picked":"Escape Plan"},{"not_picked":["Poisoned Stab","Bane"],"picked":"Dagger Spray"},{"not_picked":["Underhanded Strike","Leg Sweep"],"picked":"Cloak And Dagger"},{"not_picked":["Predator","Cloak And Dagger"],"picked":"Well Laid Plans"},{"not_picked":["Doppelganger","Phantasmal Killer"],"picked":"After Image"},{"not_picked":["PiercingWail","Flying Knee"],"picked":"Cloak And Dagger"}],"player_experience":88329,"potions_floor_usage":[14,16,24,25,25,31,33,37,39,45,45,50],"damage_taken":[{"damage":0,"enemies":"2 Louse","floor":1,"turns":3},{"damage":0,"enemies":"Jaw Worm","floor":13,"turns":3},{"damage":8,"enemies":"Lagavulin","floor":14,"turns":7},{"damage":39,"enemies":"The Guardian","floor":16,"turns":23},{"damage":15,"enemies":"Spheric Guardian","floor":18,"turns":6},{"damage":0,"enemies":"3 Byrds","floor":22,"turns":4},{"damage":16,"enemies":"Sentry and Sphere","floor":24,"turns":6},{"damage":47,"enemies":"Gremlin Leader","floor":25,"turns":6},{"damage":18,"enemies":"Cultist and Chosen","floor":29,"turns":6},{"damage":54,"enemies":"Slavers","floor":31,"turns":5},{"damage":29,"enemies":"Collector","floor":33,"turns":9},{"damage":1,"enemies":"Orb Walker","floor":35,"turns":3},{"damage":9,"enemies":"3 Darklings","floor":37,"turns":4},{"damage":29,"enemies":"4 Shapes","floor":39,"turns":5},{"damage":20,"enemies":"Sphere and 2 Shapes","floor":41,"turns":4},{"damage":49,"enemies":"2 Orb Walkers","floor":45,"turns":6},{"damage":70,"enemies":"Awakened One","floor":50,"turns":13}],"event_choices":[{"event_name":"Golden Wing","player_choice":"Card Removal","floor":2,"damage_taken":0},{"event_name":"World of Goop","player_choice":"Gather Gold","floor":3,"damage_taken":0},{"event_name":"Big Fish","player_choice":"Donut","floor":5,"damage_taken":0},{"event_name":"The Lab","player_choice":"Got Potions","floor":7,"damage_taken":0},{"event_name":"Transmorgrifier","player_choice":"Transform","floor":12,"damage_taken":0},{"event_name":"Forgotten Altar","player_choice":"Shed Blood","floor":19,"damage_taken":0},{"event_name":"Addict","player_choice":"Ignored","floor":21,"damage_taken":0},{"event_name":"Golden Shrine","player_choice":"Pray","floor":30,"damage_taken":0},{"event_name":"Bonfire Elementals","player_choice":"COMMON","floor":42,"damage_taken":0},{"event_name":"Mysterious Sphere","player_choice":"Ignore","floor":46,"damage_taken":0}],"boss_relics":[{"not_picked":["Sozu","Philosopher\u0027s Stone"],"picked":"Astrolabe"},{"not_picked":["Snecko Eye","Orrery"],"picked":"White Beast Statue"}],"potions_floor_spawned":[1,14,16,22,29,31,35,37,39,41,45],"seed_played":"-7127773385182121570","ascension_level":3,"is_trial":false}