{"path_per_floor":["M","?","M","M","?","R","M","R","T","E","$","R","M","M","R","B",null,"M","M","M","$","?","R"],"character_chosen":"THE_SILENT","items_purchased":["Footwork","Blur"],"gold_per_floor":[114,114,127,139,89,89,106,106,156,185,71,71,87,99,99,202,202,213,228,239,68,68,68],"floor_reached":24,"campfire_rested":2,"playtime":2141,"current_hp_per_floor":[63,63,52,45,45,66,66,66,66,47,47,68,68,68,68,52,66,63,55,48,48,48,48],"items_purged":["Strike_G","Defend_G"],"gold":68,"score":257,"play_id":"d6700b49-3285-49ce-a323-41455f5b94f8","is_prod":false,"is_daily":false,"is_ascension_mode":true,"campfire_upgraded":3,"path_taken":["M","?","M","M","?","R","M","R","T","E","$","R","M","M","R","BOSS","M","M","M","$","?","R","E"],"build_version":"2018-02-15-PROD1","purchased_purges":2,"victory":false,"master_deck":["Defend_G","Defend_G","Defend_G","Strike_G","Strike_G","Strike_G","Survivor","Neutralize+1","Dagger Spray","Quick Slash","Adrenaline","Dagger Spray","Skewer+1","Footwork+1","Endless Agony","Flying Knee","Adrenaline","Footwork+1","Blur"],"max_hp_per_floor":[70,70,70,70,70,70,70,70,70,70,70,70,70,70,70,70,70,70,70,70,70,70,70],"relics":["Ring of the Snake","Orichalcum","Happy Flower","Sozu"],"card_choices":[{"not_picked":["Blur","Poisoned Stab"],"picked":"Dagger Spray"},{"not_picked":["Slice","Masterful Stab"],"picked":"Quick Slash"},{"not_picked":["Deadly Poison","Caltrops"],"picked":"Adrenaline"},{"not_picked":["Sucker Punch","Crippling Poison"],"picked":"Dagger Spray"},{"not_picked":["Concentrate","Bane"],"picked":"Skewer"},{"not_picked":["Backflip","Flying Knee"],"picked":"Endless Agony"},{"not_picked":["Outmaneuver","Accuracy"],"picked":"Flying Knee"},{"not_picked":["Tactician","Wraith Form"],"picked":"Adrenaline"},{"not_picked":["Flying Knee","Backflip"],"picked":"Footwork"}],"player_experience":178673,"potions_floor_usage":[10,10],"damage_taken":[{"damage":0,"enemies":"Cultist","floor":1,"turns":3},{"damage":11,"enemies":"Jaw Worm","floor":3,"turns":5},{"damage":7,"enemies":"Small Slimes","floor":4,"turns":4},{"damage":0,"enemies":"3 Louse","floor":7,"turns":3},{"damage":19,"enemies":"Lagavulin","floor":10,"turns":6},{"damage":0,"enemies":"Blue Slaver","floor":13,"turns":4},{"damage":0,"enemies":"Red Slaver","floor":14,"turns":3},{"damage":16,"enemies":"The Guardian","floor":16,"turns":14},{"damage":3,"enemies":"Chosen","floor":18,"turns":6},{"damage":8,"enemies":"Shell Parasite","floor":19,"turns":6},{"damage":7,"enemies":"Centurion and Healer","floor":20,"turns":6},{"damage":50,"enemies":"Gremlin Leader","floor":24,"turns":7}],"event_choices":[{"event_name":"Living Wall","player_choice":"Change","floor":2,"damage_taken":0},{"event_name":"The Cleric","player_choice":"Card Removal","floor":5,"damage_taken":0},{"event_name":"Cursed Tome","player_choice":"Ignored","floor":22,"damage_taken":0}],"boss_relics":[{"not_picked":["Orrery","Tiny House"],"picked":"Sozu"}],"potions_floor_spawned":[3,4,14,19],"seed_played":"-6856655640863093217","killed_by":"Gremlin Leader","ascension_level":6,"is_trial":false}