{"path_per_floor":["M","M","?","M","?","E","R","E","T","R","M","?","M","M","R","B",null,"M","M","?","M","$","R"],"character_chosen":"THE_SILENT","items_purchased":["Bottled Flame","Prepared"],"gold_per_floor":[115,127,127,142,142,167,167,201,201,201,218,218,229,246,246,351,351,366,349,349,360,17,17],"floor_reached":24,"campfire_rested":3,"playtime":2463,"current_hp_per_floor":[70,70,70,70,70,53,76,55,55,55,49,37,37,37,60,4,59,30,21,7,1,1,25],"items_purged":["Defend_G"],"gold":17,"score":260,"play_id":"796e71c1-0e02-40d3-8110-783d07d3fa49","is_prod":false,"is_daily":false,"is_ascension_mode":true,"campfire_upgraded":1,"path_taken":["M","M","?","M","?","E","R","E","T","R","M","?","M","?","R","BOSS","M","M","?","M","$","R","E"],"build_version":"2018-02-15-PROD1","purchased_purges":1,"victory":false,"master_deck":["Defend_G","Defend_G","Defend_G","Defend_G","Strike_G","Strike_G","Strike_G","Strike_G","Strike_G","Survivor","Neutralize","Backflip","Cloak And Dagger","Storm of Steel+1","Flechettes","Burst","Neutralize","Deflect","Dagger Throw","Calculated Gamble","Finisher","Infinite Blades","Backstab+1","Deflect+1","Prepared"],"max_hp_per_floor":[70,70,70,70,70,77,77,77,77,77,77,77,77,77,77,77,77,77,77,82,82,82,82],"relics":["Ring of the Snake","Vajra","Strawberry","Snake Skull","Bird Faced Urn","Thread and Needle","Lizard Tail","Bottled Flame"],"card_choices":[{"not_picked":["PiercingWail","Acrobatics"],"picked":"Backflip"},{"not_picked":["Prepared","Flying Knee"],"picked":"Cloak And Dagger"},{"not_picked":["Riddle With Holes","Flying Knee"],"picked":"Storm of Steel"},{"not_picked":["Grand Finale","Quick Slash"],"picked":"Deflect"},{"not_picked":["Distraction","Slice"],"picked":"Dagger Throw"},{"not_picked":["All Out Attack","Dagger Throw"],"picked":"Calculated Gamble"},{"not_picked":["Dodge and Roll","Dagger Throw"],"picked":"Finisher"},{"not_picked":["Dagger Throw","Backflip"],"picked":"Infinite Blades"},{"not_picked":["Noxious Fumes","Deflect"],"picked":"Backstab"},{"not_picked":["Bouncing Flask","Poisoned Stab"],"picked":"Deflect"}],"player_experience":157168,"potions_floor_usage":[6,8,11,16,18,21],"damage_taken":[{"damage":0,"enemies":"Jaw Worm","floor":1,"turns":5},{"damage":0,"enemies":"Small Slimes","floor":2,"turns":5},{"damage":0,"enemies":"2 Louse","floor":4,"turns":2},{"damage":24,"enemies":"Lagavulin","floor":6,"turns":8},{"damage":21,"enemies":"Gremlin Nob","floor":8,"turns":5},{"damage":6,"enemies":"Lots of Slimes","floor":11,"turns":3},{"damage":0,"enemies":"Looter","floor":13,"turns":2},{"damage":0,"enemies":"Blue Slaver","floor":14,"turns":3},{"damage":56,"enemies":"The Guardian","floor":16,"turns":19},{"damage":29,"enemies":"Spheric Guardian","floor":18,"turns":6},{"damage":11,"enemies":"2 Thieves","floor":19,"turns":4},{"damage":55,"enemies":"Chosen and Byrds","floor":21,"turns":9},{"damage":28,"enemies":"Gremlin Leader","floor":24,"turns":12}],"event_choices":[{"event_name":"Liars Game","player_choice":"disagreed","floor":3,"damage_taken":0},{"event_name":"Match and Keep!","player_choice":"3 cards matched","floor":5,"damage_taken":0},{"event_name":"Scrap Ooze","player_choice":"success","floor":12,"damage_taken":12},{"event_name":"Forgotten Altar","player_choice":"Shed Blood","floor":20,"damage_taken":0}],"boss_relics":[{"not_picked":["Velvet Choker","Astrolabe"],"picked":"Lizard Tail"}],"potions_floor_spawned":[4,6,8,14,16,18],"seed_played":"4392196576254875800","killed_by":"Gremlin Leader","ascension_level":5,"is_trial":false}