{"path_per_floor":["M","M","M","M","?","E","R","?","T","M","$","M","E","?","R","B",null,"M","?","M","$","?","R","M","E","T","R","M","R","M","M","R","B",null,"M","M","$","M","M","R","E","R","T","?","E","R","M","$","R","B"],"character_chosen":"THE_SILENT","items_purchased":["Happy Flower","Tough Bandages"],"gold_per_floor":[114,127,145,164,164,195,195,221,245,257,37,56,88,38,38,143,143,123,123,141,41,41,41,52,81,104,104,119,119,131,151,151,254,254,273,286,43,60,74,74,103,103,103,103,133,133,143,18,18,18],"floor_reached":51,"campfire_rested":2,"playtime":18219,"current_hp_per_floor":[68,68,63,63,63,47,47,44,51,50,50,48,39,39,39,44,77,66,66,61,61,61,61,51,45,45,45,36,74,74,54,77,22,77,72,69,69,69,69,69,69,69,69,83,83,83,83,83,83,38],"items_purged":["Strike_G","Defend_G","Writhe"],"gold":18,"score":664,"play_id":"5456228e-937f-43c8-a54a-97a596f5b1a3","is_prod":false,"is_daily":false,"is_ascension_mode":false,"campfire_upgraded":8,"path_taken":["M","M","M","M","?","E","R","?","T","M","$","?","E","?","R","BOSS","M","?","M","$","?","R","M","E","T","R","M","R","M","M","R","BOSS","M","M","$","M","M","R","E","R","T","?","E","R","M","$","R","BOSS"],"build_version":"2018-02-23-BETA1","purchased_purges":3,"victory":true,"master_deck":["Defend_G","Defend_G","Defend_G","Defend_G","Strike_G","Strike_G","Strike_G","Survivor+1","Neutralize+1","Bouncing Flask+1","Acrobatics+1","Escape Plan","Catalyst+1","Dash","Calculated Gamble+1","Noxious Fumes+1","Backflip+1","Backstab","Escape Plan+1","Escape Plan","Calculated Gamble+1","Footwork+1","Noxious Fumes+1"],"max_hp_per_floor":[70,70,70,70,70,70,70,70,77,77,77,77,77,77,77,77,77,77,77,77,77,77,77,77,77,77,77,77,77,77,77,77,77,77,77,77,77,77,77,77,77,77,77,83,83,83,83,83,83,83],"relics":["Black Star","Pantograph","Frozen Egg 2","Odd Mushroom","Strawberry","Happy Flower","Bronze Scales","Ancient Tea Set","Orrery","Mercury Hourglass","Mummified Hand","Regal Pillow","Sozu","Tough Bandages","Darkstone Periapt","Bottled Lightning","Unceasing Top","Bottled Tornado","Ornamental Fan"],"card_choices":[{"not_picked":["Masterful Stab","Slice"],"picked":"Bouncing Flask"},{"not_picked":["Endless Agony","Dodge and Roll"],"picked":"Acrobatics"},{"not_picked":["Leg Sweep","Blade Dance"],"picked":"Escape Plan"},{"not_picked":["PiercingWail","Deflect"],"picked":"Catalyst"},{"not_picked":["Prepared","Infinite Blades"],"picked":"Dash"},{"not_picked":["Malaise","Expertise"],"picked":"Calculated Gamble"},{"not_picked":["Backstab","Leg Sweep"],"picked":"Noxious Fumes"},{"not_picked":["Bane","Prepared"],"picked":"Backflip"},{"not_picked":["Terror","Acrobatics"],"picked":"Backstab"},{"not_picked":["Caltrops","Flechettes"],"picked":"Escape Plan"},{"not_picked":["Flying Knee","Deflect"],"picked":"Escape Plan"},{"not_picked":["Slice","Dagger Throw"],"picked":"Footwork"},{"not_picked":["Dagger Throw","Skewer"],"picked":"Noxious Fumes"}],"player_experience":8934,"potions_floor_usage":[3,4,6,8,13,13,20,25,30],"damage_taken":[{"damage":2,"enemies":"Jaw Worm","floor":1,"turns":5},{"damage":0,"enemies":"Cultist","floor":2,"turns":4},{"damage":5,"enemies":"Small Slimes","floor":3,"turns":4},{"damage":0,"enemies":"Looter","floor":4,"turns":4},{"damage":16,"enemies":"Gremlin Nob","floor":6,"turns":4},{"damage":3,"enemies":"The Mushroom Lair","floor":8,"turns":3},{"damage":1,"enemies":"Red Slaver","floor":10,"turns":6},{"damage":2,"enemies":"Blue Slaver","floor":12,"turns":5},{"damage":9,"enemies":"3 Sentries","floor":13,"turns":8},{"damage":20,"enemies":"Hexaghost","floor":16,"turns":6},{"damage":11,"enemies":"2 Thieves","floor":18,"turns":4},{"damage":5,"enemies":"Spheric Guardian","floor":20,"turns":3},{"damage":10,"enemies":"Snecko","floor":24,"turns":4},{"damage":6,"enemies":"Book of Stabbing","floor":25,"turns":5},{"damage":9,"enemies":"Cultist and Chosen","floor":28,"turns":4},{"damage":0,"enemies":"Snake Plant","floor":30,"turns":3},{"damage":20,"enemies":"Slaver and Parasite","floor":31,"turns":5},{"damage":55,"enemies":"Collector","floor":33,"turns":6},{"damage":5,"enemies":"Orb Walker","floor":35,"turns":3},{"damage":3,"enemies":"3 Shapes","floor":36,"turns":4},{"damage":0,"enemies":"Flame Bruiser 2 Orb","floor":38,"turns":5},{"damage":0,"enemies":"4 Shapes","floor":39,"turns":4},{"damage":0,"enemies":"Nemesis","floor":41,"turns":5},{"damage":0,"enemies":"Giant Head","floor":45,"turns":7},{"damage":0,"enemies":"Maw","floor":47,"turns":5},{"damage":45,"enemies":"Donu and Deca","floor":50,"turns":9}],"event_choices":[{"event_name":"The Lab","player_choice":"Got Potions","floor":5,"damage_taken":0},{"event_name":"Mushrooms","player_choice":"Fought Mushrooms","floor":8,"damage_taken":0},{"event_name":"The Cleric","player_choice":"Card Removal","floor":14,"damage_taken":0},{"event_name":"Drug Dealer","player_choice":"Ignored","floor":19,"damage_taken":0},{"event_name":"The Library","player_choice":"Read","floor":22,"damage_taken":0},{"event_name":"Winding Halls","player_choice":"Writhe","floor":44,"damage_taken":0}],"boss_relics":[{"not_picked":["Runic Dome","Cursed Key"],"picked":"Orrery"},{"not_picked":["Velvet Choker","Snecko Eye"],"picked":"Sozu"}],"potions_floor_spawned":[1,2,8,12,24,25,36,38,45],"seed_played":"-8361440097781344191","ascension_level":0,"is_trial":false}