{"path_per_floor":["M","?","M","?","M","M","?","R","T","M","R","E","M","M","R","B",null,"M","M","M","T","M","R","E","R","T","E","M","M","R","?","R"],"character_chosen":"THE_SILENT","items_purchased":[],"gold_per_floor":[99,99,99,99,99,99,99,99,99,99,99,99,99,99,99,99,99,24,24,24,24,24,24,24,24,24,24,24,24,24,24,24],"floor_reached":33,"campfire_rested":4,"playtime":2569,"current_hp_per_floor":[70,56,56,49,49,47,47,68,68,59,59,45,45,43,64,36,70,70,70,69,69,59,59,20,41,41,39,39,36,36,36,57],"items_purged":[],"gold":24,"score":306,"play_id":"a698d770-6618-4c26-8667-3453b0c09bc2","local_time":"20180301235927","is_prod":false,"is_daily":false,"is_ascension_mode":true,"campfire_upgraded":3,"timestamp":1519977567,"path_taken":["M","?","M","?","M","M","?","R","T","?","R","E","M","M","R","BOSS","M","?","M","?","M","R","E","R","T","E","M","M","R","?","R","BOSS"],"build_version":"2018-03-01-BETA2","purchased_purges":0,"victory":false,"master_deck":["Defend_G","Defend_G","Defend_G","Defend_G","Defend_G+1","Strike_G","Strike_G","Strike_G","Strike_G","Survivor","Neutralize+1","Heel Hook","Calculated Gamble","Sucker Punch+1","Footwork+1","Glass Knife+1","Backflip","Bullet Time","Parasite","Malaise","Sucker Punch+1","Cloak And Dagger+1","Prepared+1"],"max_hp_per_floor":[70,70,70,70,70,70,70,70,70,70,70,70,70,70,70,70,70,70,70,70,70,70,70,70,70,70,70,70,70,70,70,70],"relics":["Ectoplasm","Gambling Chip","Omamori","Calling Bell","Thread and Needle","Orichalcum","Old Coin","Torii","Smiling Mask","Bag of Marbles","Happy Flower"],"card_choices":[{"not_picked":["Sucker Punch","Blur"],"picked":"Heel Hook"},{"not_picked":["Sucker Punch","Deadly Poison"],"picked":"Calculated Gamble"},{"not_picked":["Deadly Poison","Acrobatics"],"picked":"Sucker Punch"},{"not_picked":["Dodge and Roll","Blur"],"picked":"Footwork"},{"not_picked":["Accuracy","Sucker Punch"],"picked":"Glass Knife"},{"not_picked":["Flying Knee","Dagger Throw"],"picked":"Backflip"},{"not_picked":["Wraith Form","Glass Knife"],"picked":"Bullet Time"},{"not_picked":["Cloak And Dagger","Quick Slash"],"picked":"Malaise"},{"not_picked":["Bouncing Flask","Accuracy"],"picked":"Sucker Punch"},{"not_picked":["Backstab","Deflect"],"picked":"Cloak And Dagger"},{"not_picked":["Dagger Spray","Wraith Form"],"picked":"Prepared"}],"player_experience":41850,"potions_floor_usage":[6,12,16,16,19,19,20,29,29],"damage_taken":[{"damage":0,"enemies":"Small Slimes","floor":1,"turns":4},{"damage":0,"enemies":"2 Louse","floor":3,"turns":3},{"damage":0,"enemies":"Cultist","floor":5,"turns":3},{"damage":2,"enemies":"Large Slime","floor":6,"turns":7},{"damage":9,"enemies":"Gremlin Gang","floor":10,"turns":6},{"damage":14,"enemies":"3 Sentries","floor":12,"turns":8},{"damage":0,"enemies":"Exordium Thugs","floor":13,"turns":7},{"damage":2,"enemies":"Blue Slaver","floor":14,"turns":3},{"damage":28,"enemies":"Hexaghost","floor":16,"turns":14},{"damage":0,"enemies":"2 Thieves","floor":18,"turns":5},{"damage":0,"enemies":"Spheric Guardian","floor":19,"turns":5},{"damage":1,"enemies":"Snecko","floor":20,"turns":7},{"damage":10,"enemies":"Sentry and Sphere","floor":22,"turns":9},{"damage":39,"enemies":"Slavers","floor":24,"turns":13},{"damage":2,"enemies":"Book of Stabbing","floor":27,"turns":9},{"damage":0,"enemies":"3 Cultists","floor":28,"turns":6},{"damage":15,"enemies":"Chosen and Byrds","floor":29,"turns":8},{"damage":62,"enemies":"Champ","floor":33,"turns":21}],"event_choices":[{"event_name":"Shining Light","player_choice":"Entered Light","floor":2,"damage_taken":0},{"event_name":"Golden Wing","player_choice":"Card Removal","floor":4,"damage_taken":0},{"event_name":"The Lab","player_choice":"Got Potions","floor":7,"damage_taken":0},{"event_name":"Beggar","player_choice":"Ignored","floor":31,"damage_taken":0}],"boss_relics":[{"not_picked":["Orrery","Astrolabe"],"picked":"Calling Bell"}],"potions_floor_spawned":[1,6,12,16,18,24,27,28],"seed_played":"4699428859134515217","killed_by":"Champ","ascension_level":1,"is_trial":false}