{"path_per_floor":["M","M","$","M","?","E","R","M","T","M","R","M","E","$","R","B",null,"M","M","?","M","M","R","E","$","T","R","?","M","M","$","R","B",null,"M","?","?","?","M","R","$","R","T","M","R","T","?","M","R","B"],"character_chosen":"THE_SILENT","items_purchased":["Footwork","Bag of Preparation","Bandage Up"],"gold_per_floor":[112,129,20,33,33,66,66,84,136,154,154,170,195,95,95,196,196,210,226,226,246,264,264,289,15,38,38,38,51,69,69,69,170,170,180,180,180,280,293,293,38,38,107,122,122,122,122,141,141,141],"floor_reached":51,"campfire_rested":3,"playtime":3310,"current_hp_per_floor":[63,63,63,63,68,65,65,65,65,65,65,65,65,65,65,51,69,69,63,49,37,20,44,36,36,36,60,60,59,59,59,59,16,64,41,41,61,61,61,61,61,61,61,52,52,52,52,56,80,72],"items_purged":["Bane","Noxious Fumes","Slice","Writhe"],"gold":141,"score":703,"play_id":"4c0866de-423d-4def-a522-6ee7984d6cda","is_prod":false,"is_daily":false,"is_ascension_mode":true,"campfire_upgraded":7,"path_taken":["M","M","$","?","?","E","R","?","T","M","R","M","E","$","R","BOSS","M","M","?","?","M","R","E","$","T","R","?","?","M","?","R","BOSS","M","?","?","?","?","R","$","R","T","M","R","?","?","M","R","BOSS"],"build_version":"2018-02-22-PROD2","purchased_purges":5,"victory":true,"master_deck":["Survivor","Neutralize+1","Flying Knee","Backflip","Dash+1","Dash+1","Deflect","Quick Slash","Prepared+1","Footwork+1","Calculated Gamble+1","Skewer+1","Dagger Throw","Caltrops+1","Terror+1","Die Die Die","Bandage Up"],"max_hp_per_floor":[70,70,70,70,75,75,75,75,75,75,75,75,75,75,75,75,75,75,75,80,80,80,80,80,80,80,80,80,80,80,80,80,80,80,80,80,80,80,80,80,80,80,80,80,80,80,80,80,80,80],"relics":["Pandora\u0027s Box","Happy Flower","Bag of Marbles","Mercury Hourglass","Black Star","Bronze Scales","Snake Skull","Bag of Preparation","Lantern","Sozu","Mummified Hand","Kunai"],"card_choices":[{"not_picked":["Predator","Crippling Poison"],"picked":"Quick Slash"},{"not_picked":["Deadly Poison","Masterful Stab"],"picked":"Prepared"},{"not_picked":["Dagger Spray","Well Laid Plans"],"picked":"Calculated Gamble"},{"not_picked":["Leg Sweep","Reflex"],"picked":"Skewer"},{"not_picked":["Dagger Spray","Quick Slash"],"picked":"Dagger Throw"},{"not_picked":["PiercingWail","Dagger Spray"],"picked":"Caltrops"},{"not_picked":["Riddle With Holes","Deflect"],"picked":"Terror"},{"not_picked":["After Image","Glass Knife"],"picked":"Die Die Die"}],"player_experience":259113,"potions_floor_usage":[16,16,18,33,33],"damage_taken":[{"damage":0,"enemies":"Cultist","floor":1,"turns":3},{"damage":0,"enemies":"2 Louse","floor":2,"turns":2},{"damage":0,"enemies":"Jaw Worm","floor":4,"turns":3},{"damage":3,"enemies":"Lagavulin","floor":6,"turns":7},{"damage":0,"enemies":"2 Fungi Beasts","floor":8,"turns":3},{"damage":0,"enemies":"Lots of Slimes","floor":10,"turns":1},{"damage":0,"enemies":"Blue Slaver","floor":12,"turns":2},{"damage":0,"enemies":"3 Sentries","floor":13,"turns":5},{"damage":14,"enemies":"Hexaghost","floor":16,"turns":7},{"damage":0,"enemies":"Chosen","floor":18,"turns":4},{"damage":6,"enemies":"Shell Parasite","floor":19,"turns":5},{"damage":12,"enemies":"Snake Plant","floor":21,"turns":4},{"damage":17,"enemies":"Sentry and Sphere","floor":22,"turns":4},{"damage":8,"enemies":"Book of Stabbing","floor":24,"turns":5},{"damage":1,"enemies":"Centurion and Healer","floor":29,"turns":4},{"damage":0,"enemies":"Snecko","floor":30,"turns":4},{"damage":43,"enemies":"Automaton","floor":33,"turns":9},{"damage":23,"enemies":"3 Shapes","floor":35,"turns":3},{"damage":0,"enemies":"Orb Walker","floor":39,"turns":2},{"damage":13,"enemies":"Sphere and 2 Shapes","floor":44,"turns":4},{"damage":0,"enemies":"4 Shapes","floor":48,"turns":3},{"damage":12,"enemies":"Time Eater","floor":50,"turns":11}],"event_choices":[{"event_name":"Big Fish","player_choice":"Donut","floor":5,"damage_taken":0},{"event_name":"Forgotten Altar","player_choice":"Shed Blood","floor":20,"damage_taken":0},{"event_name":"Back to Basics","player_choice":"Elegance","floor":28,"damage_taken":0},{"event_name":"Accursed Blacksmith","player_choice":"Forge","floor":36,"damage_taken":0},{"event_name":"Winding Halls","player_choice":"Writhe","floor":37,"damage_taken":0},{"event_name":"Golden Shrine","player_choice":"Pray","floor":38,"damage_taken":0},{"event_name":"Purifier","player_choice":"One Purge","floor":47,"damage_taken":0}],"boss_relics":[{"not_picked":["The Specimen","Question Card"],"picked":"Black Star"},{"not_picked":["Eternal Feather","Runic Dome"],"picked":"Sozu"}],"potions_floor_spawned":[2,6,10,12,19,22,29,30,44,48],"seed_played":"3957080465663199732","ascension_level":7,"is_trial":false}