{"path_per_floor":["M","?","M","M","M","R","$","R","T","E","?","?","R","E","R","B",null,"M","M","$","?","T","E","R","E","T","R","M","M","?","?","R"],"character_chosen":"THE_SILENT","items_purchased":["Prepared","Trip"],"gold_per_floor":[118,118,128,147,158,158,37,37,63,89,89,89,89,115,115,214,214,227,246,46,46,46,78,78,111,111,111,128,138,138,0,0],"floor_reached":33,"campfire_rested":2,"playtime":1957,"current_hp_per_floor":[70,58,58,58,53,53,53,53,60,60,60,60,60,60,60,77,77,77,75,75,61,61,51,51,19,19,43,23,15,15,15,39],"items_purged":["Defend_G","Strike_G"],"gold":0,"score":411,"play_id":"9fd10384-101e-48c8-9beb-8643320b7a1d","local_time":"20180228212814","is_prod":false,"is_daily":false,"is_ascension_mode":true,"campfire_upgraded":4,"timestamp":1519882094,"path_taken":["M","?","?","M","M","R","?","R","T","E","?","?","R","E","R","BOSS","M","M","$","?","?","E","R","E","T","R","M","M","?","?","R","BOSS"],"build_version":"2018-02-28-BETA2","purchased_purges":2,"victory":false,"master_deck":["Defend_G","Defend_G","Defend_G","Defend_G","Strike_G","Strike_G","Strike_G","Survivor","Neutralize+1","Footwork+1","Finisher+1","Backflip","Prepared","Calculated Gamble+1","Reflex","Calculated Gamble","Trip","Dagger Throw","Escape Plan","Prepared+1","Tactician+1","Injury"],"max_hp_per_floor":[70,70,70,70,70,70,70,70,77,77,77,77,77,77,77,77,77,77,77,77,82,82,82,82,82,82,82,82,82,82,82,82],"relics":["Runic Dome","Tingsha","Strawberry","Prayer Wheel","Pantograph","Lizard Tail","Peace Pipe","Juzu Bracelet","Lantern","Bird Faced Urn"],"card_choices":[{"not_picked":["Reflex","Dodge and Roll"],"picked":"Footwork"},{"not_picked":["Acrobatics","Deadly Poison"],"picked":"Finisher"},{"not_picked":["Sucker Punch","PiercingWail"],"picked":"Backflip"},{"not_picked":["Quick Slash","Noxious Fumes"],"picked":"Calculated Gamble"},{"not_picked":["Bane","Dagger Spray"],"picked":"Reflex"},{"not_picked":["Poisoned Stab","Quick Slash"],"picked":"Calculated Gamble"},{"not_picked":["Poisoned Stab","Prepared"],"picked":"Dagger Throw"},{"not_picked":["Bane","All Out Attack"],"picked":"Escape Plan"},{"not_picked":["Deadly Poison","Sucker Punch"],"picked":"Prepared"},{"not_picked":["Masterful Stab","Sucker Punch"],"picked":"Tactician"}],"player_experience":39893,"potions_floor_usage":[23,25,25],"damage_taken":[{"damage":0,"enemies":"Small Slimes","floor":1,"turns":4},{"damage":0,"enemies":"Cultist","floor":3,"turns":4},{"damage":0,"enemies":"2 Louse","floor":4,"turns":3},{"damage":5,"enemies":"Looter","floor":5,"turns":4},{"damage":0,"enemies":"Lagavulin","floor":10,"turns":10},{"damage":0,"enemies":"3 Sentries","floor":14,"turns":8},{"damage":0,"enemies":"The Guardian","floor":16,"turns":12},{"damage":0,"enemies":"3 Byrds","floor":18,"turns":5},{"damage":2,"enemies":"Shell Parasite","floor":19,"turns":5},{"damage":10,"enemies":"Book of Stabbing","floor":23,"turns":7},{"damage":47,"enemies":"Slavers","floor":25,"turns":9},{"damage":22,"enemies":"Snake Plant","floor":28,"turns":5},{"damage":10,"enemies":"Centurion and Healer","floor":29,"turns":6},{"damage":130,"enemies":"Collector","floor":33,"turns":6}],"event_choices":[{"event_name":"Scrap Ooze","player_choice":"success","floor":2,"damage_taken":12},{"event_name":"Liars Game","player_choice":"disagreed","floor":11,"damage_taken":0},{"event_name":"Match and Keep!","player_choice":"0 cards matched","floor":12,"damage_taken":0},{"event_name":"Forgotten Altar","player_choice":"Shed Blood","floor":21,"damage_taken":0},{"event_name":"Accursed Blacksmith","player_choice":"Forge","floor":30,"damage_taken":0},{"event_name":"Masked Bandits","player_choice":"Paid Bandits 138 gold","floor":31,"damage_taken":0}],"boss_relics":[{"not_picked":["Eternal Feather","Black Star"],"picked":"Lizard Tail"}],"potions_floor_spawned":[1,3,10,16,18,19],"seed_played":"-8004393332415151406","killed_by":"Collector","ascension_level":1,"is_trial":false}