{"path_per_floor":["M","?","M","$","M","R","?","M","T","R","?","E","R","M","R","B",null,"M","M","$","M","M","R","E","?","T","R","M","R","E","M","R","B",null,"M","M","?","$","M","E","M","M","T","R","?","R","E","M","R","B"],"character_chosen":"THE_SILENT","items_purchased":["Footwork","Ninja Scroll","Kunai"],"gold_per_floor":[118,118,137,25,37,37,137,150,150,150,150,185,185,201,201,298,298,318,329,86,105,120,120,145,145,169,169,179,179,211,222,222,323,323,338,348,398,43,61,89,106,123,123,123,123,123,150,163,163,163],"floor_reached":51,"campfire_rested":1,"playtime":3927,"current_hp_per_floor":[63,68,68,68,68,68,68,66,66,66,59,58,58,58,58,44,67,67,66,66,66,59,59,41,25,25,62,62,62,62,62,62,9,59,59,59,59,59,63,69,73,75,75,75,75,75,75,75,75,72],"items_purged":["Defend_G","Strike_G"],"gold":163,"score":999,"play_id":"11d497fa-a530-4713-9181-925021535db3","local_time":"20180309144308","is_prod":false,"is_daily":false,"is_ascension_mode":true,"campfire_upgraded":10,"timestamp":1520635388,"path_taken":["M","?","M","$","?","R","?","M","T","R","?","E","R","M","R","BOSS","M","?","$","M","M","R","E","?","T","R","M","R","E","M","R","BOSS","M","M","?","$","M","E","M","M","T","R","?","R","E","M","R","BOSS"],"build_version":"2018-03-08-BETA","purchased_purges":2,"victory":true,"master_deck":["Defend_G","Defend_G","Defend_G","Strike_G","Strike_G","Survivor+1","Neutralize+1","Calculated Gamble+1","Prepared","Backflip+1","Tactician+1","Adrenaline+1","Escape Plan","Backstab","Cloak And Dagger+1","Escape Plan","Adrenaline","Terror+1","Leg Sweep+1","Cloak And Dagger+1","Reflex+1","Finisher+1","Concentrate+1"],"max_hp_per_floor":[70,75,75,75,75,75,75,75,75,75,75,75,75,75,75,75,75,75,75,75,75,75,75,75,75,75,75,75,75,75,75,75,75,75,75,75,75,75,75,75,75,75,75,75,75,75,75,75,75,75],"relics":["Ring of the Snake","Regal Pillow","Dead Branch","Tough Bandages","Mercury Hourglass","Runic Dome","Ninja Scroll","Ancient Tea Set","Nilry\u0027s Codex","Anchor","Dream Catcher","Astrolabe","Bird Faced Urn","Kunai","Du-Vu Doll","Happy Flower","Pantograph"],"card_choices":[{"not_picked":["Heel Hook","Sucker Punch"],"picked":"Calculated Gamble"},{"not_picked":["Infinite Blades","Dagger Spray"],"picked":"Prepared"},{"not_picked":["Well Laid Plans","Underhanded Strike"],"picked":"Backflip"},{"not_picked":["Outmaneuver","Reflex"],"picked":"Tactician"},{"not_picked":["Grand Finale","Bullet Time"],"picked":"Adrenaline"},{"not_picked":["Poisoned Stab","Deadly Poison"],"picked":"Escape Plan"},{"not_picked":["Doppelganger","Deadly Poison"],"picked":"Backstab"},{"not_picked":["PiercingWail","Quick Slash"],"picked":"Cloak And Dagger"},{"not_picked":["Flying Knee","Underhanded Strike"],"picked":"Escape Plan"},{"not_picked":["Grand Finale","Wraith Form"],"picked":"Adrenaline"},{"not_picked":["Crippling Poison","Dash"],"picked":"Reflex"},{"not_picked":["Prepared","Doppelganger"],"picked":"Finisher"},{"not_picked":["Crippling Poison","Predator"],"picked":"Concentrate"}],"player_experience":86811,"potions_floor_usage":[12,16,19,22,24,24,33,40,47,50,50,50],"damage_taken":[{"damage":7,"enemies":"Small Slimes","floor":1,"turns":6},{"damage":0,"enemies":"Jaw Worm","floor":3,"turns":6},{"damage":0,"enemies":"Cultist","floor":5,"turns":4},{"damage":2,"enemies":"Blue Slaver","floor":8,"turns":5},{"damage":1,"enemies":"3 Sentries","floor":12,"turns":7},{"damage":0,"enemies":"Lots of Slimes","floor":14,"turns":3},{"damage":14,"enemies":"The Guardian","floor":16,"turns":20},{"damage":0,"enemies":"3 Byrds","floor":18,"turns":6},{"damage":1,"enemies":"Chosen","floor":19,"turns":4},{"damage":0,"enemies":"Snecko","floor":21,"turns":6},{"damage":7,"enemies":"Snake Plant","floor":22,"turns":4},{"damage":18,"enemies":"Gremlin Leader","floor":24,"turns":8},{"damage":0,"enemies":"Centurion and Healer","floor":28,"turns":5},{"damage":0,"enemies":"Slavers","floor":30,"turns":3},{"damage":0,"enemies":"Chosen and Byrds","floor":31,"turns":2},{"damage":53,"enemies":"Champ","floor":33,"turns":15},{"damage":0,"enemies":"Flame Bruiser 1 Orb","floor":35,"turns":1},{"damage":0,"enemies":"Orb Walker","floor":36,"turns":1},{"damage":0,"enemies":"Mysterious Sphere","floor":37,"turns":2},{"damage":0,"enemies":"3 Darklings","floor":39,"turns":3},{"damage":0,"enemies":"2 Orb Walkers","floor":40,"turns":3},{"damage":0,"enemies":"Sphere and 2 Shapes","floor":41,"turns":2},{"damage":0,"enemies":"Flame Bruiser 2 Orb","floor":42,"turns":2},{"damage":0,"enemies":"Giant Head","floor":47,"turns":1},{"damage":0,"enemies":"Maw","floor":48,"turns":2},{"damage":3,"enemies":"Time Eater","floor":50,"turns":8}],"event_choices":[{"event_name":"Big Fish","player_choice":"Donut","floor":2,"damage_taken":0},{"event_name":"Golden Shrine","player_choice":"Pray","floor":7,"damage_taken":0},{"event_name":"Scrap Ooze","player_choice":"success","floor":11,"damage_taken":7},{"event_name":"Cursed Tome","player_choice":"Obtained Book","floor":25,"damage_taken":0},{"event_name":"Mysterious Sphere","player_choice":"Fight","floor":37,"damage_taken":0}],"boss_relics":[{"not_picked":["Runic Pyramid","Sozu"],"picked":"Runic Dome"},{"not_picked":["White Beast Statue","Lizard Tail"],"picked":"Astrolabe"}],"potions_floor_spawned":[1,8,14,22,28,30,31,33,39,40,41,42,48],"seed_played":"2762711290202677705","ascension_level":5,"is_trial":false}