{"path_per_floor":["M","?","$","M","?","E","M","$","T","M","R","E","M","M","R","B",null,"M","M","?"],"character_chosen":"THE_SILENT","items_purchased":["Backflip"],"gold_per_floor":[119,119,44,62,62,124,137,11,11,23,23,53,64,80,80,183,183,203,214,214],"floor_reached":21,"campfire_rested":2,"playtime":1319,"current_hp_per_floor":[63,63,63,63,68,18,18,18,18,14,36,28,28,28,50,17,61,42,36,61],"items_purged":["Defend_G","Strike_G"],"gold":214,"score":248,"play_id":"8bd9e606-3a3d-445f-80ba-ee8f16be5c72","local_time":"20180310151106","is_prod":false,"is_daily":false,"is_ascension_mode":true,"campfire_upgraded":0,"timestamp":1520723466,"path_taken":["M","?","$","M","?","E","M","$","T","M","R","E","M","M","R","BOSS","M","M","?","?"],"build_version":"2018-03-08-BETA","purchased_purges":2,"victory":false,"master_deck":["Defend_G","Defend_G","Defend_G","Strike_G","Strike_G","Survivor","Neutralize+1","Backstab","Cloak And Dagger","Dagger Throw","Cloak And Dagger","Backflip","Backflip","Finisher","Calculated Gamble","Bullet Time","Riddle With Holes+1","Calculated Gamble+1","Concentrate+1"],"max_hp_per_floor":[70,70,70,70,75,75,75,75,75,75,75,75,75,75,75,75,75,75,75,75],"relics":["Runic Pyramid","Tiny Chest","Frozen Eye","Ninja Scroll","Astrolabe"],"card_choices":[{"not_picked":["Bane","Flying Knee"],"picked":"Backstab"},{"not_picked":["Dagger Spray","Bane"],"picked":"Cloak And Dagger"},{"not_picked":["Glass Knife","Bane"],"picked":"Dagger Throw"},{"not_picked":["Endless Agony","Skewer"],"picked":"Cloak And Dagger"},{"not_picked":["Choke","Skewer"],"picked":"Backflip"},{"not_picked":["PiercingWail","Wraith Form"],"picked":"Finisher"},{"not_picked":["Quick Slash","Poisoned Stab"],"picked":"Calculated Gamble"},{"not_picked":["Doppelganger","Grand Finale"],"picked":"Bullet Time"}],"player_experience":94900,"potions_floor_usage":[7,13,16,18],"damage_taken":[{"damage":0,"enemies":"Small Slimes","floor":1,"turns":4},{"damage":0,"enemies":"Cultist","floor":4,"turns":4},{"damage":50,"enemies":"Lagavulin","floor":6,"turns":11},{"damage":0,"enemies":"Jaw Worm","floor":7,"turns":3},{"damage":4,"enemies":"Exordium Wildlife","floor":10,"turns":4},{"damage":8,"enemies":"3 Sentries","floor":12,"turns":11},{"damage":0,"enemies":"2 Fungi Beasts","floor":13,"turns":2},{"damage":0,"enemies":"Large Slime","floor":14,"turns":3},{"damage":33,"enemies":"The Guardian","floor":16,"turns":16},{"damage":19,"enemies":"2 Thieves","floor":18,"turns":4},{"damage":6,"enemies":"3 Byrds","floor":19,"turns":6},{"damage":66,"enemies":"Masked Bandits","floor":21,"turns":3}],"event_choices":[{"event_name":"Accursed Blacksmith","player_choice":"Forge","floor":2,"damage_taken":0},{"event_name":"Big Fish","player_choice":"Donut","floor":5,"damage_taken":0},{"event_name":"The Library","player_choice":"Heal","floor":20,"damage_taken":0},{"event_name":"Masked Bandits","player_choice":"Fought over 214 gold","floor":21,"damage_taken":0}],"boss_relics":[{"not_picked":["The Specimen","Runic Dome"],"picked":"Astrolabe"}],"potions_floor_spawned":[6,12,14,16],"seed_played":"-6478832223449344084","killed_by":"Masked Bandits","ascension_level":6,"is_trial":false}