{"path_per_floor":["M","?","$","?","M","R","?","R","T","R","E","M","?","E","R","B",null,"M","?","?","M","$","R","$","E","T","R","M","M","R","M","R","B",null,"M","T","T","?","$","E","R","M","T","R","?","M","M","?","R","B"],"character_chosen":"THE_SILENT","items_purchased":["Backflip","Well Laid Plans","Adrenaline","Kunai"],"gold_per_floor":[109,109,12,12,26,26,26,26,26,26,52,67,67,95,95,191,191,180,210,237,252,80,80,4,39,39,39,52,72,72,85,85,187,187,200,251,251,473,167,196,196,212,212,212,212,223,243,293,293,293],"floor_reached":51,"campfire_rested":1,"playtime":2720,"current_hp_per_floor":[69,69,69,66,66,66,66,66,66,66,43,43,43,39,39,50,70,67,67,61,53,53,53,53,25,25,46,44,36,36,36,36,54,70,70,70,70,70,70,70,70,70,70,70,70,70,70,70,70,35],"items_purged":["Defend_G","Strike_G","Defend_G"],"gold":293,"score":834,"play_id":"ca9de9e9-7899-4fe1-941d-45bc2187d461","local_time":"20180308132330","is_prod":false,"is_daily":false,"is_ascension_mode":true,"campfire_upgraded":10,"timestamp":1520544210,"path_taken":["M","?","$","?","M","R","?","R","T","R","E","M","?","E","R","BOSS","M","?","?","M","$","R","?","E","T","R","M","?","R","M","R","BOSS","M","?","?","?","$","E","R","M","T","R","?","M","?","?","R","BOSS"],"build_version":"2018-03-06-BETA","purchased_purges":3,"victory":true,"master_deck":["Defend_G","Defend_G","Defend_G","Strike_G","Strike_G+1","Strike_G+1","Survivor+1","Neutralize+1","Cloak And Dagger+1","Backflip+1","Bouncing Flask+1","Accuracy+1","Calculated Gamble+1","Blade Dance+1","Well Laid Plans+1","Adrenaline","Acrobatics+1","Backflip+1","Escape Plan","Adrenaline","Escape Plan+1"],"max_hp_per_floor":[70,70,70,70,70,70,70,70,70,70,70,70,70,70,70,70,70,70,70,70,70,70,70,70,70,70,70,70,70,70,70,70,70,70,70,70,70,70,70,70,70,70,70,70,70,70,70,70,70,70],"relics":["Ring of the Snake","Bronze Scales","Pantograph","Ginger","Tough Bandages","Runic Dome","Tiny Chest","Red Mask","Smiling Mask","Bag of Marbles","Sozu","Whetstone","Du-Vu Doll","Kunai","Omamori","Prayer Wheel","Thread and Needle"],"card_choices":[{"not_picked":["Die Die Die","Quick Slash"],"picked":"Cloak And Dagger"},{"not_picked":["Heel Hook","Catalyst"],"picked":"Bouncing Flask"},{"not_picked":["Sucker Punch","Deadly Poison"],"picked":"Calculated Gamble"},{"not_picked":["Dagger Throw","Bouncing Flask"],"picked":"Blade Dance"},{"not_picked":["Riddle With Holes","Slice"],"picked":"Footwork"},{"not_picked":["Dagger Spray","Prepared"],"picked":"Acrobatics"},{"not_picked":["Well Laid Plans","Quick Slash"],"picked":"Backflip"},{"not_picked":["Expertise","Finisher"],"picked":"Escape Plan"},{"not_picked":["Grand Finale","Venomology"],"picked":"Adrenaline"},{"not_picked":["Underhanded Strike","PiercingWail"],"picked":"Escape Plan"}],"player_experience":78381,"potions_floor_usage":[14,20,33,33,40,50],"damage_taken":[{"damage":1,"enemies":"Jaw Worm","floor":1,"turns":6},{"damage":0,"enemies":"2 Louse","floor":5,"turns":2},{"damage":23,"enemies":"Gremlin Nob","floor":11,"turns":4},{"damage":0,"enemies":"Cultist","floor":12,"turns":3},{"damage":4,"enemies":"Lagavulin","floor":14,"turns":5},{"damage":14,"enemies":"Hexaghost","floor":16,"turns":8},{"damage":3,"enemies":"2 Thieves","floor":18,"turns":4},{"damage":6,"enemies":"Masked Bandits","floor":20,"turns":4},{"damage":8,"enemies":"Chosen","floor":21,"turns":4},{"damage":28,"enemies":"Gremlin Leader","floor":25,"turns":5},{"damage":2,"enemies":"Snake Plant","floor":28,"turns":3},{"damage":8,"enemies":"Centurion and Healer","floor":29,"turns":4},{"damage":0,"enemies":"Sentry and Sphere","floor":31,"turns":3},{"damage":7,"enemies":"Champ","floor":33,"turns":9},{"damage":0,"enemies":"Flame Bruiser 1 Orb","floor":35,"turns":3},{"damage":0,"enemies":"Nemesis","floor":40,"turns":5},{"damage":0,"enemies":"Orb Walker","floor":42,"turns":2},{"damage":0,"enemies":"Sphere and 2 Shapes","floor":46,"turns":3},{"damage":0,"enemies":"Maw","floor":47,"turns":5},{"damage":0,"enemies":"Mysterious Sphere","floor":48,"turns":4},{"damage":35,"enemies":"Time Eater","floor":50,"turns":8}],"event_choices":[{"event_name":"Golden Idol","player_choice":"Ignored","floor":2,"damage_taken":0},{"event_name":"Scrap Ooze","player_choice":"success","floor":4,"damage_taken":3},{"event_name":"Living Wall","player_choice":"Change","floor":7,"damage_taken":0},{"event_name":"Liars Game","player_choice":"disagreed","floor":13,"damage_taken":0},{"event_name":"The Mausoleum","player_choice":"Yes","floor":19,"damage_taken":0},{"event_name":"Masked Bandits","player_choice":"Fought over 210 gold","floor":20,"damage_taken":0},{"event_name":"Tomb of Lord Red Mask","player_choice":"Wore Mask","floor":38,"damage_taken":0},{"event_name":"Mysterious Sphere","player_choice":"Fight","floor":48,"damage_taken":0}],"boss_relics":[{"not_picked":["Calling Bell","White Beast Statue"],"picked":"Runic Dome"},{"not_picked":["Tiny House","Orrery"],"picked":"Sozu"}],"potions_floor_spawned":[11,14,16,20,21,25,33,40,42],"seed_played":"48456105740877274","ascension_level":4,"is_trial":false}