{"path_per_floor":["M","M","M","$","M","E","M","R","T","M","R","$","M","?","R","B",null,"M","?","?","?","M","R","E"],"character_chosen":"THE_SILENT","items_purchased":["Juzu Bracelet"],"gold_per_floor":[215,234,247,16,34,65,76,76,102,118,118,18,36,111,111,213,213,226,226,151,66,85,85,110],"floor_reached":25,"campfire_rested":3,"playtime":991,"current_hp_per_floor":[63,63,63,63,52,41,23,44,44,41,62,62,53,42,63,44,64,57,57,57,64,52,52,7],"items_purged":["Defend_G","Strike_G"],"gold":110,"score":290,"play_id":"a8dafa99-210b-4105-a286-e24cfb14e2ea","local_time":"20180310125128","is_prod":false,"is_daily":false,"is_ascension_mode":true,"campfire_upgraded":1,"timestamp":1520715088,"path_taken":["M","M","M","$","M","E","M","R","T","M","R","$","M","?","R","BOSS","M","?","?","?","M","R","E","M"],"build_version":"2018-03-08-BETA","purchased_purges":2,"victory":false,"master_deck":["Defend_G","Defend_G","Defend_G","Defend_G","Strike_G","Strike_G","Survivor","Neutralize","Noxious Fumes+1","Bane","Footwork","Poisoned Stab","Catalyst","Die Die Die","Escape Plan"],"max_hp_per_floor":[70,70,70,70,70,70,70,70,70,70,70,70,70,70,70,70,70,70,70,70,77,77,77,77],"relics":["Ring of the Snake","Juzu Bracelet","Ancient Tea Set","Prayer Wheel","Sozu","Strawberry","Blood Vial"],"card_choices":[{"not_picked":["Heel Hook","Dagger Throw"],"picked":"Noxious Fumes"},{"not_picked":["Underhanded Strike","Cloak And Dagger"],"picked":"Bane"},{"not_picked":["Eviscerate","All Out Attack"],"picked":"Footwork"},{"not_picked":["Concentrate","Skewer"],"picked":"Poisoned Stab"},{"not_picked":["Dash","Blur"],"picked":"Catalyst"},{"not_picked":["Phantasmal Killer","Envenom"],"picked":"Die Die Die"},{"not_picked":["Choke","PiercingWail"],"picked":"Escape Plan"}],"player_experience":93909,"potions_floor_usage":[7,16,16,16,25],"damage_taken":[{"damage":0,"enemies":"Small Slimes","floor":1,"turns":3},{"damage":0,"enemies":"2 Louse","floor":2,"turns":4},{"damage":0,"enemies":"Cultist","floor":3,"turns":4},{"damage":11,"enemies":"Large Slime","floor":5,"turns":7},{"damage":11,"enemies":"Lagavulin","floor":6,"turns":8},{"damage":18,"enemies":"Exordium Thugs","floor":7,"turns":5},{"damage":3,"enemies":"Blue Slaver","floor":10,"turns":3},{"damage":9,"enemies":"Red Slaver","floor":13,"turns":3},{"damage":19,"enemies":"Slime Boss","floor":16,"turns":8},{"damage":7,"enemies":"Chosen","floor":18,"turns":5},{"damage":12,"enemies":"Spheric Guardian","floor":22,"turns":5},{"damage":45,"enemies":"Book of Stabbing","floor":24,"turns":6},{"damage":11,"enemies":"Centurion and Healer","floor":25,"turns":5}],"event_choices":[{"event_name":"World of Goop","player_choice":"Gather Gold","floor":14,"damage_taken":0},{"event_name":"Purifier","player_choice":"One Purge","floor":19,"damage_taken":0},{"event_name":"Beggar","player_choice":"Gave Gold","floor":20,"damage_taken":0},{"event_name":"Addict","player_choice":"Obtained Relic","floor":21,"damage_taken":0}],"boss_relics":[{"not_picked":["Runic Pyramid","Tiny House"],"picked":"Sozu"}],"potions_floor_spawned":[1,2,7,13,16,18,22],"seed_played":"-2793098716190614946","killed_by":"Centurion and Healer","ascension_level":6,"is_trial":false}