{"path_per_floor":["M","M","?","?","M","R","E","M","T","R","M","E","?","M","R","B",null,"M","?","?","M","T","R","E","R","T","$","E","R","T","M","R"],"character_chosen":"THE_SILENT","items_purchased":["Tough Bandages"],"gold_per_floor":[119,135,135,85,96,96,121,131,131,131,148,177,177,193,193,297,297,311,311,311,331,378,378,412,412,412,92,117,117,185,202,202],"floor_reached":33,"campfire_rested":2,"playtime":2086,"current_hp_per_floor":[70,70,70,70,70,70,52,50,50,50,50,42,42,41,62,16,70,58,58,58,45,45,45,34,55,55,55,49,49,49,49,49],"items_purged":["Strike_G"],"gold":202,"score":352,"play_id":"01af60ce-6cd8-4395-be96-3dcf6372929b","local_time":"20180303223844","is_prod":false,"is_daily":false,"is_ascension_mode":true,"campfire_upgraded":3,"timestamp":1520145524,"path_taken":["M","M","?","?","M","R","E","M","T","R","M","E","?","?","R","BOSS","M","?","?","?","?","R","E","R","T","$","E","R","?","?","R","BOSS"],"build_version":"2018-03-02-BETA2","purchased_purges":1,"victory":false,"master_deck":["Defend_G","Defend_G","Defend_G","Defend_G","Strike_G","Strike_G","Survivor","Neutralize+1","Dagger Throw","Flying Knee","Dagger Throw","Skewer","Predator+1","Dagger Throw","Adrenaline","Malaise","Acrobatics","Footwork","Calculated Gamble+1","Terror+1"],"max_hp_per_floor":[70,70,70,70,70,70,70,70,70,70,70,70,70,70,70,70,70,70,70,70,70,70,70,70,70,70,70,70,70,70,70,70],"relics":["Orrery","Tingsha","Peace Pipe","Ginger","Sozu","Dream Catcher","Ancient Tea Set","Du-Vu Doll","Tough Bandages","Pen Nib","Kunai"],"card_choices":[{"not_picked":["Underhanded Strike","Flechettes"],"picked":"Dagger Throw"},{"not_picked":["Outmaneuver","Prepared"],"picked":"Flying Knee"},{"not_picked":["Dodge and Roll","Malaise"],"picked":"Dagger Throw"},{"not_picked":["Deflect","Accuracy"],"picked":"Skewer"},{"not_picked":["Well Laid Plans","Cloak And Dagger"],"picked":"Predator"},{"not_picked":["Dodge and Roll","PiercingWail"],"picked":"Dagger Throw"},{"not_picked":["Leg Sweep","Choke"],"picked":"Adrenaline"},{"not_picked":["Outmaneuver","PiercingWail"],"picked":"Malaise"},{"not_picked":["Bane","Deflect"],"picked":"Acrobatics"},{"not_picked":["Slice","PiercingWail"],"picked":"Footwork"},{"not_picked":["Dash","Terror"],"picked":"Calculated Gamble"},{"not_picked":["Deadly Poison","Finisher"],"picked":"Terror"}],"player_experience":72549,"potions_floor_usage":[12,14,33],"damage_taken":[{"damage":0,"enemies":"Small Slimes","floor":1,"turns":3},{"damage":0,"enemies":"Cultist","floor":2,"turns":3},{"damage":0,"enemies":"2 Louse","floor":5,"turns":2},{"damage":18,"enemies":"Gremlin Nob","floor":7,"turns":4},{"damage":2,"enemies":"Large Slime","floor":8,"turns":5},{"damage":0,"enemies":"Looter","floor":11,"turns":2},{"damage":17,"enemies":"Lagavulin","floor":12,"turns":4},{"damage":1,"enemies":"Exordium Thugs","floor":14,"turns":3},{"damage":46,"enemies":"Slime Boss","floor":16,"turns":8},{"damage":12,"enemies":"2 Thieves","floor":18,"turns":3},{"damage":13,"enemies":"Chosen","floor":21,"turns":5},{"damage":11,"enemies":"Gremlin Leader","floor":24,"turns":9},{"damage":6,"enemies":"Book of Stabbing","floor":28,"turns":4},{"damage":0,"enemies":"Snecko","floor":31,"turns":3},{"damage":59,"enemies":"Collector","floor":33,"turns":7}],"event_choices":[{"event_name":"Match and Keep!","player_choice":"0 cards matched","floor":3,"damage_taken":0},{"event_name":"The Cleric","player_choice":"Card Removal","floor":4,"damage_taken":0},{"event_name":"Living Wall","player_choice":"Grow","floor":13,"damage_taken":0},{"event_name":"Vampires","player_choice":"Ignored","floor":19,"damage_taken":0},{"event_name":"The Woman in Blue","player_choice":"Bought 0 Potions","floor":20,"damage_taken":0}],"boss_relics":[{"not_picked":["Black Star","Philosopher\u0027s Stone"],"picked":"Sozu"}],"potions_floor_spawned":[7,12,16,18,21,28],"seed_played":"-1160482066479640514","killed_by":"Collector","ascension_level":4,"is_trial":false}