{"path_per_floor":["M","?","M","M","?","R","E","?","T","M","R","M","E","$","R","B",null,"M","?","M","$","M","E","R","E","T","M","$","M","?","$","R","B",null,"M","M","$","M","$","R","?","E","T","E","M","R","?","M","R","B"],"character_chosen":"THE_SILENT","items_purchased":["Terror","Escape Plan","Bandage Up","Whetstone","Escape Plan"],"gold_per_floor":[12,112,126,139,139,139,164,164,187,202,202,214,243,96,96,200,200,220,220,240,140,153,179,179,210,260,278,117,128,128,22,22,117,147,164,179,33,47,8,8,8,343,343,378,395,395,395,406,406,406],"floor_reached":51,"campfire_rested":1,"playtime":2816,"current_hp_per_floor":[70,70,66,66,52,52,41,41,41,41,62,62,59,59,59,52,70,67,67,67,67,65,61,67,65,65,65,65,64,64,64,70,48,75,75,75,75,75,75,75,75,73,73,75,68,74,65,69,75,71],"items_purged":["Defend_G","Strike_G","Strike_G"],"gold":406,"score":716,"play_id":"4fc65734-1370-467e-8e55-09afd1c63861","local_time":"20180302134209","is_prod":false,"is_daily":false,"is_ascension_mode":true,"campfire_upgraded":5,"timestamp":1520026929,"path_taken":["M","?","M","M","?","R","E","?","T","M","R","M","E","?","R","BOSS","M","?","M","$","M","E","R","E","T","M","$","?","?","$","R","BOSS","M","M","$","M","$","R","?","E","T","E","?","R","?","M","R","BOSS"],"build_version":"2018-03-01-BETA2","purchased_purges":3,"victory":true,"master_deck":["Defend_G+1","Defend_G","Survivor+1","Neutralize+1","Predator+1","Heel Hook+1","Backflip+1","Backflip+1","Terror+1","Adrenaline+1","Predator+1","Calculated Gamble+1","Escape Plan","Bandage Up","Adrenaline","Escape Plan","Madness","Madness"],"max_hp_per_floor":[70,70,70,70,70,70,70,70,70,70,70,70,70,70,70,70,70,70,70,70,70,70,70,70,70,70,70,70,70,70,70,70,70,75,75,75,75,75,75,75,75,75,75,75,75,75,75,75,75,75],"relics":["Ring of the Snake","Sundial","Pen Nib","Omamori","Eternal Feather","Bronze Scales","Gremlin Horn","Happy Flower","Tiny House","Whetstone","Oddly Smooth Stone","Old Coin","Tingsha","Peace Pipe"],"card_choices":[{"not_picked":["Terror","Sucker Punch"],"picked":"Predator"},{"not_picked":["Distraction","Poisoned Stab"],"picked":"Heel Hook"},{"not_picked":["Flying Knee","Masterful Stab"],"picked":"Backflip"},{"not_picked":["Noxious Fumes","Sucker Punch"],"picked":"Backflip"},{"not_picked":["Tools of the Trade","Die Die Die"],"picked":"Adrenaline"},{"not_picked":["Distraction","Poisoned Stab"],"picked":"Predator"},{"not_picked":["PiercingWail","Slice"],"picked":"Calculated Gamble"},{"not_picked":["Storm of Steel","Tactician"],"picked":"Adrenaline"}],"player_experience":51738,"potions_floor_usage":[7,18,22,25,25,38,50,50],"damage_taken":[{"damage":0,"enemies":"Small Slimes","floor":1,"turns":4},{"damage":4,"enemies":"Cultist","floor":3,"turns":6},{"damage":0,"enemies":"Jaw Worm","floor":4,"turns":4},{"damage":11,"enemies":"3 Sentries","floor":7,"turns":6},{"damage":0,"enemies":"Looter","floor":10,"turns":3},{"damage":0,"enemies":"2 Fungi Beasts","floor":12,"turns":2},{"damage":3,"enemies":"Lagavulin","floor":13,"turns":4},{"damage":7,"enemies":"The Guardian","floor":16,"turns":8},{"damage":3,"enemies":"2 Thieves","floor":18,"turns":3},{"damage":0,"enemies":"Shell Parasite","floor":20,"turns":2},{"damage":2,"enemies":"Centurion and Healer","floor":22,"turns":4},{"damage":4,"enemies":"Book of Stabbing","floor":23,"turns":4},{"damage":2,"enemies":"Slavers","floor":25,"turns":6},{"damage":0,"enemies":"Chosen and Byrds","floor":27,"turns":2},{"damage":1,"enemies":"Cultist and Chosen","floor":29,"turns":3},{"damage":26,"enemies":"Collector","floor":33,"turns":8},{"damage":0,"enemies":"Orb Walker","floor":35,"turns":1},{"damage":0,"enemies":"3 Shapes","floor":36,"turns":3},{"damage":0,"enemies":"Spire Growth","floor":38,"turns":2},{"damage":3,"enemies":"Nemesis","floor":42,"turns":5},{"damage":0,"enemies":"2 Orb Walkers","floor":44,"turns":2},{"damage":7,"enemies":"Sphere and 2 Shapes","floor":45,"turns":2},{"damage":0,"enemies":"3 Darklings","floor":48,"turns":2},{"damage":4,"enemies":"Time Eater","floor":50,"turns":5}],"event_choices":[{"event_name":"Golden Shrine","player_choice":"Pray","floor":2,"damage_taken":0},{"event_name":"Shining Light","player_choice":"Entered Light","floor":5,"damage_taken":0},{"event_name":"Accursed Blacksmith","player_choice":"Forge","floor":8,"damage_taken":0},{"event_name":"Back to Basics","player_choice":"Elegance","floor":19,"damage_taken":0},{"event_name":"Drug Dealer","player_choice":"Ignored","floor":30,"damage_taken":0},{"event_name":"Wheel of Change","player_choice":"Relic","floor":41,"damage_taken":0},{"event_name":"Winding Halls","player_choice":"Embrace Madness","floor":47,"damage_taken":0}],"boss_relics":[{"not_picked":["Runic Pyramid","The Specimen"],"picked":"Eternal Feather"},{"not_picked":["Lizard Tail","Cursed Key"],"picked":"Tiny House"}],"potions_floor_spawned":[1,4,10,13,18,25,33,35,38,44],"seed_played":"-1524153121976233398","ascension_level":2,"is_trial":false}