{"path_per_floor":["M","M","?","$","M","R","?","R","T","$","M","M","R","M","R","B",null,"M","?","M","M","$","R","?","T","T","M","R","M","M","T","R","B",null,"M","?","M","$","M","R","$","M","T","?","M","R","M","M","R","B"],"character_chosen":"THE_SILENT","items_purchased":["Accuracy","Shuriken","Acrobatics"],"gold_per_floor":[109,123,198,51,70,70,70,70,370,26,40,55,55,71,71,168,168,123,123,123,123,77,77,2,2,2,2,2,2,2,2,2,2,2,2,2,2,2,2,2,2,2,2,2,2,2,2,2,2,2],"floor_reached":51,"campfire_rested":3,"playtime":2587,"current_hp_per_floor":[70,68,57,57,57,57,57,57,57,57,57,57,57,57,57,48,70,58,52,50,39,39,60,60,60,60,51,51,51,47,47,68,44,70,69,69,69,69,63,63,63,52,52,52,39,70,70,63,63,10],"items_purged":["Defend_G","Strike_G"],"gold":2,"score":669,"play_id":"928d16b3-d791-4a6a-8c9f-d47df5116d62","local_time":"20180313150754","is_prod":false,"is_daily":false,"is_ascension_mode":false,"campfire_upgraded":7,"timestamp":1520978874,"path_taken":["M","M","?","$","M","R","?","R","T","?","?","M","R","M","R","BOSS","M","?","M","M","$","R","?","?","T","M","R","?","M","?","R","BOSS","M","?","?","$","M","R","$","M","T","?","?","R","M","M","R","BOSS"],"build_version":"2018-03-12v2","purchased_purges":2,"victory":true,"master_deck":["Defend_G","Defend_G","Strike_G","Strike_G","Survivor","Neutralize+1","Cloak And Dagger+1","Accuracy+1","Cloak And Dagger+1","Quick Slash","Finisher+1","Cloak And Dagger+1","Burst+1","Backstab","Footwork","Acrobatics","Cloak And Dagger+1","Footwork","Adrenaline","Masterful Stab+1","Outmaneuver+1","Infinite Blades+1","Injury","Prepared+1","Backflip+1","Calculated Gamble+1"],"max_hp_per_floor":[70,70,70,70,70,70,70,70,70,70,70,70,70,70,70,70,70,70,70,70,70,70,70,70,70,70,70,70,70,70,70,70,70,70,70,70,70,70,70,70,70,70,70,70,70,70,70,70,70,70],"relics":["Sozu","Old Coin","Shuriken","Ectoplasm","Red Mask","Calipers","Molten Egg 2","Bottled Tornado","Astrolabe","Regal Pillow"],"card_choices":[{"not_picked":["Dagger Spray","Underhanded Strike"],"picked":"Cloak And Dagger"},{"not_picked":["Dodge and Roll","Eviscerate"],"picked":"Cloak And Dagger"},{"not_picked":["Sucker Punch","Malaise"],"picked":"Quick Slash"},{"not_picked":["Well Laid Plans","Caltrops"],"picked":"Finisher"},{"not_picked":["Blur","Backflip"],"picked":"Cloak And Dagger"},{"not_picked":["Tactician","Bullet Time"],"picked":"Burst"},{"not_picked":["Deadly Poison","Deflect"],"picked":"Backstab"},{"not_picked":["Skewer","Infinite Blades"],"picked":"Footwork"},{"not_picked":["Outmaneuver","Quick Slash"],"picked":"Cloak And Dagger"},{"not_picked":["Die Die Die","Dodge and Roll"],"picked":"Footwork"},{"not_picked":["Tactician","Corpse Explosion"],"picked":"Adrenaline"},{"not_picked":["Footwork","PiercingWail"],"picked":"Prepared"},{"not_picked":["Poisoned Stab","Slice"],"picked":"Backflip"},{"not_picked":["PiercingWail","All Out Attack"],"picked":"Calculated Gamble"}],"player_experience":114544,"potions_floor_usage":[],"damage_taken":[{"damage":0,"enemies":"Cultist","floor":1,"turns":4},{"damage":2,"enemies":"Jaw Worm","floor":2,"turns":4},{"damage":0,"enemies":"Small Slimes","floor":5,"turns":4},{"damage":0,"enemies":"Blue Slaver","floor":11,"turns":3},{"damage":0,"enemies":"Lots of Slimes","floor":12,"turns":3},{"damage":0,"enemies":"Looter","floor":14,"turns":2},{"damage":9,"enemies":"Slime Boss","floor":16,"turns":6},{"damage":12,"enemies":"2 Thieves","floor":18,"turns":3},{"damage":6,"enemies":"Masked Bandits","floor":19,"turns":4},{"damage":2,"enemies":"Shell Parasite","floor":20,"turns":4},{"damage":11,"enemies":"Snake Plant","floor":21,"turns":5},{"damage":9,"enemies":"Slaver and Parasite","floor":27,"turns":4},{"damage":0,"enemies":"Cultist and Chosen","floor":29,"turns":4},{"damage":4,"enemies":"Centurion and Healer","floor":30,"turns":5},{"damage":24,"enemies":"Collector","floor":33,"turns":7},{"damage":1,"enemies":"Flame Bruiser 1 Orb","floor":35,"turns":4},{"damage":0,"enemies":"Orb Walker","floor":37,"turns":3},{"damage":6,"enemies":"Maw","floor":39,"turns":6},{"damage":11,"enemies":"4 Shapes","floor":42,"turns":4},{"damage":13,"enemies":"3 Darklings","floor":45,"turns":4},{"damage":0,"enemies":"Maw","floor":47,"turns":6},{"damage":7,"enemies":"Spire Growth","floor":48,"turns":4},{"damage":53,"enemies":"Donu and Deca","floor":50,"turns":7}],"event_choices":[{"event_name":"World of Goop","player_choice":"Gather Gold","floor":3,"damage_taken":0},{"event_name":"Liars Game","player_choice":"disagreed","floor":7,"damage_taken":0},{"event_name":"Masked Bandits","player_choice":"Fought over 123 gold","floor":19,"damage_taken":0},{"event_name":"Beggar","player_choice":"Gave Gold","floor":24,"damage_taken":0},{"event_name":"Accursed Blacksmith","player_choice":"Forge","floor":36,"damage_taken":0},{"event_name":"Mysterious Sphere","player_choice":"Ignore","floor":44,"damage_taken":0}],"boss_relics":[{"not_picked":["Velvet Choker","The Specimen"],"picked":"Ectoplasm"},{"not_picked":["Philosopher\u0027s Stone","Black Star"],"picked":"Astrolabe"}],"potions_floor_spawned":[5,12,18,20,29,30,33,35,39,42],"seed_played":"7861696878037627717","ascension_level":0,"is_trial":false}