{"path_per_floor":["M","M","M","$","M","R","M","E","T","E","M","M","M","?","R","B",null,"M","M","?","?","M","R","E","R","T","?"],"character_chosen":"THE_SILENT","items_purchased":["Backflip"],"gold_per_floor":[112,129,148,24,43,43,59,90,113,146,164,176,189,189,189,294,294,275,293,293,218,229,229,257,257,257,257,257],"floor_reached":28,"campfire_rested":0,"playtime":1952,"current_hp_per_floor":[70,70,70,70,65,65,65,48,48,47,47,47,47,70,70,42,70,60,60,60,60,60,60,57,57,57,57,0],"items_purged":["Strike_G"],"gold":257,"score":252,"play_id":"b88c91ea-3481-44d6-8cc5-8798ce5f69ef","local_time":"20180321203420","is_prod":false,"is_daily":false,"is_ascension_mode":false,"campfire_upgraded":4,"timestamp":1521689660,"path_taken":["M","M","M","$","?","R","M","E","T","E","M","?","M","?","R","BOSS","M","M","?","?","M","R","E","R","T","?","M"],"build_version":"2018-03-20","purchased_purges":1,"victory":false,"master_deck":["Defend_G","Defend_G+1","Defend_G","Defend_G","Defend_G+1","Strike_G","Strike_G","Strike_G","Strike_G","Survivor","Neutralize+1","Dash+1","PiercingWail","Prepared","Backflip","Prepared","Quick Slash","Dagger Throw","Predator+1","Dagger Throw","Outmaneuver","Concentrate+1"],"max_hp_per_floor":[70,70,70,70,70,70,70,70,70,70,70,70,70,70,70,70,70,70,70,70,70,70,70,70,70,70,70,70],"relics":["Runic Pyramid","War Paint","Bag of Preparation","Pen Nib","Lizard Tail","Paper Crane","Bottled Flame","Torii"],"card_choices":[{"not_picked":["Cloak And Dagger","Dagger Spray"],"picked":"Dash","floor":1},{"not_picked":["Storm of Steel","Underhanded Strike"],"picked":"PiercingWail","floor":2},{"not_picked":["Poisoned Stab","Dagger Spray"],"picked":"Prepared","floor":3},{"not_picked":["Catalyst","Slice"],"picked":"Prepared","floor":5},{"not_picked":["Slice","Deflect"],"picked":"Quick Slash","floor":7},{"not_picked":["Expertise","Slice"],"picked":"Dagger Throw","floor":8},{"not_picked":["Blur","Prepared"],"picked":"Predator","floor":11},{"not_picked":["Backflip","Poisoned Stab"],"picked":"Dagger Throw","floor":12},{"not_picked":["Dodge and Roll","Cloak And Dagger"],"picked":"Outmaneuver","floor":13},{"not_picked":["Slice","Flying Knee"],"picked":"Concentrate","floor":24}],"player_experience":165787,"potions_floor_usage":[5,8,22,24,24],"damage_taken":[{"damage":0,"enemies":"Cultist","floor":1,"turns":5},{"damage":0,"enemies":"Jaw Worm","floor":2,"turns":4},{"damage":0,"enemies":"Small Slimes","floor":3,"turns":3},{"damage":5,"enemies":"Exordium Wildlife","floor":5,"turns":8},{"damage":0,"enemies":"Looter","floor":7,"turns":4},{"damage":17,"enemies":"Gremlin Nob","floor":8,"turns":6},{"damage":1,"enemies":"3 Sentries","floor":10,"turns":9},{"damage":0,"enemies":"3 Louse","floor":11,"turns":5},{"damage":0,"enemies":"Large Slime","floor":12,"turns":5},{"damage":0,"enemies":"Lots of Slimes","floor":13,"turns":4},{"damage":28,"enemies":"Hexaghost","floor":16,"turns":12},{"damage":10,"enemies":"2 Thieves","floor":18,"turns":4},{"damage":0,"enemies":"Shell Parasite","floor":19,"turns":6},{"damage":0,"enemies":"Centurion and Healer","floor":22,"turns":9},{"damage":18,"enemies":"Slavers","floor":24,"turns":7},{"damage":126,"enemies":"Cultist and Chosen","floor":28,"turns":9}],"event_choices":[{"event_name":"Big Fish","player_choice":"Banana","floor":14,"damage_taken":0},{"event_name":"The Mausoleum","player_choice":"Yes","floor":20,"damage_taken":0},{"event_name":"Beggar","player_choice":"Gave Gold","floor":21,"damage_taken":0},{"event_name":"N\u0027loth","player_choice":"Ignored","floor":27,"damage_taken":0}],"boss_relics":[{"not_picked":["Snecko Eye","Calling Bell"],"picked":"Lizard Tail"}],"potions_floor_spawned":[1,7,11,13,22],"seed_played":"555791340819288172","killed_by":"Cultist and Chosen","ascension_level":0,"is_trial":false}