{"path_per_floor":["M","M","?","?","M","R","M","R","T","?","?","M","M","$","R","B",null,"M","M","?","M","?","M","$","E","T","$","M","?","E","M","R","B",null,"M","T","?","$","M","R","M","R","T","E","M","M","M"],"character_chosen":"THE_SILENT","items_purchased":["Backflip","Regen Potion","Strength Potion","Regen Potion","Strawberry","Escape Plan"],"gold_per_floor":[141,151,151,226,237,237,257,257,257,207,207,223,243,143,143,240,240,252,262,442,458,458,474,274,304,376,48,59,59,93,113,113,211,211,224,224,224,0,18,18,37,37,119,149,166,182,198],"floor_reached":48,"campfire_rested":1,"playtime":2864,"current_hp_per_floor":[75,73,73,62,62,62,58,58,58,58,58,58,56,56,56,23,75,62,62,38,32,32,32,32,19,19,26,32,32,19,9,33,9,82,75,75,82,82,74,80,69,77,77,44,44,42,22],"items_purged":["Strike_G","Strike_G","Defend_G","Underhanded Strike"],"gold":198,"score":546,"play_id":"5d60e6bb-7558-44c3-bd1e-60a21c7281fe","local_time":"20180315020021","is_prod":false,"is_daily":false,"is_ascension_mode":false,"campfire_upgraded":5,"timestamp":1521104421,"path_taken":["M","M","?","?","?","R","M","R","T","?","?","M","M","?","R","BOSS","M","M","?","?","?","M","$","E","T","$","M","?","E","?","R","BOSS","M","?","?","?","M","R","M","R","T","E","M","?","M","?"],"build_version":"2018-03-12v2","purchased_purges":4,"victory":false,"master_deck":["Defend_G","Defend_G","Strike_G+1","Survivor","Neutralize+1","Flying Knee","Malaise+1","Die Die Die+1","Blade Dance+1","Backflip+1","Night Terror+1","Terror+1","Predator+1","Outmaneuver+1","Choke+1","Backflip+1","Escape Plan+1","Writhe","Escape Plan","Heel Hook+1","Riddle With Holes+1"],"max_hp_per_floor":[75,75,75,75,75,75,75,75,75,75,75,75,75,75,75,75,75,75,75,75,75,75,75,75,75,75,82,82,82,82,82,82,82,82,82,82,82,82,82,82,82,82,82,82,82,82,82],"relics":["Tiny House","Ninja Scroll","Astrolabe","Letter Opener","Gremlin Horn","Strawberry","Du-Vu Doll","Eternal Feather","Whetstone","Matryoshka","Regal Pillow"],"card_choices":[{"not_picked":["Dagger Throw","Setup"],"picked":"Flying Knee"},{"not_picked":["Acrobatics","Dagger Spray"],"picked":"Malaise"},{"not_picked":["Sucker Punch","Quick Slash"],"picked":"Die Die Die"},{"not_picked":["Bouncing Flask","Underhanded Strike"],"picked":"Blade Dance"},{"not_picked":["Grand Finale","Glass Knife"],"picked":"Night Terror"},{"not_picked":["Catalyst","Eviscerate"],"picked":"Outmaneuver"},{"not_picked":["Skewer","Deflect"],"picked":"Choke"},{"not_picked":["Expertise","Bouncing Flask"],"picked":"Backflip"},{"not_picked":["Poisoned Stab","Outmaneuver"],"picked":"Escape Plan"},{"not_picked":["Underhanded Strike","Tactician"],"picked":"Heel Hook"},{"not_picked":["Slice","Reflex"],"picked":"Riddle With Holes"}],"player_experience":139694,"potions_floor_usage":[5,16,21,21,25,25,28,28,30,33,44,48,48],"damage_taken":[{"damage":0,"enemies":"Jaw Worm","floor":1,"turns":5},{"damage":2,"enemies":"Cultist","floor":2,"turns":4},{"damage":0,"enemies":"2 Louse","floor":5,"turns":1},{"damage":4,"enemies":"Looter","floor":7,"turns":5},{"damage":0,"enemies":"3 Louse","floor":12,"turns":1},{"damage":2,"enemies":"Blue Slaver","floor":13,"turns":4},{"damage":33,"enemies":"Hexaghost","floor":16,"turns":19},{"damage":13,"enemies":"2 Thieves","floor":18,"turns":3},{"damage":0,"enemies":"3 Byrds","floor":19,"turns":5},{"damage":6,"enemies":"Slaver and Parasite","floor":21,"turns":4},{"damage":0,"enemies":"Snecko","floor":23,"turns":3},{"damage":13,"enemies":"Gremlin Leader","floor":25,"turns":5},{"damage":6,"enemies":"Centurion and Healer","floor":28,"turns":5},{"damage":22,"enemies":"Slavers","floor":30,"turns":4},{"damage":10,"enemies":"Snake Plant","floor":31,"turns":3},{"damage":24,"enemies":"Champ","floor":33,"turns":16},{"damage":7,"enemies":"Orb Walker","floor":35,"turns":3},{"damage":8,"enemies":"Flame Bruiser 1 Orb","floor":39,"turns":4},{"damage":11,"enemies":"Maw","floor":41,"turns":7},{"damage":33,"enemies":"Nemesis","floor":44,"turns":5},{"damage":0,"enemies":"Flame Bruiser 2 Orb","floor":45,"turns":2},{"damage":2,"enemies":"Sphere and 2 Shapes","floor":46,"turns":7},{"damage":20,"enemies":"Maw","floor":47,"turns":7},{"damage":25,"enemies":"4 Shapes","floor":48,"turns":1}],"event_choices":[{"event_name":"Wheel of Change","player_choice":"Curse","floor":3,"damage_taken":0},{"event_name":"World of Goop","player_choice":"Gather Gold","floor":4,"damage_taken":0},{"event_name":"The Cleric","player_choice":"Card Removal","floor":10,"damage_taken":0},{"event_name":"Purifier","player_choice":"One Purge","floor":11,"damage_taken":0},{"event_name":"Knowing Skull","player_choice":"GOLD GOLD ","floor":20,"damage_taken":0},{"event_name":"Drug Dealer","player_choice":"Ignored","floor":22,"damage_taken":0},{"event_name":"Beggar","player_choice":"Ignored","floor":29,"damage_taken":0},{"event_name":"Winding Halls","player_choice":"Writhe","floor":37,"damage_taken":0}],"boss_relics":[{"not_picked":["Lizard Tail","Question Card"],"picked":"Astrolabe"},{"not_picked":["Velvet Choker","Pandora\u0027s Box"],"picked":"Eternal Feather"}],"potions_floor_spawned":[7,16,19,23,25,31,39,45,46],"seed_played":"8112189455301933777","killed_by":"4 Shapes","ascension_level":0,"is_trial":false}