{"path_per_floor":["M","?","M","M","T","R","M","M","T","M","M","$","M","?","R","B",null,"M","?","?","?","M","R","E","R","T","R","M","R","?","$","R"],"character_chosen":"THE_SILENT","items_purchased":["Ornamental Fan","Dagger Throw"],"gold_per_floor":[111,186,200,212,212,212,231,248,293,304,319,33,53,53,53,158,158,148,148,63,63,75,75,101,101,101,101,121,121,46,46,46],"floor_reached":33,"campfire_rested":3,"playtime":2020,"current_hp_per_floor":[69,58,58,58,58,58,57,57,57,57,47,47,47,70,70,24,70,64,49,49,49,48,48,9,23,23,23,14,28,28,28,42],"items_purged":[],"gold":46,"score":283,"play_id":"2906637c-86b2-409b-8663-3471e27f9d26","local_time":"20180315004258","is_prod":false,"is_daily":false,"is_ascension_mode":false,"campfire_upgraded":4,"timestamp":1521099778,"path_taken":["M","?","?","M","?","R","M","M","T","M","M","$","M","?","R","BOSS","M","?","?","?","?","R","E","R","T","R","M","R","?","$","R","BOSS"],"build_version":"2018-03-12v2","purchased_purges":0,"victory":false,"master_deck":["Defend_G","Defend_G","Defend_G","Defend_G","Survivor","Neutralize+1","Prepared+1","Dagger Throw","Backflip","Cloak And Dagger+1","Dagger Throw","Predator+1","Bite","Bite","Bite","Bite","Bite"],"max_hp_per_floor":[70,70,70,70,70,70,70,70,70,70,70,70,70,70,70,70,70,70,49,49,49,49,49,49,49,49,49,49,49,49,49,49],"relics":["Ring of the Snake","Du-Vu Doll","Happy Flower","Ornamental Fan","Philosopher\u0027s Stone","Orichalcum","Juzu Bracelet","Ninja Scroll"],"card_choices":[{"not_picked":["Catalyst","Poisoned Stab"],"picked":"Prepared"},{"not_picked":["Deadly Poison","Slice"],"picked":"Dagger Throw"},{"not_picked":["Poisoned Stab","Backstab"],"picked":"Backflip"},{"not_picked":["Eviscerate","Blade Dance"],"picked":"Cloak And Dagger"},{"not_picked":["Sucker Punch","Slice"],"picked":"Predator"}],"player_experience":135926,"potions_floor_usage":[7,16,24,33,33,33],"damage_taken":[{"damage":1,"enemies":"2 Louse","floor":1,"turns":3},{"damage":0,"enemies":"Jaw Worm","floor":3,"turns":6},{"damage":0,"enemies":"Cultist","floor":4,"turns":3},{"damage":1,"enemies":"Exordium Thugs","floor":7,"turns":4},{"damage":0,"enemies":"Looter","floor":8,"turns":5},{"damage":0,"enemies":"Large Slime","floor":10,"turns":7},{"damage":10,"enemies":"Exordium Thugs","floor":11,"turns":8},{"damage":0,"enemies":"3 Louse","floor":13,"turns":4},{"damage":46,"enemies":"The Guardian","floor":16,"turns":16},{"damage":6,"enemies":"2 Thieves","floor":18,"turns":4},{"damage":5,"enemies":"Shell Parasite","floor":22,"turns":5},{"damage":61,"enemies":"Gremlin Leader","floor":24,"turns":10},{"damage":17,"enemies":"Snecko","floor":28,"turns":5},{"damage":106,"enemies":"Collector","floor":33,"turns":10}],"event_choices":[{"event_name":"World of Goop","player_choice":"Gather Gold","floor":2,"damage_taken":0},{"event_name":"Big Fish","player_choice":"Banana","floor":14,"damage_taken":0},{"event_name":"Vampires","player_choice":"Became a vampire","floor":19,"damage_taken":0},{"event_name":"Addict","player_choice":"Obtained Relic","floor":20,"damage_taken":0},{"event_name":"The Lab","player_choice":"Got Potions","floor":21,"damage_taken":0},{"event_name":"Beggar","player_choice":"Gave Gold","floor":30,"damage_taken":0}],"boss_relics":[{"not_picked":["Question Card","Snecko Eye"],"picked":"Philosopher\u0027s Stone"}],"potions_floor_spawned":[1,4,8,28],"seed_played":"6623698660384121723","killed_by":"Collector","ascension_level":0,"is_trial":false}