{"path_per_floor":["M","?","?","T","M","R","E","R","T","$","M","$","M","M","R","B",null,"M","?","?","?","M","E","R","$","T","M","M","M","M","$","R"],"character_chosen":"THE_SILENT","items_purchased":["Terror","Finisher","Strength Potion","Underhanded Strike","Dagger Spray"],"gold_per_floor":[10,85,85,132,144,144,176,176,176,14,31,7,25,39,39,137,137,157,82,82,82,99,126,126,51,51,69,83,94,111,87,87,87],"floor_reached":33,"campfire_rested":2,"playtime":1682,"current_hp_per_floor":[70,59,59,59,58,58,35,56,56,56,56,56,56,56,56,24,70,49,49,49,70,70,44,44,44,44,40,35,20,16,16,52,0],"items_purged":["Strike_G"],"gold":87,"score":267,"play_id":"b26851ad-e192-4e03-ab73-42827c468b67","local_time":"20180331191017","is_prod":false,"is_daily":false,"is_ascension_mode":false,"campfire_upgraded":3,"timestamp":1522548617,"path_taken":["M","?","?","?","M","R","E","R","T","$","M","$","M","M","R","BOSS","M","?","?","?","M","E","R","$","T","M","M","?","M","?","R","BOSS"],"build_version":"2018-03-29","purchased_purges":2,"victory":false,"master_deck":["Defend_G","Defend_G","Defend_G","Defend_G","Defend_G","Strike_G","Strike_G","Strike_G","Survivor","Neutralize+1","Outmaneuver+1","Prepared","Cloak And Dagger+1","Terror","Finisher+1","Dagger Throw","Underhanded Strike","Skewer","Quick Slash+1","Concentrate+1","Predator","Regret","Backstab","Backflip","Blur","Dagger Spray"],"max_hp_per_floor":[70,70,70,70,70,70,70,70,70,70,70,70,70,70,70,70,70,70,70,70,70,70,70,70,70,70,70,70,70,70,70,70,70],"relics":["Ring of the Snake","Gambling Chip","Dream Catcher","Bottled Flame","Letter Opener","Cursed Key","Regal Pillow","Du-Vu Doll"],"card_choices":[{"not_picked":["Deflect","Acrobatics"],"picked":"Outmaneuver","floor":1},{"not_picked":["Dodge and Roll","Infinite Blades"],"picked":"Prepared","floor":7},{"not_picked":["Acrobatics","Dodge and Roll"],"picked":"Cloak And Dagger","floor":8},{"not_picked":["Grand Finale","Sucker Punch"],"picked":"Dagger Throw","floor":11},{"not_picked":["Prepared","Outmaneuver"],"picked":"Skewer","floor":13},{"not_picked":["Bullet Time","Prepared"],"picked":"Well Laid Plans","floor":14},{"not_picked":["PiercingWail","Escape Plan"],"picked":"Quick Slash","floor":18},{"not_picked":["Bane","Poisoned Stab"],"picked":"Concentrate","floor":22},{"not_picked":["Setup","Dash"],"picked":"Predator","floor":23},{"not_picked":["Deflect","Slice"],"picked":"Backstab","floor":27},{"not_picked":["Outmaneuver","Dagger Spray"],"picked":"Backflip","floor":28},{"not_picked":["Flying Knee","Deadly Poison"],"picked":"Blur","floor":30}],"player_experience":212494,"potions_floor_usage":[7,23,28,30,33,33],"damage_taken":[{"damage":0,"enemies":"2 Louse","floor":1,"turns":2},{"damage":1,"enemies":"Cultist","floor":5,"turns":4},{"damage":23,"enemies":"Gremlin Nob","floor":7,"turns":6},{"damage":0,"enemies":"Jaw Worm","floor":11,"turns":3},{"damage":0,"enemies":"Blue Slaver","floor":13,"turns":3},{"damage":0,"enemies":"Exordium Wildlife","floor":14,"turns":3},{"damage":32,"enemies":"Hexaghost","floor":16,"turns":10},{"damage":21,"enemies":"Chosen","floor":18,"turns":5},{"damage":0,"enemies":"Shell Parasite","floor":22,"turns":5},{"damage":26,"enemies":"Gremlin Leader","floor":23,"turns":8},{"damage":4,"enemies":"Snecko","floor":27,"turns":4},{"damage":5,"enemies":"Chosen and Byrds","floor":28,"turns":4},{"damage":15,"enemies":"Snake Plant","floor":29,"turns":3},{"damage":4,"enemies":"Slaver and Parasite","floor":30,"turns":3},{"damage":55,"enemies":"Collector","floor":33,"turns":6}],"event_choices":[{"event_name":"World of Goop","player_choice":"Gather Gold","floor":2,"damage_taken":0},{"event_name":"Upgrade Shrine","player_choice":"Upgraded","floor":3,"damage_taken":0},{"event_name":"Beggar","player_choice":"Gave Gold","floor":19,"damage_taken":0},{"event_name":"The Woman in Blue","player_choice":"Bought 0 Potions","floor":20,"damage_taken":0},{"event_name":"Bonfire Elementals","player_choice":"UNCOMMON","floor":21,"damage_taken":0}],"boss_relics":[{"not_picked":["Lizard Tail","Ectoplasm"],"picked":"Cursed Key"}],"potions_floor_spawned":[5,13,23,27,28,29],"seed_played":"1993283924332595650","killed_by":"Collector","ascension_level":0,"is_trial":false}