{"path_per_floor":["M","M","M","$","?","?","M","E","T","R","E","?","?","M","R","B",null,"M","M","M","?","$","R","E","M","T","R","M","R","M","M","R","B",null,"M","M","?","?","$","R","M","R","T","E","M","M","?","?","R","B"],"character_chosen":"THE_SILENT","items_purchased":["Juzu Bracelet","Kunai","Footwork","Escape Plan"],"gold_per_floor":[141,156,169,26,26,26,39,65,89,89,120,120,120,130,130,225,225,238,255,265,265,24,24,58,73,73,73,90,90,106,124,124,229,229,245,255,255,255,72,72,87,87,110,139,149,163,163,211,211,211],"floor_reached":51,"campfire_rested":3,"playtime":5202,"current_hp_per_floor":[71,71,71,71,56,49,48,41,41,41,45,45,33,33,70,53,75,73,63,63,63,63,63,63,63,63,63,63,63,49,32,69,38,75,75,75,65,56,56,56,49,49,49,51,53,55,55,51,75,32],"items_purged":["Defend_G"],"gold":211,"score":734,"play_id":"7cf20bbe-33ed-4e90-b6c8-12ed20f59c33","local_time":"20180403135339","is_prod":false,"is_daily":false,"is_ascension_mode":false,"campfire_upgraded":6,"timestamp":1522788819,"path_taken":["M","M","?","?","?","?","M","E","T","R","E","?","?","M","R","BOSS","M","M","M","?","$","R","E","M","T","R","M","R","M","M","R","BOSS","M","M","?","?","$","R","M","R","T","E","M","M","?","?","R","BOSS"],"build_version":"2018-04-02","purchased_purges":1,"victory":true,"master_deck":["Defend_G","Defend_G","Defend_G+1","Defend_G","Strike_G","Strike_G+1","Survivor+1","Neutralize+1","Blur","Terror+1","Dagger Spray+1","Burst+1","Blade Dance+1","Footwork+1","Cloak And Dagger+1","Finisher+1","Backflip","Escape Plan+1","After Image+1","Backflip+1","Blur","Prepared","Cloak And Dagger+1","Prepared","Blur+1","Panache+1","Deep Breath","Madness","Madness","Footwork+1","Escape Plan","Concentrate+1","Well Laid Plans+1","Acrobatics+1","Bouncing Flask"],"max_hp_per_floor":[75,75,75,75,75,75,75,75,75,75,75,75,75,75,75,75,75,75,75,75,75,75,75,75,75,75,75,75,75,75,75,75,75,75,75,75,75,75,75,75,75,75,75,75,75,75,75,75,75,75],"relics":["Tiny House","Juzu Bracelet","Lantern","Regal Pillow","Ornamental Fan","Mercury Hourglass","Sozu","Kunai","Pen Nib","Frozen Egg 2","Orrery","Blood Vial","Paper Crane","Sundial"],"card_choices":[{"not_picked":["Riddle With Holes","Dodge and Roll"],"picked":"Backstab","floor":0},{"not_picked":["Night Terror","Dodge and Roll"],"picked":"Blur","floor":1},{"not_picked":["Noxious Fumes","PiercingWail"],"picked":"Terror","floor":2},{"not_picked":["Terror","Unload"],"picked":"Dagger Spray","floor":8},{"not_picked":["Envenom","Phantasmal Killer"],"picked":"Burst","floor":16},{"not_picked":["Dodge and Roll","Choke"],"picked":"Blade Dance","floor":18},{"not_picked":["Infinite Blades","Deflect"],"picked":"Footwork","floor":19},{"not_picked":["Slice","Dagger Throw"],"picked":"Cloak And Dagger","floor":20},{"not_picked":["Quick Slash","Backflip"],"picked":"Finisher","floor":24},{"not_picked":["Distraction","Malaise"],"picked":"Backflip","floor":28},{"not_picked":["Finisher","Deflect"],"picked":"Escape Plan","floor":31},{"not_picked":["Grand Finale","Tools of the Trade"],"picked":"After Image","floor":33},{"not_picked":["Sucker Punch","PiercingWail"],"picked":"Backflip","floor":34},{"not_picked":["Distraction","Quick Slash"],"picked":"Blur","floor":34},{"not_picked":["Leg Sweep","Caltrops"],"picked":"Prepared","floor":34},{"not_picked":["PiercingWail","Endless Agony"],"picked":"Cloak And Dagger","floor":34},{"not_picked":["Endless Agony","Predator"],"picked":"Prepared","floor":34},{"not_picked":["Sucker Punch","Dash"],"picked":"Blur","floor":36},{"not_picked":["Deep Breath","Trip"],"picked":"Panache","floor":37},{"not_picked":["Panacea","Purity"],"picked":"Deep Breath","floor":37},{"not_picked":["Deadly Poison","Sucker Punch"],"picked":"Concentrate","floor":41},{"not_picked":["Eviscerate","Masterful Stab"],"picked":"Well Laid Plans","floor":44},{"not_picked":["Escape Plan","Sucker Punch"],"picked":"Acrobatics","floor":46},{"not_picked":["PiercingWail","Deflect"],"picked":"Bouncing Flask","floor":48}],"player_experience":224928,"potions_floor_usage":[11,11,11,24],"damage_taken":[{"damage":4,"enemies":"Cultist","floor":1,"turns":5},{"damage":0,"enemies":"2 Louse","floor":2,"turns":2},{"damage":0,"enemies":"Small Slimes","floor":3,"turns":3},{"damage":1,"enemies":"Exordium Wildlife","floor":7,"turns":4},{"damage":7,"enemies":"3 Sentries","floor":8,"turns":12},{"damage":8,"enemies":"Lagavulin","floor":11,"turns":5},{"damage":0,"enemies":"2 Fungi Beasts","floor":14,"turns":3},{"damage":17,"enemies":"Slime Boss","floor":16,"turns":12},{"damage":2,"enemies":"Shell Parasite","floor":18,"turns":8},{"damage":10,"enemies":"2 Thieves","floor":19,"turns":4},{"damage":0,"enemies":"Slaver and Parasite","floor":20,"turns":12},{"damage":0,"enemies":"Slavers","floor":24,"turns":7},{"damage":0,"enemies":"Centurion and Healer","floor":25,"turns":8},{"damage":0,"enemies":"3 Cultists","floor":28,"turns":6},{"damage":14,"enemies":"Cultist and Chosen","floor":30,"turns":7},{"damage":17,"enemies":"Snake Plant","floor":31,"turns":5},{"damage":31,"enemies":"Champ","floor":33,"turns":15},{"damage":0,"enemies":"3 Shapes","floor":35,"turns":4},{"damage":0,"enemies":"Orb Walker","floor":36,"turns":4},{"damage":7,"enemies":"3 Darklings","floor":41,"turns":6},{"damage":0,"enemies":"Giant Head","floor":44,"turns":8},{"damage":0,"enemies":"Spire Growth","floor":45,"turns":6},{"damage":0,"enemies":"Sphere and 2 Shapes","floor":46,"turns":6},{"damage":6,"enemies":"Mysterious Sphere","floor":48,"turns":4},{"damage":43,"enemies":"Time Eater","floor":50,"turns":11}],"event_choices":[{"event_name":"Shining Light","player_choice":"Entered Light","floor":5,"damage_taken":0},{"event_name":"Golden Wing","player_choice":"Card Removal","floor":6,"damage_taken":0},{"event_name":"Bonfire Elementals","player_choice":"BASIC","floor":12,"damage_taken":0},{"event_name":"Scrap Ooze","player_choice":"success","floor":13,"damage_taken":12},{"event_name":"Purifier","player_choice":"One Purge","floor":21,"damage_taken":0},{"event_name":"SensoryStone","player_choice":"Memory 3","floor":37,"damage_taken":0},{"event_name":"Winding Halls","player_choice":"Embrace Madness","floor":38,"damage_taken":0},{"event_name":"Mysterious Sphere","player_choice":"Fight","floor":48,"damage_taken":0}],"boss_relics":[{"not_picked":["Runic Pyramid","Pandora\u0027s Box"],"picked":"Sozu"},{"not_picked":["White Beast Statue","Runic Dome"],"picked":"Orrery"}],"potions_floor_spawned":[1,8,14,18,20,24,28,35,36,45],"seed_played":"-4477045848251345511","ascension_level":0,"is_trial":false}