{"path_per_floor":["M","M","?","?","M","M","R","M","T","M","T","R","?","$","R","B",null,"M","?","?","M","?","R","E","M","T","M","M","$","R","M","R","B",null,"M","?","M","?","$","R","E","R","T","M","R","?","R","M","R","B"],"character_chosen":"THE_SILENT","items_purchased":["Toxic Egg 2","Acrobatics","Malaise","Backflip","Shuriken"],"gold_per_floor":[110,122,197,197,214,228,228,247,247,267,343,343,366,57,57,154,154,168,168,168,182,182,182,211,231,257,273,283,123,123,136,136,237,237,250,250,260,260,10,10,36,36,84,99,99,144,144,158,158,158],"floor_reached":51,"campfire_rested":1,"playtime":3652,"current_hp_per_floor":[70,70,59,64,64,40,62,58,58,58,58,58,58,58,58,41,75,75,75,82,82,82,82,62,62,62,62,62,62,70,70,80,62,82,82,82,82,82,82,82,82,82,82,82,82,82,82,82,82,54],"items_purged":["Writhe"],"gold":158,"score":687,"play_id":"ac819f5a-fcb0-435d-a592-aace44e3600e","local_time":"20180404191552","is_prod":false,"is_daily":false,"is_ascension_mode":false,"campfire_upgraded":10,"timestamp":1522894552,"path_taken":["M","M","?","?","M","M","R","M","T","?","?","R","?","$","R","BOSS","M","?","?","?","?","R","E","M","T","M","M","$","R","M","R","BOSS","M","?","M","?","$","R","E","R","T","M","R","?","R","?","R","BOSS"],"build_version":"2018-04-03","purchased_purges":1,"victory":true,"master_deck":["Defend_G","Defend_G","Defend_G","Strike_G","Strike_G","Survivor+1","Neutralize+1","Quick Slash+1","Prepared+1","Calculated Gamble+1","Underhanded Strike+1","Acrobatics+1","Tools of the Trade+1","Escape Plan+1","Backflip+1","Sucker Punch+1","Distraction+1","Heel Hook+1","Malaise+1","Backflip+1","Choke+1","Adrenaline+1","Backstab+1","Caltrops+1","Doppelganger+1","Outmaneuver+1","Setup+1","Terror+1","Dagger Throw+1","Blur+1","Acrobatics+1"],"max_hp_per_floor":[70,70,70,75,75,75,75,75,75,75,75,75,75,75,75,75,75,75,75,82,82,82,82,82,82,82,82,82,82,82,82,82,82,82,82,82,82,82,82,82,82,82,82,82,82,82,82,82,82,82],"relics":["Ring of the Snake","NeowsBlessing","Tingsha","Tough Bandages","Odd Mushroom","Toxic Egg 2","Eternal Feather","Strawberry","Dodecahedron","Lantern","Astrolabe","Shuriken","Oddly Smooth Stone","Vajra","The Specimen"],"card_choices":[{"not_picked":["Outmaneuver","All Out Attack"],"picked":"Quick Slash","floor":1},{"not_picked":["Acrobatics","Blade Dance"],"picked":"Prepared","floor":6},{"not_picked":["Sucker Punch","Noxious Fumes"],"picked":"Calculated Gamble","floor":10},{"not_picked":["Quick Slash","Deadly Poison"],"picked":"Underhanded Strike","floor":13},{"not_picked":["Envenom","Venomology"],"picked":"Tools of the Trade","floor":16},{"not_picked":["Skewer","Deadly Poison"],"picked":"Escape Plan","floor":18},{"not_picked":["Finisher","Quick Slash"],"picked":"Backflip","floor":21},{"not_picked":["Dagger Spray","Glass Knife"],"picked":"Distraction","floor":24},{"not_picked":["Dagger Spray","Quick Slash"],"picked":"Heel Hook","floor":25},{"not_picked":["Dash","Backstab"],"picked":"Choke","floor":31},{"not_picked":["Doppelganger","Phantasmal Killer"],"picked":"Adrenaline","floor":33},{"not_picked":["Quick Slash","Flying Knee"],"picked":"Outmaneuver","floor":35},{"not_picked":["Underhanded Strike","Poisoned Stab"],"picked":"Setup","floor":37},{"not_picked":["Catalyst","Concentrate"],"picked":"Terror","floor":41},{"not_picked":["Sucker Punch","Bane"],"picked":"Dagger Throw","floor":44},{"not_picked":["Well Laid Plans","Eviscerate"],"picked":"Blur","floor":46},{"not_picked":["Choke","Flying Knee"],"picked":"Acrobatics","floor":48}],"player_experience":230130,"potions_floor_usage":[8,16,16,28,28,41,50,50,50],"damage_taken":[{"damage":0,"enemies":"Cultist","floor":1,"turns":1},{"damage":0,"enemies":"Jaw Worm","floor":2,"turns":1},{"damage":0,"enemies":"Small Slimes","floor":5,"turns":1},{"damage":24,"enemies":"Exordium Thugs","floor":6,"turns":7},{"damage":4,"enemies":"Gremlin Gang","floor":8,"turns":3},{"damage":0,"enemies":"Exordium Wildlife","floor":10,"turns":3},{"damage":0,"enemies":"The Mushroom Lair","floor":13,"turns":4},{"damage":17,"enemies":"Slime Boss","floor":16,"turns":10},{"damage":0,"enemies":"Chosen","floor":18,"turns":3},{"damage":0,"enemies":"Spheric Guardian","floor":21,"turns":3},{"damage":20,"enemies":"Gremlin Leader","floor":24,"turns":8},{"damage":0,"enemies":"Centurion and Healer","floor":25,"turns":9},{"damage":0,"enemies":"Snecko","floor":27,"turns":8},{"damage":0,"enemies":"Cultist and Chosen","floor":28,"turns":4},{"damage":0,"enemies":"Snake Plant","floor":31,"turns":4},{"damage":18,"enemies":"Automaton","floor":33,"turns":13},{"damage":0,"enemies":"3 Shapes","floor":35,"turns":2},{"damage":0,"enemies":"Orb Walker","floor":37,"turns":2},{"damage":0,"enemies":"Giant Head","floor":41,"turns":5},{"damage":0,"enemies":"Spire Growth","floor":44,"turns":3},{"damage":0,"enemies":"Mysterious Sphere","floor":46,"turns":3},{"damage":0,"enemies":"4 Shapes","floor":48,"turns":4},{"damage":28,"enemies":"Awakened One","floor":50,"turns":16}],"event_choices":[{"event_name":"World of Goop","player_choice":"Gather Gold","floor":3,"damage_taken":0},{"event_name":"Big Fish","player_choice":"Donut","floor":4,"damage_taken":0},{"event_name":"Mushrooms","player_choice":"Fought Mushrooms","floor":13,"damage_taken":0},{"event_name":"Vampires","player_choice":"Ignored","floor":19,"damage_taken":0},{"event_name":"The Mausoleum","player_choice":"Yes","floor":20,"damage_taken":0},{"event_name":"Transmorgrifier","player_choice":"Transform","floor":22,"damage_taken":0},{"event_name":"Tomb of Lord Red Mask","player_choice":"Ignored","floor":38,"damage_taken":0},{"event_name":"Mysterious Sphere","player_choice":"Fight","floor":46,"damage_taken":0}],"boss_relics":[{"not_picked":["Calling Bell","Pandora\u0027s Box"],"picked":"Eternal Feather"},{"not_picked":["Tiny House","Runic Pyramid"],"picked":"Astrolabe"}],"potions_floor_spawned":[6,8,10,13,25,27,28,33,37,41,44,48],"seed_played":"3965916579260951761","ascension_level":0,"is_trial":false}