{"path_per_floor":["M","?","M","M","M","R","T","M","T","R","M","?","M","$","R","B",null,"M","?","$","?","M","R","E","M","T","M","?","M","R","M","R"],"character_chosen":"THE_SILENT","items_purchased":["Malaise","Escape Plan"],"gold_per_floor":[119,119,135,154,164,164,164,175,175,175,193,193,206,55,55,155,185,196,196,62,62,80,80,108,118,118,133,333,348,348,367,367,367],"floor_reached":33,"campfire_rested":3,"playtime":1411,"current_hp_per_floor":[67,67,67,67,65,65,65,63,63,63,55,55,55,55,55,50,75,62,62,62,48,48,72,46,42,42,16,16,14,38,38,62,0],"items_purged":["Strike_G","Strike_G"],"gold":367,"score":261,"play_id":"86935620-b689-4869-a286-ca4ba0acdbc0","local_time":"20180405183356","is_prod":false,"is_daily":false,"is_ascension_mode":false,"campfire_upgraded":3,"timestamp":1522978436,"path_taken":["M","?","M","M","M","R","?","M","T","R","?","?","M","$","R","BOSS","M","?","$","?","M","R","E","M","T","?","?","M","R","M","R","BOSS"],"build_version":"2018-04-05","purchased_purges":2,"victory":false,"master_deck":["Defend_G","Defend_G","Defend_G","Defend_G","Defend_G","Strike_G","Strike_G","Strike_G+1","Survivor","Neutralize+1","Cloak And Dagger+1","Quick Slash","Dagger Spray+1","Predator+1","All Out Attack+1","Malaise","Adrenaline","Footwork+1","Escape Plan","Backflip","Concentrate","Footwork"],"max_hp_per_floor":[70,70,70,70,70,70,70,70,70,70,70,70,70,70,70,70,75,75,75,75,80,80,80,80,80,80,80,80,80,80,80,80,80],"relics":["Sozu","Happy Flower","Pen Nib","Tiny House","Blue Candle","Whetstone"],"card_choices":[{"not_picked":["Bane","Blade Dance"],"picked":"Cloak And Dagger","floor":1},{"not_picked":["Expertise","PiercingWail"],"picked":"Quick Slash","floor":3},{"not_picked":["Expertise","PiercingWail"],"picked":"Dagger Spray","floor":4},{"not_picked":["Prepared","Bane"],"picked":"Predator","floor":5},{"not_picked":["Outmaneuver","Eviscerate"],"picked":"All Out Attack","floor":11},{"not_picked":["Doppelganger","Tactician"],"picked":"Adrenaline","floor":16},{"not_picked":["PiercingWail","Crippling Poison"],"picked":"Footwork","floor":18},{"not_picked":["Tools of the Trade","Quick Slash"],"picked":"Backflip","floor":22},{"not_picked":["Skewer","Flechettes"],"picked":"Concentrate","floor":25},{"not_picked":["Dodge and Roll","Flechettes"],"picked":"Footwork","floor":31}],"player_experience":239676,"potions_floor_usage":[],"damage_taken":[{"damage":3,"enemies":"2 Louse","floor":1,"turns":3},{"damage":0,"enemies":"Cultist","floor":3,"turns":5},{"damage":0,"enemies":"Jaw Worm","floor":4,"turns":4},{"damage":2,"enemies":"Exordium Wildlife","floor":5,"turns":3},{"damage":2,"enemies":"Blue Slaver","floor":8,"turns":3},{"damage":8,"enemies":"Exordium Thugs","floor":11,"turns":4},{"damage":0,"enemies":"Gremlin Gang","floor":13,"turns":3},{"damage":5,"enemies":"Slime Boss","floor":16,"turns":11},{"damage":13,"enemies":"Shell Parasite","floor":18,"turns":5},{"damage":0,"enemies":"Spheric Guardian","floor":22,"turns":3},{"damage":26,"enemies":"Slavers","floor":24,"turns":6},{"damage":4,"enemies":"3 Cultists","floor":25,"turns":5},{"damage":26,"enemies":"Slaver and Parasite","floor":27,"turns":8},{"damage":2,"enemies":"Sentry and Sphere","floor":29,"turns":3},{"damage":0,"enemies":"Centurion and Healer","floor":31,"turns":5},{"damage":62,"enemies":"Champ","floor":33,"turns":14}],"event_choices":[{"event_name":"The Woman in Blue","player_choice":"Bought 0 Potions","floor":2,"damage_taken":0},{"event_name":"The Lab","player_choice":"Got Potions","floor":12,"damage_taken":0},{"event_name":"Vampires","player_choice":"Ignored","floor":19,"damage_taken":0},{"event_name":"Forgotten Altar","player_choice":"Shed Blood","floor":21,"damage_taken":0},{"event_name":"Wheel of Change","player_choice":"Gold","floor":28,"damage_taken":0}],"boss_relics":[{"not_picked":["Black Star","Runic Pyramid"],"picked":"Tiny House"}],"potions_floor_spawned":[4,5,13,16,24,25,27],"seed_played":"4769818797122451721","killed_by":"Champ","ascension_level":0,"is_trial":false}