{"path_per_floor":["M","M","?","?","M","E","R","M","T","M","E","M","E","M","R","B",null,"M","M","?","$","M","E","?","R","T","E","R","E","M","?","R","B",null,"M","$","?","?","M","R","M","M","T","R","M","E","?","M","R","B"],"character_chosen":"THE_SILENT","items_purchased":["Vajra","Anchor","Dodge and Roll"],"gold_per_floor":[109,127,127,127,144,169,169,185,185,205,239,257,284,299,299,402,402,357,357,357,63,63,63,63,63,63,63,63,63,63,63,63,63,63,63,11,11,0,0,0,0,0,0,0,0,0,0,0,0,0],"floor_reached":51,"campfire_rested":0,"playtime":3701,"current_hp_per_floor":[70,69,69,62,62,53,53,53,53,52,50,50,46,48,48,15,77,76,77,77,77,72,63,63,63,63,73,73,71,77,61,61,57,77,75,75,70,70,72,72,74,74,74,74,76,77,77,77,77,49],"items_purged":[],"gold":0,"score":760,"play_id":"a69bb16b-f46a-49db-ab2a-263b092b358c","local_time":"20180331201217","is_prod":false,"is_daily":false,"is_ascension_mode":false,"campfire_upgraded":8,"timestamp":1522552337,"path_taken":["M","M","?","?","?","E","R","M","T","M","E","M","E","M","R","BOSS","M","M","?","$","?","E","?","R","T","E","R","E","M","?","R","BOSS","M","$","?","?","M","R","?","M","T","R","M","E","?","M","R","BOSS"],"build_version":"2018-03-29","purchased_purges":0,"victory":true,"master_deck":["Survivor","Neutralize+1","Terror+1","Quick Slash","Adrenaline","Backflip+1","Dagger Spray+1","Calculated Gamble+1","Die Die Die","Storm of Steel+1","Predator+1","Finisher+1","Bite","Bite","Bite","Bite","Bite","Underhanded Strike+1","Blur","Backflip+1","Dagger Throw+1","Terror","Quick Slash+1","Outmaneuver","Flechettes+1","Underhanded Strike+1","Escape Plan+1","Dodge and Roll+1","Finesse","Malaise+1","Cloak And Dagger+1","Malaise+1"],"max_hp_per_floor":[70,70,70,70,70,70,70,70,70,70,70,70,77,77,77,77,77,77,77,77,77,77,77,77,77,77,77,77,77,77,77,77,77,77,77,77,77,77,77,77,77,77,77,77,77,77,77,77,77,77],"relics":["Black Star","Unceasing Top","Gambling Chip","Torii","Dream Catcher","Regal Pillow","Strawberry","Ectoplasm","Vajra","Anchor","Dodecahedron","Letter Opener","Sundial","War Paint","Bag of Marbles","Darkstone Periapt","Molten Egg 2","Enchiridion","Pandora\u0027s Box","Red Mask","Ice Cream","Du-Vu Doll","Dead Branch"],"card_choices":[{"not_picked":["Choke","Storm of Steel"],"picked":"Terror","floor":1},{"not_picked":["Deflect","Eviscerate"],"picked":"Quick Slash","floor":2},{"not_picked":["Cloak And Dagger","Dagger Throw"],"picked":"Adrenaline","floor":6},{"not_picked":["Poisoned Stab","Dodge and Roll"],"picked":"Backflip","floor":10},{"not_picked":["PiercingWail","Cloak And Dagger"],"picked":"Dagger Spray","floor":12},{"not_picked":["Outmaneuver","Riddle With Holes"],"picked":"Calculated Gamble","floor":13},{"not_picked":["Dagger Throw","Acrobatics"],"picked":"Die Die Die","floor":14},{"not_picked":["Corpse Explosion","After Image"],"picked":"Storm of Steel","floor":16},{"not_picked":["Flechettes","Slice"],"picked":"Predator","floor":18},{"not_picked":["Quick Slash","Blade Dance"],"picked":"Finisher","floor":19},{"not_picked":["Acrobatics","Sucker Punch"],"picked":"Underhanded Strike","floor":23},{"not_picked":["Eviscerate","Glass Knife"],"picked":"Blur","floor":27},{"not_picked":["Prepared","Deflect"],"picked":"Backflip","floor":29},{"not_picked":["Slice","Quick Slash"],"picked":"Dagger Throw","floor":30},{"not_picked":["Riddle With Holes","PiercingWail"],"picked":"Escape Plan","floor":35},{"not_picked":["Dramatic Entrance","Madness"],"picked":"Finesse","floor":37},{"not_picked":["Backflip","Terror"],"picked":"Malaise","floor":45},{"not_picked":["Accuracy","Flying Knee"],"picked":"Cloak And Dagger","floor":46}],"player_experience":214176,"potions_floor_usage":[6,11,11,11,18,23,23,33,35,50,50,50],"damage_taken":[{"damage":0,"enemies":"Small Slimes","floor":1,"turns":3},{"damage":1,"enemies":"Jaw Worm","floor":2,"turns":5},{"damage":0,"enemies":"2 Louse","floor":5,"turns":3},{"damage":9,"enemies":"3 Sentries","floor":6,"turns":12},{"damage":0,"enemies":"Blue Slaver","floor":8,"turns":4},{"damage":1,"enemies":"Gremlin Gang","floor":10,"turns":8},{"damage":2,"enemies":"Lagavulin","floor":11,"turns":6},{"damage":0,"enemies":"Looter","floor":12,"turns":3},{"damage":11,"enemies":"3 Sentries","floor":13,"turns":7},{"damage":0,"enemies":"Red Slaver","floor":14,"turns":3},{"damage":35,"enemies":"Slime Boss","floor":16,"turns":12},{"damage":1,"enemies":"2 Thieves","floor":18,"turns":3},{"damage":0,"enemies":"Chosen","floor":19,"turns":4},{"damage":9,"enemies":"Centurion and Healer","floor":22,"turns":3},{"damage":15,"enemies":"Slavers","floor":23,"turns":3},{"damage":0,"enemies":"Gremlin Leader","floor":27,"turns":4},{"damage":8,"enemies":"Book of Stabbing","floor":29,"turns":4},{"damage":0,"enemies":"Snake Plant","floor":30,"turns":3},{"damage":10,"enemies":"Collector","floor":33,"turns":4},{"damage":2,"enemies":"3 Shapes","floor":35,"turns":4},{"damage":0,"enemies":"Flame Bruiser 1 Orb","floor":39,"turns":3},{"damage":0,"enemies":"3 Darklings","floor":41,"turns":2},{"damage":0,"enemies":"Sphere and 2 Shapes","floor":42,"turns":2},{"damage":1,"enemies":"Spire Growth","floor":45,"turns":3},{"damage":1,"enemies":"Nemesis","floor":46,"turns":5},{"damage":0,"enemies":"4 Shapes","floor":48,"turns":2},{"damage":39,"enemies":"Awakened One","floor":50,"turns":18}],"event_choices":[{"event_name":"Golden Idol","player_choice":"Ignored","floor":3,"damage_taken":0},{"event_name":"Golden Wing","player_choice":"Card Removal","floor":4,"damage_taken":0},{"event_name":"Vampires","player_choice":"Became a vampire (Vial)","floor":20,"damage_taken":0},{"event_name":"Ghosts","player_choice":"Ignored","floor":24,"damage_taken":0},{"event_name":"Cursed Tome","player_choice":"Obtained Book","floor":31,"damage_taken":0},{"event_name":"SensoryStone","player_choice":"Memory 2","floor":37,"damage_taken":0},{"event_name":"Tomb of Lord Red Mask","player_choice":"Paid","floor":38,"damage_taken":0},{"event_name":"Duplicator","player_choice":"One dupe","floor":47,"damage_taken":0}],"boss_relics":[{"not_picked":["Runic Pyramid","Orrery"],"picked":"Ectoplasm"},{"not_picked":["Calling Bell","Cursed Key"],"picked":"Pandora\u0027s Box"}],"potions_floor_spawned":[1,2,5,8,13,16,22,23,27,30,41,42,45],"seed_played":"5387424910694062256","ascension_level":0,"is_trial":false}