{"path_per_floor":["M","M","M","?","M","R","M","E","T","?","R","M","E","M","R","B",null,"M","M","?","M","$","R","?","?","T","?","R","T","R","E","R","B",null,"M","?","M","?","?","R","?","M","T","R","$","R","$","M","R","B"],"character_chosen":"THE_SILENT","items_purchased":["Letter Opener","Shuriken","Ice Cream","Cloak And Dagger"],"gold_per_floor":[114,134,152,227,243,243,256,291,291,291,291,305,330,343,343,448,448,461,471,471,490,34,34,34,34,82,82,82,134,134,160,160,265,295,309,309,320,320,320,320,320,334,334,334,2,2,2,22,22,22],"floor_reached":51,"campfire_rested":3,"playtime":2546,"current_hp_per_floor":[70,70,70,59,59,59,59,45,45,38,38,30,5,4,25,14,70,55,32,55,47,47,47,47,47,47,34,56,56,56,54,54,5,80,80,70,72,62,62,62,62,39,39,78,78,78,78,80,80,70],"items_purged":["Strike_G"],"gold":22,"score":698,"play_id":"55aaef4e-86ff-410b-9e7c-ba6b7cd18862","local_time":"20180405000440","is_prod":false,"is_daily":false,"is_ascension_mode":false,"campfire_upgraded":5,"timestamp":1522911880,"path_taken":["M","M","M","?","M","R","M","E","T","?","R","M","E","M","R","BOSS","M","M","?","M","$","R","?","?","T","?","R","?","R","E","R","BOSS","M","?","M","?","?","R","?","M","T","R","$","R","$","M","R","BOSS"],"build_version":"2018-04-03","purchased_purges":1,"victory":true,"master_deck":["Defend_G","Defend_G","Defend_G+1","Defend_G","Defend_G","Strike_G","Survivor","Neutralize+1","Acrobatics","Backstab","All Out Attack","Escape Plan","Malaise","Calculated Gamble","Venomology","Die Die Die","Doppelganger+1","Quick Slash+1","Outmaneuver+1","Night Terror+1","Burst+1","Cloak And Dagger+1","Madness","Madness","Dramatic Entrance","Deflect+1","Cloak And Dagger+1"],"max_hp_per_floor":[70,70,70,70,70,70,70,70,70,70,70,70,70,70,70,70,70,70,70,70,70,70,70,70,70,70,75,75,75,75,75,75,75,80,80,80,80,80,80,80,80,80,80,80,80,80,80,80,80,80],"relics":["Black Star","Bronze Scales","Blood Vial","Shovel","The Courier","Mummified Hand","Toolbox","Astrolabe","Letter Opener","Shuriken","Torii","Pen Nib","Omamori","Anchor","Regal Pillow","Tiny House","Bag of Preparation","Dead Branch","Ice Cream"],"card_choices":[{"not_picked":["Endless Agony","PiercingWail"],"picked":"Acrobatics","floor":1},{"not_picked":["Crippling Poison","Slice"],"picked":"Backstab","floor":2},{"not_picked":["PiercingWail","Dagger Throw"],"picked":"All Out Attack","floor":5},{"not_picked":["Acrobatics","Skewer"],"picked":"Escape Plan","floor":7},{"not_picked":["Dagger Throw","Quick Slash"],"picked":"Malaise","floor":8},{"not_picked":["Quick Slash","Caltrops"],"picked":"Calculated Gamble","floor":13},{"not_picked":["Blade Dance","Cloak And Dagger"],"picked":"Venomology","floor":14},{"not_picked":["Wraith Form","Unload"],"picked":"Die Die Die","floor":16},{"not_picked":["Deflect","Eviscerate"],"picked":"Outmaneuver","floor":18},{"not_picked":["Wraith Form","Tactician"],"picked":"Burst","floor":33},{"not_picked":["Finisher","Noxious Fumes"],"picked":"Cloak And Dagger","floor":34},{"not_picked":["Dash","Setup"],"picked":"Backstab","floor":37},{"not_picked":["Madness","Mind Blast"],"picked":"Dramatic Entrance","floor":38},{"not_picked":["Finisher","Flying Knee"],"picked":"Deflect","floor":42}],"player_experience":233782,"potions_floor_usage":[7,8,12,13,16,16,18,18,19,21,31,33,33,33,33,35,48,50,50,50],"damage_taken":[{"damage":0,"enemies":"Small Slimes","floor":1,"turns":5},{"damage":0,"enemies":"Jaw Worm","floor":2,"turns":9},{"damage":0,"enemies":"Cultist","floor":3,"turns":5},{"damage":0,"enemies":"Blue Slaver","floor":5,"turns":7},{"damage":0,"enemies":"3 Louse","floor":7,"turns":1},{"damage":14,"enemies":"3 Sentries","floor":8,"turns":7},{"damage":10,"enemies":"Large Slime","floor":12,"turns":7},{"damage":27,"enemies":"Lagavulin","floor":13,"turns":11},{"damage":3,"enemies":"Lots of Slimes","floor":14,"turns":2},{"damage":13,"enemies":"The Guardian","floor":16,"turns":17},{"damage":15,"enemies":"2 Thieves","floor":18,"turns":3},{"damage":25,"enemies":"Spheric Guardian","floor":19,"turns":6},{"damage":10,"enemies":"3 Cultists","floor":21,"turns":4},{"damage":4,"enemies":"Book of Stabbing","floor":31,"turns":5},{"damage":66,"enemies":"Collector","floor":33,"turns":10},{"damage":0,"enemies":"3 Shapes","floor":35,"turns":4},{"damage":0,"enemies":"Orb Walker","floor":37,"turns":3},{"damage":25,"enemies":"Spire Growth","floor":42,"turns":5},{"damage":0,"enemies":"4 Shapes","floor":48,"turns":4},{"damage":10,"enemies":"Donu and Deca","floor":50,"turns":6}],"event_choices":[{"event_name":"World of Goop","player_choice":"Gather Gold","floor":4,"damage_taken":0},{"event_name":"Wheel of Change","player_choice":"Damage","floor":10,"damage_taken":0},{"event_name":"The Library","player_choice":"Heal","floor":20,"damage_taken":0},{"event_name":"Transmorgrifier","player_choice":"Transform","floor":24,"damage_taken":0},{"event_name":"Addict","player_choice":"Ignored","floor":25,"damage_taken":0},{"event_name":"Forgotten Altar","player_choice":"Shed Blood","floor":27,"damage_taken":0},{"event_name":"Winding Halls","player_choice":"Embrace Madness","floor":36,"damage_taken":0},{"event_name":"SensoryStone","player_choice":"Memory 3","floor":38,"damage_taken":0},{"event_name":"Mysterious Sphere","player_choice":"Ignore","floor":41,"damage_taken":0}],"boss_relics":[{"not_picked":["Orrery","Snecko Eye"],"picked":"Astrolabe"},{"not_picked":["Philosopher\u0027s Stone","Pandora\u0027s Box"],"picked":"Tiny House"}],"potions_floor_spawned":[1,3,5,12,14,16,18,21,31,35,42],"seed_played":"5812193641000287290","ascension_level":0,"is_trial":false}