{"path_per_floor":["M","?","M","$","M","E","$","R","T","M","M","M","R","?","R","B",null,"M","M","?","M","?","R","M","R","T","R","?","M","M","M","R","B",null,"M","?","$","?","?","M","?","R","T","R","?","M","R","M","R"],"character_chosen":"THE_SILENT","items_purchased":["Flying Knee","Pantograph"],"gold_per_floor":[109,59,76,23,36,61,61,61,61,77,90,100,100,70,70,172,172,186,206,206,216,141,141,157,157,157,157,157,174,191,207,207,308,308,319,319,73,73,0,19,19,19,74,74,74,84,84,102,102,102],"floor_reached":50,"campfire_rested":3,"playtime":2292,"current_hp_per_floor":[70,70,65,65,65,26,26,47,47,45,44,43,43,43,43,7,70,59,53,37,27,27,48,47,47,47,47,52,42,38,38,59,35,70,69,69,69,69,69,69,69,70,70,70,70,69,70,64,70,0],"items_purged":[],"gold":102,"score":444,"play_id":"5faf54a2-c8ca-4083-ab84-09596e833379","local_time":"20180405181011","is_prod":false,"is_daily":false,"is_ascension_mode":false,"campfire_upgraded":8,"timestamp":1522977011,"path_taken":["M","?","M","?","?","E","$","R","T","M","M","M","R","?","R","BOSS","M","M","?","M","?","R","M","R","T","R","?","M","M","M","R","BOSS","M","?","$","?","?","M","?","R","T","R","?","M","R","M","R","BOSS"],"build_version":"2018-04-05","purchased_purges":1,"victory":false,"master_deck":["Defend_G","Defend_G","Defend_G","Defend_G","Defend_G","Strike_G","Strike_G","Survivor","Neutralize+1","Calculated Gamble+1","Quick Slash+1","Flying Knee","Backflip","Finisher+1","Footwork+1","Dagger Spray+1","Die Die Die","Acrobatics","Blade Dance+1","Deflect+1","Backstab+1","Quick Slash+1","Blade Dance+1","Night Terror+1","Acrobatics","Underhanded Strike+1"],"max_hp_per_floor":[70,70,70,70,70,70,70,70,70,70,70,70,70,70,70,70,70,70,70,70,70,70,70,70,70,70,70,70,70,70,70,70,70,70,70,70,70,70,70,70,70,70,70,70,70,70,70,70,70,70],"relics":["Ring of the Snake","Juzu Bracelet","Torii","Runic Dome","Enchiridion","Calipers","Eternal Feather","Pantograph","Red Mask","Bag of Marbles","Prayer Wheel"],"card_choices":[{"not_picked":["Slice","Flying Knee"],"picked":"Calculated Gamble","floor":1},{"not_picked":["Calculated Gamble","Setup"],"picked":"Quick Slash","floor":3},{"not_picked":["Outmaneuver","Cloak And Dagger"],"picked":"Backflip","floor":5},{"not_picked":["Crippling Poison","Poisoned Stab"],"picked":"Finisher","floor":6},{"not_picked":["Malaise","Outmaneuver"],"picked":"Footwork","floor":10},{"not_picked":["Sucker Punch","Setup"],"picked":"Prepared","floor":11},{"not_picked":["Eviscerate","Envenom"],"picked":"Dagger Spray","floor":12},{"not_picked":["Phantasmal Killer","Glass Knife"],"picked":"Die Die Die","floor":16},{"not_picked":["Dagger Spray","Underhanded Strike"],"picked":"Acrobatics","floor":18},{"not_picked":["Sucker Punch","Poisoned Stab"],"picked":"Blade Dance","floor":19},{"not_picked":["Underhanded Strike","Acrobatics"],"picked":"Deflect","floor":21},{"not_picked":["Riddle With Holes","Deadly Poison"],"picked":"Backstab","floor":24},{"not_picked":["Catalyst","Malaise"],"picked":"Quick Slash","floor":29},{"not_picked":["Quick Slash","Dagger Throw"],"picked":"Blade Dance","floor":30},{"not_picked":["Bane","Sucker Punch"],"picked":"Well Laid Plans","floor":31},{"not_picked":["Venomology","Tools of the Trade"],"picked":"Night Terror","floor":33},{"not_picked":["Masterful Stab","PiercingWail"],"picked":"Underhanded Strike","floor":46}],"player_experience":237384,"potions_floor_usage":[6,11,16,16,18,19,24,33,35,40,48],"damage_taken":[{"damage":0,"enemies":"Small Slimes","floor":1,"turns":4},{"damage":5,"enemies":"Jaw Worm","floor":3,"turns":7},{"damage":0,"enemies":"2 Louse","floor":5,"turns":3},{"damage":39,"enemies":"Lagavulin","floor":6,"turns":9},{"damage":2,"enemies":"Exordium Thugs","floor":10,"turns":6},{"damage":1,"enemies":"Exordium Wildlife","floor":11,"turns":3},{"damage":1,"enemies":"Large Slime","floor":12,"turns":7},{"damage":51,"enemies":"Slime Boss","floor":16,"turns":16},{"damage":11,"enemies":"Spheric Guardian","floor":18,"turns":4},{"damage":6,"enemies":"Chosen","floor":19,"turns":5},{"damage":10,"enemies":"Sentry and Sphere","floor":21,"turns":4},{"damage":1,"enemies":"Chosen and Byrds","floor":24,"turns":4},{"damage":10,"enemies":"Snake Plant","floor":29,"turns":4},{"damage":4,"enemies":"Centurion and Healer","floor":30,"turns":5},{"damage":0,"enemies":"Snecko","floor":31,"turns":4},{"damage":24,"enemies":"Collector","floor":33,"turns":6},{"damage":1,"enemies":"Orb Walker","floor":35,"turns":3},{"damage":0,"enemies":"Flame Bruiser 1 Orb","floor":40,"turns":9},{"damage":1,"enemies":"Sphere and 2 Shapes","floor":46,"turns":3},{"damage":6,"enemies":"Spire Growth","floor":48,"turns":4},{"damage":70,"enemies":"Awakened One","floor":50,"turns":10}],"event_choices":[{"event_name":"The Cleric","player_choice":"Card Removal","floor":2,"damage_taken":0},{"event_name":"The Woman in Blue","player_choice":"Bought 2 Potions","floor":14,"damage_taken":0},{"event_name":"Cursed Tome","player_choice":"Obtained Book","floor":20,"damage_taken":0},{"event_name":"Beggar","player_choice":"Gave Gold","floor":22,"damage_taken":0},{"event_name":"Bonfire Elementals","player_choice":"COMMON","floor":28,"damage_taken":0},{"event_name":"Transmorgrifier","player_choice":"Transform","floor":38,"damage_taken":0},{"event_name":"Tomb of Lord Red Mask","player_choice":"Paid","floor":39,"damage_taken":0},{"event_name":"Mysterious Sphere","player_choice":"Ignore","floor":41,"damage_taken":0},{"event_name":"Wheel of Change","player_choice":"Relic","floor":45,"damage_taken":0}],"boss_relics":[{"not_picked":["Lizard Tail","White Beast Statue"],"picked":"Runic Dome"},{"not_picked":["Runic Pyramid","Philosopher\u0027s Stone"],"picked":"Eternal Feather"}],"potions_floor_spawned":[1,10,16,18,21,31,33,35,40],"seed_played":"-615638785116316458","killed_by":"Awakened One","ascension_level":0,"is_trial":false}