{"path_per_floor":["M","?","?","M","M","R","E","M","T","$","R","M","M","?","R","B",null,"M","?","?","?","$","R","?","M","T","R","M","$","M","M","R","B",null,"M","$","M","T","$","R","M","M","T","M","M","R","?","M","R","B"],"character_chosen":"THE_SILENT","items_purchased":["Trip","Finisher","Blur"],"gold_per_floor":[109,59,159,169,189,189,218,238,238,75,75,90,100,100,100,203,203,223,223,138,38,38,38,38,57,57,57,75,38,51,70,70,169,169,183,183,199,199,23,23,35,53,53,73,93,93,93,111,111,111],"floor_reached":51,"campfire_rested":3,"playtime":2600,"current_hp_per_floor":[70,70,70,70,69,69,37,8,8,8,8,5,8,8,29,24,70,65,65,65,65,65,65,65,62,62,62,45,45,42,39,60,18,70,70,70,70,70,70,70,62,51,51,51,44,65,70,70,70,36],"items_purged":["Strike_G","Defend_G"],"gold":111,"score":676,"play_id":"c6e0ae2c-72da-4901-85db-4ee1c2f3d8da","local_time":"20180414001422","is_prod":false,"is_daily":false,"chose_seed":false,"is_ascension_mode":false,"campfire_upgraded":3,"timestamp":1523690062,"path_taken":["M","?","?","M","M","R","E","M","T","$","R","?","M","?","R","BOSS","M","?","?","?","?","R","?","M","T","R","M","?","M","M","R","BOSS","M","$","?","?","$","R","M","M","T","M","?","R","?","?","R","BOSS"],"build_version":"2018-04-13","seed_source_timestamp":735190867776445,"purchased_purges":3,"victory":true,"master_deck":["Defend_G","Defend_G","Defend_G","Strike_G","Survivor","Neutralize+1","Quick Slash","Flying Knee","Bouncing Flask","Dagger Throw","Trip","Prepared","Unload","Dash","J.A.X.+1","Finisher","Deflect","Malaise+1","Tactician+1","Heel Hook+1","Escape Plan+1","Acrobatics+1","Backflip","Blur","Backflip+1","Blur+1"],"max_hp_per_floor":[70,70,70,70,70,70,70,70,70,70,70,70,70,70,70,70,70,70,70,70,70,70,70,70,70,70,70,70,70,70,70,70,70,70,70,70,70,70,70,70,70,70,70,70,70,70,70,70,70,70],"relics":["Ring of the Snake","Bronze Scales","Girya","Toolbox","Sozu","Ornamental Fan","Dead Branch","Astrolabe","Centennial Puzzle","Toxic Egg 2"],"card_choices":[{"not_picked":["PiercingWail","Deflect"],"picked":"Quick Slash","floor":1},{"not_picked":["Caltrops","Riddle With Holes"],"picked":"Flying Knee","floor":5},{"not_picked":["Skewer","Dodge and Roll"],"picked":"Bouncing Flask","floor":7},{"not_picked":["Underhanded Strike","Sucker Punch"],"picked":"Dagger Throw","floor":8},{"not_picked":["Heel Hook","Noxious Fumes"],"picked":"Prepared","floor":13},{"not_picked":["Storm of Steel","Glass Knife"],"picked":"Unload","floor":16},{"not_picked":["Deadly Poison","Bouncing Flask"],"picked":"Dash","floor":18},{"not_picked":["Dagger Spray","Poisoned Stab"],"picked":"Deflect","floor":30},{"not_picked":["Dash","Reflex"],"picked":"Malaise","floor":31},{"not_picked":["Flying Knee","Deflect"],"picked":"Acrobatics","floor":35},{"not_picked":["Sucker Punch","Crippling Poison"],"picked":"Backflip","floor":37},{"not_picked":["Reflex","Night Terror"],"picked":"Backflip","floor":41},{"not_picked":["Deadly Poison","Quick Slash"],"picked":"Blur","floor":45}],"player_experience":267191,"potions_floor_usage":[12,13,16,50],"damage_taken":[{"damage":0,"enemies":"Jaw Worm","floor":1,"turns":5},{"damage":0,"enemies":"Small Slimes","floor":4,"turns":3},{"damage":1,"enemies":"Cultist","floor":5,"turns":5},{"damage":32,"enemies":"Lagavulin","floor":7,"turns":10},{"damage":29,"enemies":"Gremlin Gang","floor":8,"turns":5},{"damage":3,"enemies":"Lots of Slimes","floor":12,"turns":2},{"damage":0,"enemies":"Blue Slaver","floor":13,"turns":2},{"damage":5,"enemies":"Slime Boss","floor":16,"turns":7},{"damage":5,"enemies":"3 Byrds","floor":18,"turns":4},{"damage":3,"enemies":"Spheric Guardian","floor":25,"turns":2},{"damage":17,"enemies":"3 Cultists","floor":28,"turns":4},{"damage":3,"enemies":"Snecko","floor":30,"turns":3},{"damage":3,"enemies":"Snake Plant","floor":31,"turns":2},{"damage":42,"enemies":"Champ","floor":33,"turns":12},{"damage":0,"enemies":"Orb Walker","floor":35,"turns":2},{"damage":0,"enemies":"3 Shapes","floor":37,"turns":4},{"damage":8,"enemies":"Flame Bruiser 2 Orb","floor":41,"turns":4},{"damage":11,"enemies":"Sphere and 2 Shapes","floor":42,"turns":4},{"damage":0,"enemies":"Maw","floor":44,"turns":7},{"damage":7,"enemies":"Spire Growth","floor":45,"turns":4},{"damage":0,"enemies":"3 Darklings","floor":48,"turns":5},{"damage":34,"enemies":"Awakened One","floor":50,"turns":15}],"event_choices":[{"event_name":"The Cleric","player_choice":"Card Removal","floor":2,"damage_taken":0},{"event_name":"Golden Shrine","player_choice":"Pray","floor":3,"damage_taken":0},{"event_name":"Dead Adventurer","player_choice":"Searched \u00271\u0027 times","floor":14,"damage_taken":0},{"event_name":"Vampires","player_choice":"Ignored","floor":19,"damage_taken":0},{"event_name":"Addict","player_choice":"Obtained Relic","floor":20,"damage_taken":0},{"event_name":"Drug Dealer","player_choice":"Got JAXXED","floor":21,"damage_taken":0},{"event_name":"The Library","player_choice":"Read","floor":24,"damage_taken":0},{"event_name":"Bonfire Elementals","player_choice":"UNCOMMON","floor":47,"damage_taken":0}],"boss_relics":[{"not_picked":["Orrery","Runic Pyramid"],"picked":"Sozu"},{"not_picked":["Cursed Key","Eternal Feather"],"picked":"Astrolabe"}],"potions_floor_spawned":[8,12,13,16,18,25,31,41,42,45],"seed_played":"6540208837380714196","ascension_level":0,"is_trial":false}