{"path_per_floor":["M","?","?","M","M","R","E","R","T","E","R","M","$","M","R","B",null,"M","?","?","M","?","?","M","?","T","M","$","R","T","M","R","B",null,"M","$","?","?","$","R","M","$","T","R","$","R","M","?","R","B"],"character_chosen":"THE_SILENT","items_purchased":["Flying Knee","Kunai"],"gold_per_floor":[111,61,136,146,163,163,194,194,194,221,221,240,118,132,132,229,229,243,158,158,171,171,171,184,184,184,195,95,95,141,159,159,262,262,281,27,27,0,0,0,10,10,63,63,63,63,77,77,77,77],"floor_reached":51,"campfire_rested":4,"playtime":3915,"current_hp_per_floor":[70,70,59,59,59,59,48,69,69,37,58,51,51,49,49,11,70,69,69,69,68,52,52,48,48,48,46,46,67,67,65,65,41,70,50,50,50,50,50,50,49,49,56,56,56,77,74,69,69,33],"items_purged":["Strike_G","Strike_G"],"gold":77,"score":625,"play_id":"0e960560-96a6-48c3-ad00-76e2ae4b963c","local_time":"20180415225441","is_prod":false,"is_daily":false,"chose_seed":false,"is_ascension_mode":false,"campfire_upgraded":6,"timestamp":1523858081,"path_taken":["M","?","?","?","?","R","E","R","T","E","R","M","$","M","R","BOSS","M","?","?","?","?","?","?","?","T","M","$","R","?","M","R","BOSS","M","$","?","?","?","R","?","$","T","R","$","R","M","?","R","BOSS"],"build_version":"2018-04-13","seed_source_timestamp":901899489404005,"purchased_purges":3,"victory":true,"master_deck":["Survivor","Neutralize+1","Malaise+1","Quick Slash+1","Predator+1","Blur","Flying Knee+1","After Image+1","Backflip","Cloak And Dagger+1","Footwork+1","Parasite","Cloak And Dagger+1","Pain","Bullet Time+1","Deflect+1","Endless Agony","Cloak And Dagger+1","Acrobatics+1","Dagger Throw+1","Blade Dance+1","Dagger Spray+1","Choke+1","Decay","Backflip+1","Panacea+1"],"max_hp_per_floor":[70,70,70,70,70,70,70,70,70,70,70,70,70,70,70,70,70,70,70,70,70,70,70,70,70,70,70,70,70,70,70,70,70,70,70,70,70,70,70,70,70,70,77,77,77,77,77,77,77,77],"relics":["Ring of the Snake","NeowsBlessing","War Paint","Frozen Egg 2","Blue Candle","Cursed Key","Pen Nib","Enchiridion","Ancient Tea Set","Toxic Egg 2","Snake Skull","Pandora\u0027s Box","Kunai","Spirit Poop","Red Mask","Strawberry"],"card_choices":[{"not_picked":["Skewer","Flying Knee"],"picked":"Malaise","floor":1},{"not_picked":["Poisoned Stab","Sucker Punch"],"picked":"Quick Slash","floor":5},{"not_picked":["Backflip","Setup"],"picked":"Predator","floor":10},{"not_picked":["Skewer","PiercingWail"],"picked":"Blur","floor":12},{"not_picked":["Envenom","Tactician"],"picked":"After Image","floor":16},{"not_picked":["Masterful Stab","Dagger Throw"],"picked":"Backflip","floor":18},{"not_picked":["Dodge and Roll","Deadly Poison"],"picked":"Cloak And Dagger","floor":21},{"not_picked":["Sucker Punch","Dash"],"picked":"Footwork","floor":24},{"not_picked":["Slice","Blade Dance"],"picked":"Cloak And Dagger","floor":27},{"not_picked":["Adrenaline","A Thousand Cuts"],"picked":"Bullet Time","floor":33},{"not_picked":["Slice","Crippling Poison"],"picked":"Choke","floor":41},{"not_picked":["Quick Slash","Flying Knee"],"picked":"Backflip","floor":47},{"not_picked":["Dramatic Entrance","Swift Strike"],"picked":"Panacea","floor":48}],"player_experience":279299,"potions_floor_usage":[7,14,16,24,50,50,50],"damage_taken":[{"damage":0,"enemies":"Jaw Worm","floor":1,"turns":1},{"damage":0,"enemies":"2 Louse","floor":4,"turns":1},{"damage":0,"enemies":"Small Slimes","floor":5,"turns":1},{"damage":11,"enemies":"Gremlin Nob","floor":7,"turns":6},{"damage":32,"enemies":"Lagavulin","floor":10,"turns":13},{"damage":7,"enemies":"Exordium Thugs","floor":12,"turns":4},{"damage":2,"enemies":"Gremlin Gang","floor":14,"turns":4},{"damage":38,"enemies":"Hexaghost","floor":16,"turns":18},{"damage":1,"enemies":"3 Byrds","floor":18,"turns":7},{"damage":1,"enemies":"Chosen","floor":21,"turns":7},{"damage":4,"enemies":"Centurion and Healer","floor":24,"turns":5},{"damage":2,"enemies":"Cultist and Chosen","floor":27,"turns":10},{"damage":2,"enemies":"Slaver and Parasite","floor":31,"turns":8},{"damage":24,"enemies":"Collector","floor":33,"turns":18},{"damage":20,"enemies":"3 Darklings","floor":35,"turns":4},{"damage":1,"enemies":"3 Shapes","floor":41,"turns":4},{"damage":3,"enemies":"Flame Bruiser 2 Orb","floor":47,"turns":3},{"damage":36,"enemies":"Time Eater","floor":50,"turns":16}],"event_choices":[{"event_name":"The Cleric","player_choice":"Card Removal","floor":2,"damage_taken":0},{"event_name":"World of Goop","player_choice":"Gather Gold","floor":3,"damage_taken":0},{"event_name":"Addict","player_choice":"Obtained Relic","floor":19,"damage_taken":0},{"event_name":"Ghosts","player_choice":"Ignored","floor":20,"damage_taken":0},{"event_name":"Cursed Tome","player_choice":"Obtained Book","floor":22,"damage_taken":0},{"event_name":"Drug Dealer","player_choice":"Ignored","floor":23,"damage_taken":0},{"event_name":"The Mausoleum","player_choice":"Yes","floor":25,"damage_taken":0},{"event_name":"Bonfire Elementals","player_choice":"CURSE","floor":37,"damage_taken":0},{"event_name":"Tomb of Lord Red Mask","player_choice":"Paid","floor":38,"damage_taken":0},{"event_name":"SensoryStone","player_choice":"Memory 2","floor":48,"damage_taken":0}],"boss_relics":[{"not_picked":["Lizard Tail","Black Star"],"picked":"Cursed Key"},{"not_picked":["Philosopher\u0027s Stone","Velvet Choker"],"picked":"Pandora\u0027s Box"}],"potions_floor_spawned":[1,4,7,10,31,33,47],"seed_played":"4537793984633111091","ascension_level":0,"is_trial":false}