{"path_per_floor":["M","M","M","?","$","R","E","?","T","M","M","M","R","M","R","B",null,"M","?","?","?","M","E","R","M","T","M","?","$","M","M","R","B",null,"M","$","?","?","?","M","?","R","T","M","R","?","E","M","R","B"],"character_chosen":"THE_SILENT","items_purchased":["Shuriken","Dexterity Potion"],"gold_per_floor":[117,131,149,324,62,62,97,97,97,115,127,144,144,160,160,261,261,261,261,261,176,131,131,131,131,131,131,131,56,56,56,56,56,56,56,5,5,5,5,5,5,5,5,5,5,5,5,5,5,5],"floor_reached":51,"campfire_rested":3,"playtime":3043,"current_hp_per_floor":[68,66,66,66,66,66,40,33,33,33,31,28,49,49,49,43,70,70,70,66,66,66,50,50,50,50,50,50,50,49,49,73,73,80,80,80,70,60,60,60,60,60,60,58,80,80,58,58,58,49],"items_purged":["Strike_G"],"gold":5,"score":774,"play_id":"2224d457-1216-4b51-aa24-7e6c2d145f59","local_time":"20180412231315","is_prod":false,"is_daily":false,"chose_seed":false,"is_ascension_mode":false,"campfire_upgraded":5,"timestamp":1523599995,"path_taken":["M","M","M","?","$","R","E","?","T","M","M","M","R","M","R","BOSS","M","?","?","?","?","E","R","M","T","M","?","$","?","M","R","BOSS","M","$","?","?","?","M","?","R","T","?","R","?","E","M","R","BOSS"],"build_version":"2018-04-12","seed_source_timestamp":644671553446905,"purchased_purges":1,"victory":true,"master_deck":["Defend_G+1","Defend_G+1","Defend_G+1","Defend_G+1","Defend_G+1","Strike_G+1","Strike_G+1","Strike_G+1","Strike_G+1","Survivor","Neutralize+1","Backflip","Backflip","Footwork","Quick Slash","Cloak And Dagger+1","Malaise","Finisher","Endless Agony","Burst+1","Prepared","Cloak And Dagger+1","Blade Dance+1","Accuracy","Backflip","Prepared","Riddle With Holes","Adrenaline+1","Cloak And Dagger+1","Escape Plan","Endless Agony","Backflip","Trip","Madness","Apotheosis+1","Madness","Madness","Injury","Concentrate+1","Deflect+1","Acrobatics","Prepared+1"],"max_hp_per_floor":[70,70,70,70,70,70,70,70,70,70,70,70,70,70,70,70,70,70,70,70,70,70,80,80,80,80,80,80,80,80,80,80,80,80,80,80,80,80,80,80,80,80,80,80,80,80,80,80,80,80],"relics":["Lizard Tail","Shuriken","Ninja Scroll","Tough Bandages","Ectoplasm","Red Mask","Question Card","Pear","Blue Candle","Orrery","Snake Skull","Omamori"],"card_choices":[{"not_picked":["Sucker Punch","Leg Sweep"],"picked":"Backflip","floor":1},{"not_picked":["Endless Agony","Backstab"],"picked":"Backflip","floor":2},{"not_picked":["Catalyst","Prepared"],"picked":"Footwork","floor":3},{"not_picked":["Predator","Catalyst"],"picked":"Quick Slash","floor":7},{"not_picked":["Deflect","Reflex"],"picked":"Cloak And Dagger","floor":10},{"not_picked":["Quick Slash","Leg Sweep"],"picked":"Malaise","floor":11},{"not_picked":["Acrobatics","Underhanded Strike"],"picked":"Finisher","floor":12},{"not_picked":["Skewer","Quick Slash"],"picked":"Endless Agony","floor":14},{"not_picked":["Venomology","Tools of the Trade"],"picked":"Burst","floor":16},{"not_picked":["Dagger Throw","Caltrops"],"picked":"Prepared","floor":18},{"not_picked":["Slice","Phantasmal Killer","Deflect"],"picked":"Cloak And Dagger","floor":22},{"not_picked":["Catalyst","Corpse Explosion","PiercingWail"],"picked":"Blade Dance","floor":23},{"not_picked":["Dagger Spray","Quick Slash","Dagger Throw"],"picked":"Accuracy","floor":25},{"not_picked":["Dagger Throw","Eviscerate","Flying Knee"],"picked":"Backflip","floor":27},{"not_picked":["PiercingWail","Footwork","Deflect"],"picked":"Prepared","floor":30},{"not_picked":["Prepared","Distraction","Eviscerate"],"picked":"Riddle With Holes","floor":31},{"not_picked":["Tactician","Venomology","Corpse Explosion"],"picked":"Adrenaline","floor":33},{"not_picked":["Outmaneuver","Footwork","Quick Slash"],"picked":"Cloak And Dagger","floor":34},{"not_picked":["Flying Knee","Expertise","Catalyst"],"picked":"Escape Plan","floor":34},{"not_picked":["Crippling Poison","Predator","Heel Hook"],"picked":"Endless Agony","floor":34},{"not_picked":["Bouncing Flask","Malaise","Dagger Spray"],"picked":"Backflip","floor":35},{"not_picked":["Jack Of All Trades","Enlightenment","Secret Weapon"],"picked":"Trip","floor":37},{"not_picked":["Blind","Good Instincts","Dark Shackles"],"picked":"Madness","floor":37},{"not_picked":["Swift Strike","Madness","Sadistic Nature"],"picked":"Apotheosis","floor":37},{"not_picked":["Poisoned Stab","Cloak And Dagger","Predator"],"picked":"Concentrate","floor":40},{"not_picked":["Backflip","Deadly Poison","Dagger Spray"],"picked":"Deflect","floor":44},{"not_picked":["PiercingWail","Grand Finale","Dagger Spray"],"picked":"Acrobatics","floor":47},{"not_picked":["Dodge and Roll","Predator","Outmaneuver"],"picked":"Prepared","floor":48}],"player_experience":263680,"potions_floor_usage":[16,16,16,20,22,23,31,33,33,44,47,50,50],"damage_taken":[{"damage":2,"enemies":"Small Slimes","floor":1,"turns":6},{"damage":2,"enemies":"2 Louse","floor":2,"turns":4},{"damage":0,"enemies":"Jaw Worm","floor":3,"turns":4},{"damage":26,"enemies":"Lagavulin","floor":7,"turns":12},{"damage":0,"enemies":"Looter","floor":10,"turns":3},{"damage":2,"enemies":"3 Louse","floor":11,"turns":3},{"damage":3,"enemies":"Blue Slaver","floor":12,"turns":4},{"damage":0,"enemies":"2 Fungi Beasts","floor":14,"turns":2},{"damage":6,"enemies":"Slime Boss","floor":16,"turns":5},{"damage":0,"enemies":"Spheric Guardian","floor":18,"turns":2},{"damage":4,"enemies":"Masked Bandits","floor":20,"turns":2},{"damage":0,"enemies":"2 Thieves","floor":22,"turns":4},{"damage":26,"enemies":"Gremlin Leader","floor":23,"turns":9},{"damage":0,"enemies":"Centurion and Healer","floor":25,"turns":5},{"damage":0,"enemies":"Snake Plant","floor":27,"turns":4},{"damage":1,"enemies":"Slaver and Parasite","floor":30,"turns":5},{"damage":0,"enemies":"3 Cultists","floor":31,"turns":3},{"damage":0,"enemies":"Champ","floor":33,"turns":8},{"damage":0,"enemies":"3 Shapes","floor":35,"turns":4},{"damage":0,"enemies":"Orb Walker","floor":40,"turns":2},{"damage":2,"enemies":"Flame Bruiser 2 Orb","floor":44,"turns":4},{"damage":22,"enemies":"2 Orb Walkers","floor":47,"turns":4},{"damage":0,"enemies":"Sphere and 2 Shapes","floor":48,"turns":4},{"damage":9,"enemies":"Awakened One","floor":50,"turns":11}],"event_choices":[{"event_name":"Liars Game","player_choice":"agreed","floor":4,"damage_taken":0},{"event_name":"Golden Wing","player_choice":"Card Removal","floor":8,"damage_taken":0},{"event_name":"Back to Basics","player_choice":"Simplicity","floor":19,"damage_taken":0},{"event_name":"Masked Bandits","player_choice":"Fought over 261 gold","floor":20,"damage_taken":0},{"event_name":"Addict","player_choice":"Obtained Relic","floor":21,"damage_taken":0},{"event_name":"The Lab","player_choice":"Got Potions","floor":28,"damage_taken":0},{"event_name":"SensoryStone","player_choice":"Memory 3","floor":37,"damage_taken":0},{"event_name":"Winding Halls","player_choice":"Embrace Madness","floor":38,"damage_taken":0},{"event_name":"Accursed Blacksmith","player_choice":"Forge","floor":39,"damage_taken":0},{"event_name":"Mysterious Sphere","player_choice":"Ignore","floor":41,"damage_taken":0},{"event_name":"Tomb of Lord Red Mask","player_choice":"Wore Mask","floor":46,"damage_taken":0}],"boss_relics":[{"not_picked":["Philosopher\u0027s Stone","White Beast Statue"],"picked":"Ectoplasm"},{"not_picked":["Pandora\u0027s Box","Eternal Feather"],"picked":"Orrery"}],"potions_floor_spawned":[7,10,11,16,18,22,30,31,35,44],"seed_played":"-2722158810170747394","ascension_level":0,"is_trial":false}