{"path_per_floor":["M","M","M","M","$","R","?","M","T","E","?","$","R","M","R","B",null,"M","?","M","M","?","R","?","R","T","R","M","M","$","?","R","B",null,"M","?","M","?","M","R","$","M","T","R","M","M","M","M","R","B"],"character_chosen":"THE_SILENT","items_purchased":["Panacea"],"gold_per_floor":[99,99,99,99,1,1,1,0,0,0,0,0,0,0,0,0,0,0,0,0,0,0,0,0,0,0,0,0,0,0,0,0,0,0,0,0,0,0,0,0,0,0,0,0,0,0,0,0,0,0],"floor_reached":51,"campfire_rested":2,"playtime":8364,"current_hp_per_floor":[70,70,70,70,70,70,60,58,58,53,53,53,53,53,53,15,70,65,65,67,52,52,52,43,43,43,43,22,11,11,72,72,17,81,60,60,53,53,36,61,61,55,55,55,47,40,41,38,64,19],"items_purged":[],"gold":0,"score":653,"play_id":"f79768a2-ee92-40ab-9f95-289234a26fdb","local_time":"20180410162904","is_prod":false,"is_daily":false,"chose_seed":false,"is_ascension_mode":false,"campfire_upgraded":4,"timestamp":1523402944,"path_taken":["M","M","M","M","?","R","?","M","T","E","?","$","R","?","R","BOSS","M","?","M","M","?","R","?","R","T","R","M","?","?","?","R","BOSS","M","?","M","?","?","R","$","?","T","R","M","M","M","?","R","BOSS"],"build_version":"2018-04-10","seed_source_timestamp":442302283505415,"purchased_purges":0,"victory":true,"master_deck":["Defend_G","Defend_G","Defend_G","Defend_G","Defend_G","Strike_G","Strike_G","Strike_G","Strike_G","Survivor","Neutralize+1","Choke","Acrobatics","Backstab","Calculated Gamble+1","Panacea+1","Endless Agony","Backflip+1","Cloak And Dagger+1","Quick Slash","Tactician","Predator+1","Backflip+1","Prepared+1","Blur","All Out Attack+1","Riddle With Holes+1","Deflect","Distraction+1","Finisher+1","Bullet Time"],"max_hp_per_floor":[70,70,70,70,70,70,70,70,70,70,70,70,70,70,70,70,70,70,70,72,72,72,72,72,72,72,72,72,72,72,72,72,74,81,81,81,83,83,85,85,85,85,85,85,85,85,85,87,87,87],"relics":["Ectoplasm","Odd Mushroom","Shovel","Bag of Preparation","Bottled Lightning","Singing Bowl","Runic Dome","Blood Vial","Prayer Wheel","Tiny House","Bag of Marbles","Oddly Smooth Stone"],"card_choices":[{"not_picked":["Dagger Throw","Blade Dance"],"picked":"Choke","floor":1},{"not_picked":["Reflex","Poisoned Stab"],"picked":"Acrobatics","floor":2},{"not_picked":["Sucker Punch","Leg Sweep"],"picked":"Backstab","floor":3},{"not_picked":["Reflex","Poisoned Stab"],"picked":"Calculated Gamble","floor":4},{"not_picked":["Dodge and Roll","Slice"],"picked":"Endless Agony","floor":7},{"not_picked":["Deflect","Flechettes"],"picked":"Backflip","floor":8},{"not_picked":["Bouncing Flask","PiercingWail"],"picked":"Cloak And Dagger","floor":10},{"not_picked":["Choke","Catalyst"],"picked":"Quick Slash","floor":14},{"not_picked":["Grand Finale","Tools of the Trade"],"picked":"Tactician","floor":16},{"not_picked":["Quick Slash","Dagger Throw"],"picked":"Predator","floor":18},{"not_picked":["Noxious Fumes","Deflect"],"picked":"Backflip","floor":21},{"not_picked":["Noxious Fumes","Accuracy"],"picked":"Prepared","floor":28},{"not_picked":["Poisoned Stab","Backflip"],"picked":"Blur","floor":29},{"not_picked":["Acrobatics","PiercingWail"],"picked":"All Out Attack","floor":35},{"not_picked":["Flying Knee","Infinite Blades"],"picked":"Riddle With Holes","floor":42},{"not_picked":["Dagger Spray","Heel Hook"],"picked":"Deflect","floor":43},{"not_picked":["Dash","Backflip"],"picked":"Distraction","floor":45},{"not_picked":["Outmaneuver","Blur"],"picked":"Finisher","floor":46},{"not_picked":["Deflect","Blur"],"picked":"Bullet Time","floor":47}],"player_experience":246833,"potions_floor_usage":[4,10,16,21,28,33,35,50,50,50],"damage_taken":[{"damage":0,"enemies":"Cultist","floor":1,"turns":4},{"damage":0,"enemies":"Jaw Worm","floor":2,"turns":3},{"damage":0,"enemies":"2 Louse","floor":3,"turns":3},{"damage":0,"enemies":"Blue Slaver","floor":4,"turns":4},{"damage":10,"enemies":"The Mushroom Lair","floor":7,"turns":6},{"damage":2,"enemies":"Looter","floor":8,"turns":3},{"damage":5,"enemies":"Lagavulin","floor":10,"turns":7},{"damage":0,"enemies":"2 Fungi Beasts","floor":14,"turns":1},{"damage":38,"enemies":"Slime Boss","floor":16,"turns":13},{"damage":5,"enemies":"Chosen","floor":18,"turns":4},{"damage":0,"enemies":"3 Byrds","floor":20,"turns":4},{"damage":15,"enemies":"3 Cultists","floor":21,"turns":5},{"damage":23,"enemies":"Cultist and Chosen","floor":28,"turns":8},{"damage":13,"enemies":"Centurion and Healer","floor":29,"turns":4},{"damage":57,"enemies":"Automaton","floor":33,"turns":17},{"damage":21,"enemies":"3 Darklings","floor":35,"turns":4},{"damage":11,"enemies":"3 Shapes","floor":37,"turns":4},{"damage":21,"enemies":"Maw","floor":39,"turns":11},{"damage":8,"enemies":"4 Shapes","floor":42,"turns":7},{"damage":10,"enemies":"Flame Bruiser 2 Orb","floor":45,"turns":3},{"damage":9,"enemies":"3 Darklings","floor":46,"turns":2},{"damage":1,"enemies":"Sphere and 2 Shapes","floor":47,"turns":7},{"damage":7,"enemies":"Spire Growth","floor":48,"turns":3},{"damage":47,"enemies":"Awakened One","floor":50,"turns":16}],"event_choices":[{"event_name":"Mushrooms","player_choice":"Fought Mushrooms","floor":7,"damage_taken":0},{"event_name":"The Cleric","player_choice":"Leave","floor":11,"damage_taken":0},{"event_name":"Vampires","player_choice":"Ignored","floor":19,"damage_taken":0},{"event_name":"Beggar","player_choice":"Ignored","floor":22,"damage_taken":0},{"event_name":"Cursed Tome","player_choice":"Stopped","floor":24,"damage_taken":0},{"event_name":"Wheel of Change","player_choice":"Full Heal","floor":31,"damage_taken":0},{"event_name":"The Lab","player_choice":"Got Potions","floor":36,"damage_taken":0}],"boss_relics":[{"not_picked":["Orrery","Black Star"],"picked":"Runic Dome"},{"not_picked":["Runic Pyramid","Philosopher\u0027s Stone"],"picked":"Tiny House"}],"potions_floor_spawned":[3,4,7,16,20,21,33,37,39,45,48],"seed_played":"-3912210657819319364","ascension_level":0,"is_trial":false}