{"path_per_floor":["M","?","M","?","M","E","M","M","T","?","M","R","M","E","R","B",null,"M","?","?","?","M","R","M","M","T","M","M","$","M","$","R","B",null,"M","M","$","?","?","R","M","E","T","R","$","?","$","E","R"],"character_chosen":"THE_SILENT","items_purchased":["Apotheosis","Mind Blast","Juzu Bracelet","Flash of Steel"],"gold_per_floor":[111,111,122,122,132,157,172,189,212,212,232,232,246,277,277,375,375,393,393,393,393,410,410,420,435,435,453,470,194,209,53,53,152,152,165,180,32,32,32,32,50,78,160,160,110,0,0,29,29,29],"floor_reached":50,"campfire_rested":2,"playtime":2594,"current_hp_per_floor":[70,56,56,56,56,47,47,37,37,70,59,59,59,49,49,19,70,60,60,60,60,56,56,55,40,40,38,38,38,7,7,28,29,70,63,65,65,55,46,46,47,36,36,57,57,57,57,53,53,0],"items_purged":["Riddle With Holes","Apotheosis"],"gold":29,"score":539,"play_id":"0eb40432-c71d-434d-8be9-c1a3d8832afd","local_time":"20180412002948","is_prod":false,"is_daily":false,"chose_seed":false,"is_ascension_mode":false,"campfire_upgraded":5,"timestamp":1523518188,"path_taken":["M","?","M","?","M","E","M","?","T","?","M","R","?","E","R","BOSS","M","?","?","?","M","R","M","M","T","M","?","$","M","$","R","BOSS","M","M","$","?","?","R","M","E","T","R","?","?","$","E","R","BOSS"],"build_version":"2018-04-11","seed_source_timestamp":563333615307558,"purchased_purges":3,"victory":false,"master_deck":["Survivor","Neutralize+1","Terror+1","Quick Slash","Backflip","Blade Dance","Flying Knee+1","Acrobatics","Choke","Backflip","Footwork+1","Prepared","After Image","Skewer","Terror","Backflip","Quick Slash","Leg Sweep","Dagger Throw","Prepared","Flying Knee","Dagger Spray","Deflect","Dagger Throw+1","Infinite Blades+1","Distraction+1","Mind Blast+1","Tactician","Cloak And Dagger+1","Footwork","Flash of Steel","Master of Strategy","Panache","Madness","Madness","Calculated Gamble+1","Reflex+1"],"max_hp_per_floor":[70,70,70,70,70,70,70,70,70,70,70,70,70,70,70,70,70,70,70,70,70,70,70,70,70,70,70,70,70,70,70,70,70,70,70,70,70,70,70,70,70,70,70,70,70,70,70,70,70,70],"relics":["Orrery","Ancient Tea Set","Art of War","Blood Vial","Pandora\u0027s Box","Smiling Mask","Paper Crane","Gremlin Horn","Juzu Bracelet","Sozu","Molten Egg 2","Tough Bandages","Red Mask","Sundial"],"card_choices":[{"not_picked":["Backflip","Deflect"],"picked":"Terror","floor":0},{"not_picked":["Dagger Throw","Riddle With Holes"],"picked":"Quick Slash","floor":0},{"not_picked":["Cloak And Dagger","Dagger Throw"],"picked":"Backflip","floor":0},{"not_picked":["Leg Sweep","Acrobatics"],"picked":"Blade Dance","floor":0},{"not_picked":["Dagger Throw","Quick Slash"],"picked":"Flying Knee","floor":0},{"not_picked":["Dagger Spray","Outmaneuver"],"picked":"Acrobatics","floor":3},{"not_picked":["Bane","Deadly Poison"],"picked":"Choke","floor":7},{"not_picked":["Quick Slash","Bane"],"picked":"Accuracy","floor":8},{"not_picked":["Dodge and Roll","Prepared"],"picked":"Backflip","floor":11},{"not_picked":["Sucker Punch","Tactician"],"picked":"Footwork","floor":13},{"not_picked":["Outmaneuver","Caltrops"],"picked":"Prepared","floor":14},{"not_picked":["Envenom","Corpse Explosion"],"picked":"After Image","floor":16},{"not_picked":["Bane","Flying Knee"],"picked":"Deflect","floor":18},{"not_picked":["Bane","Reflex"],"picked":"Dagger Throw","floor":22},{"not_picked":["Accuracy","Escape Plan"],"picked":"Infinite Blades","floor":24},{"not_picked":["Expertise","Riddle With Holes"],"picked":"Distraction","floor":28},{"not_picked":["Glass Knife","Tools of the Trade"],"picked":"Tactician","floor":33},{"not_picked":["Catalyst","Quick Slash"],"picked":"Cloak And Dagger","floor":35},{"not_picked":["All Out Attack","Flechettes"],"picked":"Footwork","floor":36},{"not_picked":["Swift Strike","Purity"],"picked":"Master of Strategy","floor":38},{"not_picked":["Secret Technique","Secret Weapon"],"picked":"Panache","floor":38},{"not_picked":["Flying Knee","Sucker Punch"],"picked":"Calculated Gamble","floor":41},{"not_picked":["Dash","Prepared"],"picked":"Reflex","floor":48}],"player_experience":256312,"potions_floor_usage":[6,7,7,25,27,33,33],"damage_taken":[{"damage":0,"enemies":"Cultist","floor":1,"turns":3},{"damage":0,"enemies":"Small Slimes","floor":3,"turns":4},{"damage":0,"enemies":"Jaw Worm","floor":5,"turns":3},{"damage":9,"enemies":"Gremlin Nob","floor":6,"turns":4},{"damage":0,"enemies":"3 Louse","floor":7,"turns":1},{"damage":10,"enemies":"Lots of Slimes","floor":8,"turns":5},{"damage":11,"enemies":"Exordium Wildlife","floor":11,"turns":4},{"damage":0,"enemies":"Red Slaver","floor":13,"turns":2},{"damage":10,"enemies":"3 Sentries","floor":14,"turns":8},{"damage":32,"enemies":"Hexaghost","floor":16,"turns":13},{"damage":10,"enemies":"Shell Parasite","floor":18,"turns":7},{"damage":6,"enemies":"2 Thieves","floor":22,"turns":5},{"damage":3,"enemies":"3 Cultists","floor":24,"turns":6},{"damage":17,"enemies":"Centurion and Healer","floor":25,"turns":4},{"damage":4,"enemies":"Sentry and Sphere","floor":27,"turns":6},{"damage":2,"enemies":"3 Cultists","floor":28,"turns":5},{"damage":33,"enemies":"Slaver and Parasite","floor":30,"turns":5},{"damage":16,"enemies":"Collector","floor":33,"turns":8},{"damage":7,"enemies":"3 Darklings","floor":35,"turns":4},{"damage":0,"enemies":"Flame Bruiser 1 Orb","floor":36,"turns":4},{"damage":1,"enemies":"Sphere and 2 Shapes","floor":41,"turns":2},{"damage":13,"enemies":"Giant Head","floor":42,"turns":5},{"damage":6,"enemies":"Nemesis","floor":48,"turns":5},{"damage":58,"enemies":"Donu and Deca","floor":50,"turns":3}],"event_choices":[{"event_name":"Shining Light","player_choice":"Entered Light","floor":2,"damage_taken":0},{"event_name":"The Lab","player_choice":"Got Potions","floor":4,"damage_taken":0},{"event_name":"Bonfire Elementals","player_choice":"UNCOMMON","floor":10,"damage_taken":0},{"event_name":"The Mausoleum","player_choice":"Yes","floor":19,"damage_taken":0},{"event_name":"Wheel of Change","player_choice":"Relic","floor":20,"damage_taken":0},{"event_name":"The Woman in Blue","player_choice":"Bought 0 Potions","floor":21,"damage_taken":0},{"event_name":"SensoryStone","player_choice":"Memory 3","floor":38,"damage_taken":0},{"event_name":"Winding Halls","player_choice":"Embrace Madness","floor":39,"damage_taken":0},{"event_name":"Tomb of Lord Red Mask","player_choice":"Paid","floor":46,"damage_taken":0}],"boss_relics":[{"not_picked":["Runic Pyramid","Velvet Choker"],"picked":"Pandora\u0027s Box"},{"not_picked":["Runic Dome","Cursed Key"],"picked":"Sozu"}],"potions_floor_spawned":[1,3,11,14,16,22,24,28,36,41],"seed_played":"3513436589903345288","killed_by":"Donu and Deca","ascension_level":0,"is_trial":false}