{"path_per_floor":["M","?","M","?","?","R","M","M","T","R","?","M","$","M","R","B",null,"M","?","?","$","M","R","M","T","T","R","?","M","M","M","R"],"is_cheater":false,"character_chosen":"IRONCLAD","items_purchased":["Shrug It Off","Heavy Blade","Fire Potion","Dexterity Potion","Rage","Armaments"],"gold_per_floor":[116,116,134,134,134,134,159,174,174,174,174,194,15,39,39,160,198,212,212,212,116,141,141,162,238,238,238,238,248,262,281,281],"floor_reached":33,"campfire_rested":5,"playtime":3241,"current_hp_per_floor":[80,38,38,38,38,60,64,63,63,76,76,76,76,76,76,40,81,62,62,62,62,59,81,33,33,33,57,57,36,37,18,42],"items_purged":[],"gold":281,"play_id":"68ec1fb2-973b-4fed-9116-d84f58ee99e4","is_prod":false,"is_daily":false,"campfire_rituals":0,"campfire_upgraded":1,"potions_floor_combined":[],"is_hardmode":false,"path_taken":["M","?","M","?","?","R","?","M","T","R","?","M","?","M","R","BOSS","M","?","?","?","M","R","M","?","T","R","?","M","M","M","R","BOSS"],"build_version":"[EARLY_ACCESS_006] (11-30-2017)","purchased_purges":0,"victory":false,"master_deck":["Strike_R","Strike_R","Strike_R","Strike_R","Strike_R","Defend_R","Defend_R","Defend_R","Defend_R","Bash","Flex","Burning Pact","Pommel Strike","Bash","Madness","Iron Wave","Perfected Strike","Sword Boomerang","Shrug It Off","Heavy Blade","Uppercut","Berserk","True Grit","Body Slam","Rage","Armaments","Cleave","Thunderclap","Armaments","Flame Barrier","Whirlwind"],"max_hp_per_floor":[80,80,80,76,76,76,76,76,76,76,76,76,76,76,76,76,81,81,81,81,81,81,81,81,81,81,81,81,81,81,81,81],"relics":["Burning Blood","Anchor","Champion Belt","Bloody Idol","Peace Pipe","Tiny House","Dodecahedron","Ice Cream"],"campfire_meditates":0,"card_choices":[{"not_picked":["Clash","Warcry"],"picked":"Flex"},{"not_picked":["Dual Wield","Corruption"],"picked":"Burning Pact"},{"not_picked":["Dual Wield","Flex"],"picked":"Iron Wave"},{"not_picked":["Cleave","Pommel Strike"],"picked":"Perfected Strike"},{"not_picked":["Combust","Rupture"],"picked":"Sword Boomerang"},{"not_picked":["Warcry","Perfected Strike"],"picked":"Uppercut"},{"not_picked":["Brutality","Dark Embrace"],"picked":"Berserk"},{"not_picked":["Dual Wield","Warcry"],"picked":"True Grit"},{"not_picked":["Corruption","Perfected Strike"],"picked":"Body Slam"},{"not_picked":["Perfected Strike","Disarm"],"picked":"Cleave"},{"not_picked":["True Grit","Pommel Strike"],"picked":"Thunderclap"},{"not_picked":["Iron Wave","Anger"],"picked":"Armaments"},{"not_picked":["Shrug It Off","Body Slam"],"picked":"Flame Barrier"},{"not_picked":["Anger","Sword Boomerang"],"picked":"Whirlwind"}],"player_experience":39395,"potions_floor_usage":[12,16,16,16,18,22,33],"damage_taken":[{"damage":1,"enemies":"JawWorm","floor":1,"turns":2},{"damage":6,"enemies":"Blue Slaver","floor":3,"turns":4},{"damage":2,"enemies":"Looter","floor":7,"turns":3},{"damage":7,"enemies":"Slime","floor":8,"turns":6},{"damage":2,"enemies":"Red Slaver","floor":12,"turns":3},{"damage":0,"enemies":"Exordium Wildlife","floor":14,"turns":3},{"damage":42,"enemies":"TheGuardian","floor":16,"turns":10},{"damage":25,"enemies":"Shelled Parasite","floor":18,"turns":7},{"damage":9,"enemies":"Chosen","floor":22,"turns":4},{"damage":54,"enemies":"City Thugs","floor":24,"turns":10},{"damage":32,"enemies":"Murder of Cultists","floor":29,"turns":8},{"damage":10,"enemies":"SnakePlant","floor":30,"turns":4},{"damage":30,"enemies":"HealerTank","floor":31,"turns":9},{"damage":52,"enemies":"TheCollector","floor":33,"turns":8}],"event_choices":[{"event_name":"Scrap Ooze","player_choice":"success","floor":2,"damage_taken":42},{"event_name":"Golden Idol","player_choice":"Lose Max HP","floor":4,"damage_taken":0},{"event_name":"Match and Keep!","player_choice":"3 cards matched","floor":5,"damage_taken":0},{"event_name":"The Cleric","player_choice":"Leave","floor":11,"damage_taken":0},{"event_name":"Cursed Tome","player_choice":"Ignored","floor":19,"damage_taken":0},{"event_name":"Vampires","player_choice":"Ignored","floor":20,"damage_taken":0},{"event_name":"Forgotten Altar","player_choice":"Gave Idol","floor":28,"damage_taken":0}],"boss_relics":[{"not_picked":["Sozu","Runic Pyramid"],"picked":"Tiny House"}],"potions_floor_spawned":[8,14,16,18,31],"seed_played":"-3438566286195456863","killed_by":"TheCollector","is_trial":false}