{"path_per_floor":["M","?","$","?","M","R","$","E","T","M","R","M","M","M","R","B",null,"M","?","$","M","?","?","R","$","T","R","M","M","?","M","R"],"is_cheater":false,"character_chosen":"IRONCLAD","items_purchased":["Reaper","Juggernaut","True Grit","Whirlwind"],"gold_per_floor":[115,115,34,34,46,46,46,76,157,176,176,188,201,219,219,315,345,356,256,33,44,44,44,44,44,92,92,110,128,128,139,139],"floor_reached":33,"campfire_rested":3,"playtime":4021,"current_hp_per_floor":[78,78,78,78,80,80,80,48,48,49,73,78,53,76,76,29,85,68,68,68,57,57,57,82,82,82,82,42,34,34,40,65],"items_purged":[],"gold":139,"play_id":"81cb4675-60b6-4f66-adbb-e463e7b6b19a","is_prod":false,"is_daily":false,"campfire_rituals":0,"campfire_upgraded":3,"potions_floor_combined":[],"is_hardmode":false,"path_taken":["M","?","$","?","?","R","?","E","T","M","R","M","?","M","R","BOSS","M","?","$","M","?","?","R","?","T","R","?","M","?","M","R","BOSS"],"build_version":"[EARLY_ACCESS_006] (11-30-2017)","purchased_purges":0,"victory":false,"master_deck":["Strike_R","Strike_R","Strike_R","Strike_R","Strike_R","Defend_R","Defend_R","Defend_R","Defend_R","Bash","Shrug It Off","Reaper","Sword Boomerang","Feel No Pain","Whirlwind","Dropkick","Thunderclap","Fiend Fire","Demon Form","Iron Wave","Rage","Juggernaut","True Grit","Whirlwind","True Grit","Double Tap","Cleave","Headbutt"],"max_hp_per_floor":[80,80,80,80,80,80,80,80,80,80,80,80,80,80,80,80,85,85,85,85,85,85,85,85,85,85,85,85,85,85,85,85],"relics":["Burning Blood","Anchor","Paper Frog","Tiny House","Blood Vial","Molten Egg"],"campfire_meditates":0,"card_choices":[{"not_picked":["Cleave","Perfected Strike"],"picked":"Shrug It Off"},{"not_picked":["Disarm","Armaments"],"picked":"Sword Boomerang"},{"not_picked":["Warcry","Body Slam"],"picked":"Feel No Pain"},{"not_picked":["Anger","Clash"],"picked":"Whirlwind"},{"not_picked":["Metallicize","Armaments"],"picked":"Dropkick"},{"not_picked":["Armaments","Metallicize"],"picked":"Thunderclap"},{"not_picked":["Warcry","Metallicize"],"picked":"Fiend Fire"},{"not_picked":["Brutality","Offering"],"picked":"Demon Form"},{"not_picked":["Disarm","Rupture"],"picked":"Iron Wave"},{"not_picked":["Perfected Strike","Clash"],"picked":"Rage"},{"not_picked":["Warcry","Combust"],"picked":"True Grit"},{"not_picked":["Warcry","Blood for Blood"],"picked":"Double Tap"},{"not_picked":["Sword Boomerang","Infernal Blade"],"picked":"Cleave"},{"not_picked":["Body Slam","Sword Boomerang"],"picked":"Headbutt"}],"player_experience":14219,"potions_floor_usage":[1,8,8,8,18,28,33,33],"damage_taken":[{"damage":8,"enemies":"Blue Slaver","floor":1,"turns":4},{"damage":6,"enemies":"JawWorm","floor":5,"turns":5},{"damage":44,"enemies":"Sentries","floor":8,"turns":10},{"damage":5,"enemies":"Looter","floor":10,"turns":3},{"damage":1,"enemies":"Exordium Wildlife","floor":12,"turns":5},{"damage":39,"enemies":"Gremlins","floor":13,"turns":5},{"damage":8,"enemies":"lots of slimes","floor":14,"turns":3},{"damage":61,"enemies":"SlimeBoss","floor":16,"turns":12},{"damage":36,"enemies":"3_Byrds","floor":18,"turns":6},{"damage":17,"enemies":"Shelled Parasite","floor":21,"turns":6},{"damage":55,"enemies":"Murder of Cultists","floor":28,"turns":6},{"damage":16,"enemies":"Chosen and Flock","floor":29,"turns":5},{"damage":10,"enemies":"Snecko","floor":31,"turns":5},{"damage":58,"enemies":"Champ","floor":33,"turns":12}],"event_choices":[{"event_name":"Liars Game","player_choice":"disagreed","floor":2,"damage_taken":0},{"event_name":"Purifier","player_choice":"Skipped","floor":4,"damage_taken":0},{"event_name":"Drug Dealer","player_choice":"Got JAXXED","floor":19,"damage_taken":0},{"event_name":"Addict","player_choice":"Gave JAX","floor":22,"damage_taken":0},{"event_name":"Beggar","player_choice":"Ignored","floor":23,"damage_taken":0},{"event_name":"Back to Basics","player_choice":"Simplicity","floor":30,"damage_taken":0}],"boss_relics":[{"not_picked":["Eternal Feather","Cursed Key"],"picked":"Tiny House"}],"potions_floor_spawned":[1,8,12,18,29,31],"seed_played":"-2956884808276625474","killed_by":"Champ","is_trial":false}