{"path_per_floor":["M","?","?","M","M","R","M","?","T","M","M","?","E","M","R","B",null,"M","$","M","M","?","R","?","$","T","R","?","R","M","M","R"],"is_cheater":false,"character_chosen":"IRONCLAD","items_purchased":["Self Forming Clay"],"gold_per_floor":[117,117,77,97,107,107,127,127,127,139,156,156,187,199,199,301,301,321,83,93,109,24,24,24,24,50,50,50,50,67,87,87],"floor_reached":33,"campfire_rested":1,"playtime":3127,"current_hp_per_floor":[80,64,64,64,62,80,66,80,80,75,80,80,75,78,78,40,80,72,72,80,80,80,80,80,80,80,80,80,80,66,80,80],"items_purged":[],"gold":87,"play_id":"75fd0e79-60c1-4a94-ae3e-8e7f1b4b1bc2","is_prod":false,"is_daily":false,"campfire_rituals":0,"campfire_upgraded":5,"potions_floor_combined":[],"is_hardmode":false,"path_taken":["M","?","?","M","M","R","M","?","T","M","M","?","E","M","R","BOSS","M","$","M","M","?","R","?","?","T","R","?","R","M","M","R","BOSS"],"build_version":"[EARLY_ACCESS_006] (11-30-2017)","purchased_purges":0,"victory":false,"master_deck":["Strike_R","Strike_R","Strike_R","Strike_R","Defend_R","Defend_R","Defend_R","Bash","Flex","Metallicize","Shrug It Off","Thunderclap","Hemokinesis","Demon Form","Battle Trance","Reaper","Iron Wave","Intimidate","Battle Trance","Perfected Strike","Perfected Strike","Armaments","Whirlwind","Shrug It Off"],"max_hp_per_floor":[80,80,80,80,80,80,80,80,80,80,80,80,80,80,80,80,80,80,80,80,80,80,80,80,80,80,80,80,80,80,80,80],"relics":["Burning Blood","Juzu Bracelet","Thread and Needle","Lantern","Astrolabe","Self Forming Clay","Unceasing Top","Oddly Smooth Stone"],"campfire_meditates":0,"card_choices":[{"not_picked":["Pommel Strike","Headbutt"],"picked":"Flex"},{"not_picked":["Cleave","Disarm"],"picked":"Metallicize"},{"not_picked":["Disarm","Thunderclap"],"picked":"Shrug It Off"},{"not_picked":["Flex","Impervious"],"picked":"Thunderclap"},{"not_picked":["Dual Wield","Shrug It Off"],"picked":"Sword Boomerang"},{"not_picked":["Flex","Dual Wield"],"picked":"Hemokinesis"},{"not_picked":["Uppercut","Combust"],"picked":"Demon Form"},{"not_picked":["Metallicize","Anger"],"picked":"Battle Trance"},{"not_picked":["Double Tap","Brutality"],"picked":"Reaper"},{"not_picked":["Iron Wave","Cleave"],"picked":"Perfected Strike"},{"not_picked":["Thunderclap","Anger"],"picked":"Perfected Strike"},{"not_picked":["Perfected Strike","Iron Wave"],"picked":"Armaments"},{"not_picked":["Corruption","Heavy Blade"],"picked":"Whirlwind"},{"not_picked":["Uppercut","Dual Wield"],"picked":"Shrug It Off"}],"player_experience":62964,"potions_floor_usage":[13,16,16,31,31,33],"damage_taken":[{"damage":2,"enemies":"Cultist","floor":1,"turns":5},{"damage":6,"enemies":"Blue Slaver","floor":4,"turns":5},{"damage":8,"enemies":"JawWorm","floor":5,"turns":4},{"damage":20,"enemies":"Exordium Thugs","floor":7,"turns":9},{"damage":11,"enemies":"lots of slimes","floor":10,"turns":4},{"damage":0,"enemies":"TwoFungiBeasts","floor":11,"turns":4},{"damage":11,"enemies":"Sentries","floor":13,"turns":5},{"damage":3,"enemies":"Exordium Wildlife","floor":14,"turns":2},{"damage":44,"enemies":"Hexaghost","floor":16,"turns":5},{"damage":14,"enemies":"Shelled Parasite","floor":18,"turns":4},{"damage":4,"enemies":"Chosen","floor":20,"turns":4},{"damage":5,"enemies":"Murder of Cultists","floor":21,"turns":5},{"damage":20,"enemies":"City Ancients","floor":30,"turns":6},{"damage":15,"enemies":"HealerTank","floor":31,"turns":7},{"damage":76,"enemies":"BronzeAutomaton","floor":33,"turns":14}],"event_choices":[{"event_name":"Shining Light","player_choice":"Entered Light","floor":2,"damage_taken":0},{"event_name":"World of Goop","player_choice":"Left","floor":3,"damage_taken":0},{"event_name":"Big Fish","player_choice":"Banana","floor":8,"damage_taken":0},{"event_name":"Liars Game","player_choice":"disagreed","floor":12,"damage_taken":0},{"event_name":"Addict","player_choice":"Obtained Relic","floor":22,"damage_taken":0},{"event_name":"The Mausoleum","player_choice":"No","floor":24,"damage_taken":0},{"event_name":"Beggar","player_choice":"Ignored","floor":28,"damage_taken":0}],"boss_relics":[{"not_picked":["Sozu","Philosopher\u0027s Stone"],"picked":"Astrolabe"}],"potions_floor_spawned":[5,7,11,14,18,30],"seed_played":"-6177476742439844317","killed_by":"BronzeAutomaton","is_trial":false}