{"path_per_floor":["M","M","M","$","M","R","?","M","T","M","M","R","T","$","R","B",null,"M","?","$","M","M","R","E","M","T","R"],"is_cheater":false,"character_chosen":"IRONCLAD","items_purchased":["Oddly Smooth Stone","Seeing Red","Bronze Scales"],"gold_per_floor":[216,231,243,43,57,57,57,71,71,90,109,109,109,32,32,128,128,148,238,32,46,57,57,83,96,96,96],"floor_reached":28,"campfire_rested":2,"playtime":2755,"current_hp_per_floor":[80,80,75,75,74,74,74,80,80,80,80,80,80,80,80,46,80,78,62,62,44,19,51,15,19,19,51],"items_purged":[],"gold":96,"play_id":"9c3f532b-3506-45a3-8403-70f811f50331","is_prod":false,"is_daily":false,"campfire_rituals":0,"campfire_upgraded":3,"potions_floor_combined":[],"is_hardmode":false,"path_taken":["M","M","M","$","M","R","?","M","T","M","M","R","?","$","R","BOSS","M","?","$","M","?","R","E","M","T","R","M"],"build_version":"[EARLY_ACCESS_006] (11-30-2017)","purchased_purges":0,"victory":false,"master_deck":["Strike_R","Strike_R","Strike_R","Strike_R","Strike_R","Defend_R","Defend_R","Defend_R","Defend_R","Bash","Sword Boomerang","Infernal Blade","Anger","Flex","Perfected Strike","Metallicize","Seeing Red","Juggernaut","Cleave","Iron Wave","Body Slam","Infernal Blade","Twin Strike"],"max_hp_per_floor":[80,80,80,80,80,80,80,80,80,80,80,80,80,80,80,80,80,80,80,80,80,80,80,80,80,80,80],"relics":["Burning Blood","Oddly Smooth Stone","Champion Belt","Magic Flower","Eternal Feather","Bronze Scales","Lantern"],"campfire_meditates":0,"card_choices":[{"not_picked":["Corruption","Evolve"],"picked":"Sword Boomerang"},{"not_picked":["Anger","Shockwave"],"picked":"Infernal Blade"},{"not_picked":["Headbutt","Infernal Blade"],"picked":"Anger"},{"not_picked":["Disarm","Rupture"],"picked":"Flex"},{"not_picked":["Clash","Heavy Blade"],"picked":"Perfected Strike"},{"not_picked":["Battle Trance","Armaments"],"picked":"Metallicize"},{"not_picked":["Bludgeon","Reaper"],"picked":"Juggernaut"},{"not_picked":["Bloodletting","Rupture"],"picked":"Cleave"},{"not_picked":["True Grit","Pummel"],"picked":"Iron Wave"},{"not_picked":["Wild Strike","True Grit"],"picked":"Body Slam"},{"not_picked":["Body Slam","Warcry"],"picked":"Infernal Blade"},{"not_picked":["Clash","Pummel"],"picked":"Twin Strike"}],"player_experience":66091,"potions_floor_usage":[11,16,16,22,25],"damage_taken":[{"damage":5.0,"enemies":"Looter","floor":1.0,"turns":4.0},{"damage":5.0,"enemies":"JawWorm","floor":2.0,"turns":4.0},{"damage":11.0,"enemies":"Blue Slaver","floor":3.0,"turns":4.0},{"damage":7.0,"enemies":"Exordium Wildlife","floor":5.0,"turns":4.0},{"damage":0.0,"enemies":"Slime","floor":8.0,"turns":3.0},{"damage":6.0,"enemies":"Red Slaver","floor":10.0,"turns":2.0},{"damage":6.0,"enemies":"Gremlins","floor":11.0,"turns":3.0},{"damage":43.0,"enemies":"Hexaghost","floor":16.0,"turns":10.0},{"damage":11.0,"enemies":"3_Byrds","floor":18.0,"turns":5.0},{"damage":27.0,"enemies":"Chosen","floor":21.0,"turns":5.0},{"damage":46.0,"enemies":"Murder of Cultists","floor":22.0,"turns":7.0},{"damage":45.0,"enemies":"BookOfStabbing","floor":24.0,"turns":9.0},{"damage":17.0,"enemies":"Snecko","floor":25.0,"turns":5.0},{"damage":21,"enemies":"SnakePlant","floor":28,"turns":2}],"event_choices":[{"event_name":"The Cleric","player_choice":"Leave","floor":7.0,"damage_taken":0.0},{"event_name":"Knowing Skull","player_choice":"16","floor":19.0,"damage_taken":0.0}],"boss_relics":[],"potions_floor_spawned":[3,5,10,16,24],"seed_played":"-4151193708636907016","killed_by":"SnakePlant","is_trial":false}