{"path_per_floor":["M","?","M","M","?","R","$","M","T","M","M","?","M","M","R","B",null,"M","M","$","M","?","R","M","M","T","M","R","T","M","$","R"],"is_cheater":false,"character_chosen":"IRONCLAD","items_purchased":["Iron Wave","Lee\u0027s Waffle"],"gold_per_floor":[119,119,133,144,144,144,22,42,42,54,74,74,84,96,96,192,192,202,216,116,136,136,136,156,166,166,180,180,180,196,51,51],"floor_reached":33,"campfire_rested":3,"playtime":3783,"current_hp_per_floor":[82,82,87,81,64,88,88,80,80,75,77,77,76,82,82,80,88,91,87,87,77,62,92,76,59,59,22,52,52,39,109,109],"items_purged":["Strike_R","Strike_R"],"gold":51,"play_id":"c3c5e078-8888-4c96-9f5a-de2f36acc4b8","is_prod":false,"is_daily":false,"campfire_rituals":0,"campfire_upgraded":2,"potions_floor_combined":[],"is_hardmode":false,"path_taken":["M","?","M","?","?","R","$","M","T","M","?","?","M","M","R","BOSS","M","M","$","M","?","R","M","M","T","M","R","?","M","$","R","BOSS"],"build_version":"[EARLY_ACCESS_006] (11-30-2017)","purchased_purges":4,"victory":false,"master_deck":["Strike_R","Strike_R","Strike_R","Defend_R","Defend_R","Defend_R","Defend_R","Bash","Sword Boomerang","Infernal Blade","Twin Strike","Iron Wave","Uppercut","Sword Boomerang","Clothesline","Offering","Shrug It Off","Feed","Cleave","Body Slam","Seeing Red","Armaments","Cleave","Perfected Strike","Blood for Blood"],"max_hp_per_floor":[88,88,88,88,88,88,88,88,88,88,88,88,88,88,88,88,88,91,94,94,97,102,102,102,102,102,102,102,102,102,109,109],"relics":["Black Blood","Ornamental Fan","Unceasing Top","Charon\u0027s Ashes","Lee\u0027s Waffle"],"campfire_meditates":0,"card_choices":[{"not_picked":["Clothesline","Combust"],"picked":"Sword Boomerang"},{"not_picked":["Armaments","Wild Strike"],"picked":"Infernal Blade"},{"not_picked":["Corruption","Headbutt"],"picked":"Twin Strike"},{"not_picked":["Armaments","Body Slam"],"picked":"Uppercut"},{"not_picked":["Power Through","Heavy Blade"],"picked":"Sword Boomerang"},{"not_picked":["Combust","Shockwave"],"picked":"Clothesline"},{"not_picked":["Blood for Blood","Iron Wave"],"picked":"Offering"},{"not_picked":["Pommel Strike","Perfected Strike"],"picked":"Shrug It Off"},{"not_picked":["Immolate","Bludgeon"],"picked":"Feed"},{"not_picked":["Evolve","Uppercut"],"picked":"Cleave"},{"not_picked":["Warcry","Power Through"],"picked":"Body Slam"},{"not_picked":["Feel No Pain","Sword Boomerang"],"picked":"Seeing Red"},{"not_picked":["Fire Breathing","Wild Strike"],"picked":"Armaments"},{"not_picked":["Combust","Sword Boomerang"],"picked":"Cleave"},{"not_picked":["Shockwave","Clothesline"],"picked":"Perfected Strike"},{"not_picked":["Feel No Pain","Burning Pact"],"picked":"Blood for Blood"}],"player_experience":68846,"potions_floor_usage":[11,13,16,19,21,24],"damage_taken":[{"damage":12,"enemies":"Looter","floor":1,"turns":4},{"damage":1,"enemies":"Cultist","floor":3,"turns":3},{"damage":12,"enemies":"Blue Slaver","floor":4,"turns":3},{"damage":14,"enemies":"Louse","floor":8,"turns":6},{"damage":11,"enemies":"Red Slaver","floor":10,"turns":3},{"damage":13,"enemies":"Gremlins","floor":11,"turns":4},{"damage":7,"enemies":"Slime","floor":13,"turns":4},{"damage":0,"enemies":"TwoFungiBeasts","floor":14,"turns":2},{"damage":8,"enemies":"SlimeBoss","floor":16,"turns":7},{"damage":10,"enemies":"3_Byrds","floor":18,"turns":6},{"damage":17,"enemies":"City Looters","floor":19,"turns":4},{"damage":23,"enemies":"Murder of Cultists","floor":21,"turns":4},{"damage":29,"enemies":"SnakePlant","floor":24,"turns":4},{"damage":27,"enemies":"HealerTank","floor":25,"turns":5},{"damage":47,"enemies":"Snecko","floor":27,"turns":8},{"damage":23,"enemies":"City Thugs","floor":30,"turns":6},{"damage":83,"enemies":"Champ","floor":33,"turns":14}],"event_choices":[{"event_name":"Golden Idol","player_choice":"Ignored","floor":2,"damage_taken":0},{"event_name":"Shining Light","player_choice":"Entered Light","floor":5,"damage_taken":0},{"event_name":"Scrap Ooze","player_choice":"unsuccessful","floor":12,"damage_taken":0},{"event_name":"Forgotten Altar","player_choice":"Shed Blood","floor":22,"damage_taken":0}],"boss_relics":[{"not_picked":["Runic Pyramid","Orrery"],"picked":"Black Blood"}],"potions_floor_spawned":[3,8,10,13,16,19],"seed_played":"-8766053025756362140","killed_by":"Champ","is_trial":false}