{"path_per_floor":["M","?","$","M","M","R","M","M","T","M","M","$","R","M","R","B",null,"M","?","?","?","M","R","M","R","T","M","$","M"],"is_cheater":false,"character_chosen":"IRONCLAD","items_purchased":["Metallicize","Mind Blast","Twin Strike","Infernal Blade","Whetstone"],"gold_per_floor":[218,218,23,33,46,46,58,72,97,113,132,58,58,77,77,179,179,196,196,196,196,215,215,232,232,256,266,62,81],"floor_reached":30,"campfire_rested":2,"playtime":2544,"current_hp_per_floor":[80,80,80,80,80,80,80,80,80,80,80,80,80,79,79,24,80,70,70,70,70,63,80,57,80,80,60,60,40],"items_purged":[],"gold":81,"play_id":"adc11ccc-f5e9-42f5-b85b-be22ebab85c4","is_prod":false,"is_daily":false,"campfire_rituals":0,"campfire_upgraded":3,"potions_floor_combined":[],"is_hardmode":false,"path_taken":["M","?","?","M","M","R","M","M","T","M","M","$","R","M","R","BOSS","M","?","?","?","?","R","M","R","T","M","$","M","M"],"build_version":"[EARLY_ACCESS_006] (11-30-2017)","purchased_purges":0,"victory":false,"master_deck":["Strike_R","Strike_R","Strike_R","Strike_R","Defend_R","Defend_R","Defend_R","Defend_R","Bash","Flame Barrier","Metallicize","Mind Blast","Twin Strike","Pommel Strike","Combust","Heavy Blade","Pommel Strike","Shrug It Off","Sword Boomerang","Infernal Blade","Thunderclap","Juggernaut","Cleave","Dual Wield","Rampage","Iron Wave","Cleave","Metallicize","Rampage"],"max_hp_per_floor":[80,80,80,80,80,80,80,80,80,80,80,80,80,80,80,80,80,80,80,80,80,80,80,80,80,80,80,80,80],"relics":["Burning Blood","Dream Catcher","Question Card","Anchor","Whetstone"],"campfire_meditates":0,"card_choices":[{"not_picked":["Uppercut","Offering"],"picked":"Flame Barrier"},{"not_picked":["Shrug It Off","Dual Wield"],"picked":"Pommel Strike"},{"not_picked":["Warcry","Wild Strike"],"picked":"Combust"},{"not_picked":["Burning Pact","Wild Strike"],"picked":"Heavy Blade"},{"not_picked":["Wild Strike","Bloodletting"],"picked":"Pommel Strike"},{"not_picked":["Dark Embrace","Hemokinesis"],"picked":"Shrug It Off"},{"not_picked":["Warcry","Shrug It Off"],"picked":"Sword Boomerang"},{"not_picked":["Clash","Uppercut"],"picked":"Thunderclap"},{"not_picked":["Bludgeon","Feed"],"picked":"Juggernaut"},{"not_picked":["Warcry","Dual Wield","Heavy Blade"],"picked":"Cleave"},{"not_picked":["Headbutt","Clash","Rage"],"picked":"Iron Wave"},{"not_picked":["Limit Break","Sword Boomerang","Metallicize"],"picked":"Cleave"},{"not_picked":["Searing Blow","Rampage","Cleave"],"picked":"Metallicize"},{"not_picked":["Twin Strike","Bloodletting","Anger"],"picked":"Rampage"}],"player_experience":94373,"potions_floor_usage":[7,14,16,18,30,30],"damage_taken":[{"damage":0,"enemies":"Looter","floor":1,"turns":4},{"damage":4,"enemies":"Blue Slaver","floor":4,"turns":4},{"damage":3,"enemies":"Cultist","floor":5,"turns":3},{"damage":3,"enemies":"Red Slaver","floor":7,"turns":4},{"damage":4,"enemies":"Exordium Thugs","floor":8,"turns":5},{"damage":4,"enemies":"TwoFungiBeasts","floor":10,"turns":3},{"damage":0,"enemies":"Exordium Wildlife","floor":11,"turns":2},{"damage":7,"enemies":"Exordium Thugs","floor":14,"turns":4},{"damage":61,"enemies":"Hexaghost","floor":16,"turns":12},{"damage":16,"enemies":"City Looters","floor":18,"turns":4},{"damage":13,"enemies":"3_Byrds","floor":22,"turns":4},{"damage":29,"enemies":"Chosen and Flock","floor":24,"turns":7},{"damage":26,"enemies":"Snecko","floor":27,"turns":7},{"damage":26,"enemies":"SnakePlant","floor":29,"turns":5},{"damage":8,"enemies":"HealerTank","floor":30,"turns":4}],"event_choices":[{"event_name":"Liars Game","player_choice":"disagreed","floor":2,"damage_taken":0},{"event_name":"Transmorgrifier","player_choice":"Transform","floor":19,"damage_taken":0},{"event_name":"Cursed Tome","player_choice":"Ignored","floor":20,"damage_taken":0},{"event_name":"The Library","player_choice":"Read","floor":21,"damage_taken":0}],"boss_relics":[{"not_picked":["Calling Bell","Runic Dome"],"picked":"Question Card"}],"potions_floor_spawned":[1,4,5,11,16,24,29],"seed_played":"-4478788732176990742","killed_by":"HealerTank","is_trial":false}