{"path_per_floor":["M","?","$","M","M","R","M","M","T","?","M","R","$","M","R","B",null,"M","$","$","M","M","R"],"character_chosen":"IRONCLAD","items_purchased":["Armaments","Feed","Iron Wave"],"gold_per_floor":[109,109,34,51,62,62,82,94,121,171,191,191,67,86,86,185,185,205,53,53,68,84,84],"floor_reached":24,"campfire_rested":2,"playtime":1928,"current_hp_per_floor":[80,80,80,80,69,69,69,67,67,67,67,67,67,64,80,25,80,69,69,69,43,27,51],"items_purged":["Regret","Exhume"],"gold":84,"play_id":"948d3565-aaaa-4136-b7bb-c1669167e574","is_prod":false,"is_daily":false,"campfire_rituals":0,"campfire_upgraded":2,"is_hardmode":false,"path_taken":["M","?","$","M","M","R","M","M","T","?","M","R","$","M","R","BOSS","M","?","$","M","M","R","M"],"build_version":"2017-12-21-PROD1","purchased_purges":2,"victory":false,"master_deck":["Strike_R","Strike_R","Defend_R","Defend_R","Defend_R","Defend_R","Bash","Whirlwind","Clothesline","Seeing Red","Armaments","Feed","Bludgeon","Dropkick","Double Tap","Inflame","Iron Wave","True Grit"],"max_hp_per_floor":[80,80,80,80,80,80,80,80,80,80,80,80,80,80,80,80,80,80,80,80,80,80,80],"relics":["Burning Blood","Prayer Wheel","Art of War","Whetstone","Astrolabe"],"campfire_meditates":0,"card_choices":[{"not_picked":["Twin Strike","Shockwave"],"picked":"Whirlwind"},{"not_picked":["Anger","Wild Strike"],"picked":"Clothesline"},{"not_picked":["Offering","Warcry"],"picked":"Seeing Red"},{"not_picked":["Double Tap","Offering"],"picked":"Bludgeon"},{"not_picked":["Infernal Blade","Warcry"],"picked":"Inflame"},{"not_picked":["Combust","Anger"],"picked":"True Grit"}],"player_experience":240105,"potions_floor_usage":[7,16,16,24],"damage_taken":[{"damage":1,"enemies":"Cultist","floor":1,"turns":3},{"damage":3,"enemies":"Jaw Worm","floor":4,"turns":4},{"damage":17,"enemies":"Looter","floor":5,"turns":4},{"damage":6,"enemies":"Lots of Slimes","floor":7,"turns":2},{"damage":8,"enemies":"3 Louse","floor":8,"turns":2},{"damage":6,"enemies":"2 Fungi Beasts","floor":11,"turns":3},{"damage":9,"enemies":"Exordium Wildlife","floor":14,"turns":5},{"damage":61,"enemies":"Hexaghost","floor":16,"turns":15},{"damage":17,"enemies":"Shell Parasite","floor":18,"turns":8},{"damage":32,"enemies":"Chosen","floor":21,"turns":7},{"damage":22,"enemies":"3 Cultists","floor":22,"turns":5},{"damage":34,"enemies":"Slaver and Parasite","floor":24,"turns":8}],"event_choices":[{"event_name":"Big Fish","player_choice":"Box","floor":2,"damage_taken":0},{"event_name":"Golden Wing","player_choice":"Gained Gold","floor":10,"damage_taken":0}],"boss_relics":[{"not_picked":["Runic Dome","Question Card"],"picked":"Astrolabe"}],"potions_floor_spawned":[5,7,14,22],"seed_played":"20703583742651642","killed_by":"Slaver and Parasite","is_trial":false}