{"path_per_floor":["M","M","?","$","?","R","M","R","T","$","M","M","?","?","R","B",null,"M","?","M","?","M","R","M","R","T","R","M","M","$","M","R"],"character_chosen":"IRONCLAD","items_purchased":["Shrug It Off","Inflame","Blood Vial","Flex"],"gold_per_floor":[114,124,124,25,95,95,111,111,111,36,48,63,63,86,86,188,188,203,128,142,142,153,153,170,170,194,194,214,234,33,50,50],"floor_reached":33,"campfire_rested":5,"playtime":2599,"current_hp_per_floor":[46,40,40,40,40,68,73,96,110,110,92,78,75,65,98,52,110,110,110,93,93,87,87,66,99,99,99,82,57,57,55,88],"items_purged":["Strike_R"],"gold":50,"play_id":"a7e69272-e04b-48e3-9082-7979549f801c","is_prod":false,"is_daily":false,"campfire_rituals":0,"campfire_upgraded":2,"is_hardmode":false,"path_taken":["M","?","?","$","?","R","M","R","T","?","M","M","?","?","R","BOSS","M","?","?","?","M","R","M","R","T","R","?","M","$","M","R","BOSS"],"build_version":"2017-12-21-PROD1","purchased_purges":1,"victory":false,"master_deck":["Strike_R","Strike_R","Strike_R","Defend_R","Defend_R","Defend_R","Defend_R","Bash","Body Slam","Heavy Blade","Shrug It Off","Inflame","Combust","Headbutt","Cleave","Clothesline","Barricade","Armaments","Rage","Reaper","Armaments","Flex"],"max_hp_per_floor":[96,96,96,96,96,96,96,96,110,110,110,110,110,110,110,110,110,110,110,110,110,110,110,110,110,110,110,110,110,110,110,110],"relics":["Burning Blood","Mango","Vajra","Odd Mushroom","Mark of Pain","Molten Egg","Blood Vial"],"campfire_meditates":0,"card_choices":[{"not_picked":["Wild Strike","Heavy Blade"],"picked":"Body Slam"},{"not_picked":["Disarm","Warcry"],"picked":"Heavy Blade"},{"not_picked":["Dropkick","Heavy Blade"],"picked":"Combust"},{"not_picked":["Pommel Strike","Pummel"],"picked":"Headbutt"},{"not_picked":["Reckless Charge","Pummel"],"picked":"Cleave"},{"not_picked":["Wild Strike","Warcry"],"picked":"Clothesline"},{"not_picked":["Fiend Fire","Immolate"],"picked":"Barricade"},{"not_picked":["Perfected Strike","Heavy Blade"],"picked":"Armaments"},{"not_picked":["Clash","Fire Breathing"],"picked":"Rage"},{"not_picked":["Twin Strike","Armaments"],"picked":"Reaper"},{"not_picked":["Pummel","Uppercut"],"picked":"Armaments"}],"player_experience":235927,"potions_floor_usage":[16,24,29,31,33],"damage_taken":[{"damage":8,"enemies":"Blue Slaver","floor":1,"turns":6},{"damage":12,"enemies":"Looter","floor":2,"turns":4},{"damage":1,"enemies":"Cultist","floor":7,"turns":4},{"damage":24,"enemies":"Exordium Thugs","floor":11,"turns":6},{"damage":20,"enemies":"Exordium Wildlife","floor":12,"turns":5},{"damage":16,"enemies":"The Mushroom Lair","floor":14,"turns":4},{"damage":52,"enemies":"The Guardian","floor":16,"turns":11},{"damage":0,"enemies":"Chosen","floor":18,"turns":4},{"damage":23,"enemies":"2 Thieves","floor":20,"turns":4},{"damage":12,"enemies":"Snecko","floor":22,"turns":5},{"damage":27,"enemies":"3 Cultists","floor":24,"turns":6},{"damage":28,"enemies":"Snake Plant","floor":28,"turns":5},{"damage":31,"enemies":"Centurion and Healer","floor":29,"turns":6},{"damage":34,"enemies":"3 Cultists","floor":31,"turns":5},{"damage":40,"enemies":"Collector","floor":33,"turns":5}],"event_choices":[{"event_name":"Liars Game","player_choice":"disagreed","floor":3,"damage_taken":0},{"event_name":"Golden Wing","player_choice":"Gained Gold","floor":5,"damage_taken":0},{"event_name":"Scrap Ooze","player_choice":"success","floor":13,"damage_taken":3},{"event_name":"Mushrooms","player_choice":"Fought Mushrooms","floor":14,"damage_taken":0},{"event_name":"Beggar","player_choice":"Gave Gold","floor":19,"damage_taken":0},{"event_name":"Cursed Tome","player_choice":"Ignored","floor":21,"damage_taken":0}],"boss_relics":[{"not_picked":["Runic Pyramid","Velvet Choker"],"picked":"Mark of Pain"}],"potions_floor_spawned":[14,22,28,29,31],"seed_played":"1030861189608019432","killed_by":"Collector","is_trial":false}