{"path_per_floor":["M","?","M","M","M","R","M","R","T","?","T","M","M","M","R","B",null,"M","$","?","M","M","R","M","R","T","R","M"],"character_chosen":"IRONCLAD","items_purchased":["Bludgeon"],"gold_per_floor":[112,62,81,99,110,110,121,121,121,121,171,182,198,208,208,307,307,325,251,251,263,279,279,296,296,296,296,314],"floor_reached":29,"campfire_rested":3,"playtime":2562,"current_hp_per_floor":[80,80,76,77,65,80,80,80,80,80,80,80,79,77,77,21,80,64,64,64,55,44,68,54,78,78,78,26],"items_purged":[],"gold":314,"play_id":"92bcf75d-aebd-4682-b0a1-64d112bf0379","is_prod":false,"is_daily":false,"campfire_rituals":0,"campfire_upgraded":3,"is_hardmode":false,"path_taken":["M","?","M","?","?","R","M","R","T","?","?","M","?","M","R","BOSS","M","$","?","M","M","R","M","R","T","R","M","M"],"build_version":"2017-12-21-PROD1","purchased_purges":1,"victory":false,"master_deck":["Strike_R","Strike_R","Strike_R","Strike_R","Defend_R","Defend_R","Defend_R","Defend_R","Bash","Inflame","Whirlwind","Twin Strike","Armaments","Thunderclap","Flex","Iron Wave","Limit Break","Clothesline","Bludgeon","Infernal Blade","Iron Wave"],"max_hp_per_floor":[80,80,80,80,80,80,80,80,80,80,80,80,80,80,80,80,80,80,80,80,80,80,80,80,80,80,80,80],"relics":["Burning Blood","Molten Egg","War Paint","Runic Pyramid","Blood Vial"],"campfire_meditates":0,"card_choices":[{"not_picked":["Clothesline","Power Through"],"picked":"Inflame"},{"not_picked":["Battle Trance","Fire Breathing"],"picked":"Whirlwind"},{"not_picked":["Sentinel","Feel No Pain"],"picked":"Twin Strike"},{"not_picked":["Clash","Warcry"],"picked":"Armaments"},{"not_picked":["Sword Boomerang","Perfected Strike"],"picked":"Thunderclap"},{"not_picked":["Feel No Pain","Uppercut"],"picked":"Flex"},{"not_picked":["Headbutt","Immolate"],"picked":"Iron Wave"},{"not_picked":["Demon Form","Juggernaut"],"picked":"Limit Break"},{"not_picked":["Body Slam","Sword Boomerang"],"picked":"Clothesline"},{"not_picked":["Battle Trance","Dual Wield"],"picked":"Infernal Blade"},{"not_picked":["Heavy Blade","Perfected Strike"],"picked":"Iron Wave"}],"player_experience":213185,"potions_floor_usage":[28],"damage_taken":[{"damage":1.0,"enemies":"Cultist","floor":1.0,"turns":4.0},{"damage":10.0,"enemies":"Looter","floor":3.0,"turns":4.0},{"damage":5.0,"enemies":"Jaw Worm","floor":4.0,"turns":4.0},{"damage":18.0,"enemies":"Gremlin Gang","floor":5.0,"turns":3.0},{"damage":6.0,"enemies":"3 Louse","floor":7.0,"turns":2.0},{"damage":1.0,"enemies":"Large Slime","floor":12.0,"turns":5.0},{"damage":7.0,"enemies":"Exordium Thugs","floor":13.0,"turns":4.0},{"damage":8.0,"enemies":"Exordium Wildlife","floor":14.0,"turns":5.0},{"damage":62.0,"enemies":"Hexaghost","floor":16.0,"turns":10.0},{"damage":22,"enemies":"2 Thieves","floor":18,"turns":3},{"damage":15,"enemies":"Shell Parasite","floor":21,"turns":8},{"damage":17,"enemies":"Snecko","floor":22,"turns":5},{"damage":20,"enemies":"Centurion and Healer","floor":24,"turns":7},{"damage":60,"enemies":"Sentry and Sphere","floor":28,"turns":10},{"damage":0,"enemies":"Snake Plant","floor":29,"turns":1}],"event_choices":[{"event_name":"The Cleric","player_choice":"Card Removal","floor":2.0,"damage_taken":0.0},{"event_name":"Liars Game","player_choice":"disagreed","floor":10.0,"damage_taken":0.0},{"event_name":"Cursed Tome","player_choice":"Ignored","floor":20,"damage_taken":0}],"boss_relics":[{"not_picked":["Eternal Feather","Pandora\u0027s Box"],"picked":"Runic Pyramid"}],"potions_floor_spawned":[1,4,7,13,14,18],"seed_played":"5731599313226590348","killed_by":"Snake Plant","is_trial":false}