{"path_per_floor":["M","$","M","T","M","E","M","R","T","R","M","E","M","?","R","B",null,"M","M","M","?","?","R","M","M","T","$","T","R","M","M","R","B",null,"M","M","M","M","?","R","M","?","T","R","M","M","M","M","R"],"character_chosen":"IRONCLAD","items_purchased":["Apotheosis","Lantern","Fire Potion"],"gold_per_floor":[211,13,26,26,42,70,81,81,81,81,99,132,144,144,144,249,249,266,285,298,298,298,298,312,327,327,55,55,55,69,89,89,192,192,203,213,228,246,246,246,264,264,264,264,275,285,302,318,318],"floor_reached":50,"campfire_rested":1,"playtime":4539,"current_hp_per_floor":[78,78,80,80,80,80,80,80,80,80,80,71,77,77,77,64,80,68,74,79,79,79,80,79,73,73,73,73,80,77,80,80,80,80,80,70,64,73,73,80,73,73,73,80,80,72,33,65,80],"items_purged":["Strike_R"],"gold":318,"play_id":"bbb5e1c0-e06d-4a3e-95b3-1f2aaf5d2905","is_prod":false,"is_daily":false,"campfire_rituals":0,"campfire_upgraded":8,"is_hardmode":false,"path_taken":["M","?","M","?","M","E","M","R","T","R","M","E","M","?","R","BOSS","M","M","?","?","?","R","M","M","T","$","?","R","M","?","R","BOSS","M","M","M","M","?","R","?","?","T","R","M","M","M","M","R","BOSS"],"build_version":"2017-12-21-PROD1","purchased_purges":1,"victory":false,"master_deck":["Strike_R","Strike_R","Strike_R","Defend_R","Defend_R","Defend_R","Defend_R","Bash","Whirlwind","Apotheosis","Thunderclap","Metallicize","Impervious","Cleave","Rampage","Demon Form","Uppercut","Pommel Strike","Inflame","Shockwave","Barricade","Reaper","Body Slam","Sentinel","Heavy Blade","Power Through","Armaments","Flame Barrier"],"max_hp_per_floor":[80,80,80,80,80,80,80,80,80,80,80,80,80,80,80,80,80,80,80,80,80,80,80,80,80,80,80,80,80,80,80,80,80,80,80,80,80,80,80,80,80,80,80,80,80,80,80,80,80],"relics":["Burning Blood","Thread and Needle","Omamori","Toxic Egg","Paper Frog","Eternal Feather","Vajra","Lantern","Mummified Hand","Mark of Pain","Ice Cream"],"campfire_meditates":0,"card_choices":[{"not_picked":["Body Slam","Corruption"],"picked":"Whirlwind"},{"not_picked":["Dual Wield","Heavy Blade"],"picked":"Thunderclap"},{"not_picked":["Feel No Pain","Thunderclap"],"picked":"Metallicize"},{"not_picked":["Power Through","Evolve"],"picked":"Impervious"},{"not_picked":["Combust","Warcry"],"picked":"Cleave"},{"not_picked":["Ghostly Armor","Warcry"],"picked":"Rampage"},{"not_picked":["Impervious","Brutality"],"picked":"Demon Form"},{"not_picked":["Clash","Corruption"],"picked":"Uppercut"},{"not_picked":["Headbutt","Cleave"],"picked":"Pommel Strike"},{"not_picked":["Sword Boomerang","Clash"],"picked":"Inflame"},{"not_picked":["Clothesline","Spot Weakness"],"picked":"Shockwave"},{"not_picked":["Second Wind","Sentinel"],"picked":"Barricade"},{"not_picked":["Brutality","Barricade"],"picked":"Reaper"},{"not_picked":["Feel No Pain","Hemokinesis"],"picked":"Body Slam"},{"not_picked":["Reckless Charge","Power Through"],"picked":"Sentinel"},{"not_picked":["Pommel Strike","Spot Weakness"],"picked":"Heavy Blade"},{"not_picked":["Warcry","Perfected Strike"],"picked":"Power Through"},{"not_picked":["Anger","Sword Boomerang"],"picked":"Armaments"},{"not_picked":["Battle Trance","Body Slam"],"picked":"Flame Barrier"}],"player_experience":256648,"potions_floor_usage":[35,36,37,41,46,50],"damage_taken":[{"damage":8.0,"enemies":"Blue Slaver","floor":1.0,"turns":5.0},{"damage":2.0,"enemies":"Looter","floor":3.0,"turns":3.0},{"damage":1.0,"enemies":"Jaw Worm","floor":5.0,"turns":3.0},{"damage":3.0,"enemies":"Lagavulin","floor":6.0,"turns":6.0},{"damage":5.0,"enemies":"Lots of Slimes","floor":7.0,"turns":3.0},{"damage":4.0,"enemies":"Gremlin Gang","floor":11.0,"turns":3.0},{"damage":15.0,"enemies":"Gremlin Nob","floor":12.0,"turns":4.0},{"damage":0.0,"enemies":"Large Slime","floor":13.0,"turns":4.0},{"damage":19.0,"enemies":"Slime Boss","floor":16.0,"turns":8.0},{"damage":24.0,"enemies":"2 Thieves","floor":18.0,"turns":4.0},{"damage":0.0,"enemies":"3 Byrds","floor":19.0,"turns":4.0},{"damage":1.0,"enemies":"3 Cultists","floor":20.0,"turns":4.0},{"damage":7.0,"enemies":"Slaver and Parasite","floor":24.0,"turns":6.0},{"damage":12.0,"enemies":"Snake Plant","floor":25.0,"turns":4.0},{"damage":9.0,"enemies":"Snecko","floor":30.0,"turns":5.0},{"damage":0.0,"enemies":"Chosen and Byrds","floor":31.0,"turns":2.0},{"damage":3.0,"enemies":"Champ","floor":33.0,"turns":13.0},{"damage":2,"enemies":"Orb Walker","floor":35,"turns":3},{"damage":16,"enemies":"3 Shapes","floor":36,"turns":2},{"damage":33,"enemies":"Maw","floor":37,"turns":8},{"damage":13,"enemies":"Sphere and 2 Shapes","floor":38,"turns":4},{"damage":27,"enemies":"4 Shapes","floor":41,"turns":5},{"damage":0,"enemies":"3 Darklings","floor":45,"turns":2},{"damage":20,"enemies":"Sphere and 2 Shapes","floor":46,"turns":4},{"damage":45,"enemies":"4 Shapes","floor":47,"turns":4},{"damage":0,"enemies":"Maw","floor":48,"turns":6},{"damage":75,"enemies":"Donu and Deca","floor":50,"turns":7}],"event_choices":[{"event_name":"Living Wall","player_choice":"Forget","floor":14.0,"damage_taken":0.0},{"event_name":"Cursed Tome","player_choice":"Ignored","floor":21.0,"damage_taken":0.0},{"event_name":"Drug Dealer","player_choice":"Ignored","floor":22.0,"damage_taken":0.0},{"event_name":"Mysterious Sphere","player_choice":"Ignore","floor":39,"damage_taken":0},{"event_name":"Upgrade Shrine","player_choice":"Upgraded","floor":42,"damage_taken":0}],"boss_relics":[{"not_picked":["Runic Pyramid","Question Card"],"picked":"Mark of Pain"}],"potions_floor_spawned":[3,6,11,13,19,20,25,33,35,36,38,48],"seed_played":"-7484121030511561967","killed_by":"Donu and Deca","is_trial":false}