{"path_per_floor":["M","M","?","?","M","R","E","R","T","R","T","E","$","M","R","B",null,"M","M"],"character_chosen":"IRONCLAD","items_purchased":["Bag of Marbles"],"gold_per_floor":[113,131,131,131,151,151,189,189,189,189,212,247,90,106,106,225,225,239,252],"floor_reached":20,"campfire_rested":2,"playtime":1819,"current_hp_per_floor":[80,77,61,61,67,80,68,68,68,68,68,62,62,65,80,61,80,65,44],"items_purged":[],"gold":252,"play_id":"cbcb2d5b-9145-4081-927d-307089bde95a","is_prod":false,"is_daily":false,"campfire_rituals":0,"campfire_upgraded":2,"is_hardmode":false,"path_taken":["BOSS","M","M","?","?","M","R","E","R","T","R","?","E","$","M","R","BOSS","M","M","M"],"build_version":"2017-12-21-PROD1","purchased_purges":1,"victory":false,"master_deck":["Strike_R","Strike_R","Strike_R","Strike_R","Strike_R","Defend_R","Defend_R","Defend_R","Defend_R","Bash","Shrug It Off","Thunderclap","Perfected Strike","Fire Breathing","Juggernaut","Twin Strike","Barricade","Metallicize"],"max_hp_per_floor":[80,80,80,80,80,80,80,80,80,80,80,80,80,80,80,80,80,80,80],"relics":["Burning Blood","Golden Idol","Blood Vial","Ancient Tea Set","Happy Flower","Ornamental Fan","Bag of Marbles","Lizard Tail"],"campfire_meditates":0,"card_choices":[{"not_picked":["Body Slam","Havoc"],"picked":"Shrug It Off"},{"not_picked":["Iron Wave","Havoc"],"picked":"Thunderclap"},{"not_picked":["Heavy Blade","Twin Strike"],"picked":"Perfected Strike"},{"not_picked":["Hemokinesis","True Grit"],"picked":"Fire Breathing"},{"not_picked":["Clothesline","Iron Wave"],"picked":"Juggernaut"},{"not_picked":["Pummel","Evolve"],"picked":"Twin Strike"},{"not_picked":["Impervious","Demon Form"],"picked":"Barricade"},{"not_picked":["Evolve","Body Slam"],"picked":"Metallicize"}],"player_experience":208962,"potions_floor_usage":[7,7,7,16,16,19,19],"damage_taken":[{"damage":6,"enemies":"Jaw Worm","floor":1,"turns":3},{"damage":9,"enemies":"Looter","floor":2,"turns":5},{"damage":0,"enemies":"Cultist","floor":5,"turns":5},{"damage":30,"enemies":"3 Sentries","floor":7,"turns":6},{"damage":14,"enemies":"Gremlin Nob","floor":12,"turns":3},{"damage":5,"enemies":"Large Slime","floor":14,"turns":5},{"damage":25,"enemies":"The Guardian","floor":16,"turns":9},{"damage":21,"enemies":"Chosen","floor":18,"turns":5},{"damage":29,"enemies":"3 Byrds","floor":19,"turns":5},{"damage":37,"enemies":"3 Cultists","floor":20,"turns":5}],"event_choices":[{"event_name":"Golden Idol","player_choice":"Take Damage","floor":3,"damage_taken":0},{"event_name":"Liars Game","player_choice":"disagreed","floor":4,"damage_taken":0}],"boss_relics":[{"not_picked":["Ectoplasm","Cursed Key"],"picked":"Lizard Tail"}],"potions_floor_spawned":[5,12,14,16,18],"seed_played":"-9122124667241975662","killed_by":"3 Cultists","is_trial":false}