{"path_per_floor":["M","?","M","?","?","R","M","R","T","E","$","M","M","E","R","B",null,"M","?","M","M","$","?","M","$","T","R","M","M","$","M","R","B",null,"M","?","?","$","M","R","$","R","T","$","M","M","?","E","R"],"character_chosen":"IRONCLAD","items_purchased":["Armaments","Meat on the Bone","Metallicize"],"gold_per_floor":[112,112,124,124,180,180,198,198,198,231,132,151,171,205,205,300,300,316,316,329,348,248,248,263,6,6,6,24,43,43,63,63,168,168,185,185,185,60,75,75,39,39,39,39,58,71,71,102,102],"floor_reached":50,"campfire_rested":3,"playtime":5014,"current_hp_per_floor":[80,80,80,64,64,64,70,70,70,60,60,61,69,66,80,66,80,72,72,78,48,48,32,30,30,30,54,74,77,77,76,76,47,80,83,83,83,83,83,83,83,83,83,83,83,55,76,63,86],"items_purged":["Strike_R","Strike_R","Rupture"],"gold":102,"play_id":"506ce311-faea-497c-99f9-c4fb47cd28a8","is_prod":false,"is_daily":false,"campfire_rituals":0,"campfire_upgraded":5,"is_hardmode":false,"path_taken":["M","?","M","?","?","R","M","R","T","E","$","M","M","E","R","BOSS","M","?","M","?","$","?","M","?","T","R","?","M","$","M","R","BOSS","M","?","?","$","M","R","$","R","T","$","?","M","?","E","R","BOSS"],"build_version":"2017-12-21-PROD1","purchased_purges":4,"victory":false,"master_deck":["Strike_R","Strike_R","Defend_R","Defend_R","Bash","Double Tap","Metallicize","Clothesline","Thunderclap","Rampage","Armaments","Heavy Blade","Disarm","Twin Strike","Reaper","Flex","Sentinel","Demon Form","Shrug It Off","Flame Barrier","Pommel Strike","Feed","Blind","Limit Break","Metallicize","Shockwave","Writhe","Impervious"],"max_hp_per_floor":[80,80,80,80,80,80,80,80,80,80,80,80,80,80,80,80,80,80,80,80,80,80,80,80,80,80,80,80,80,80,80,80,80,80,83,83,83,83,83,83,83,83,83,83,83,86,86,86,86],"relics":["Black Blood","Blood Vial","Ice Cream","Mercury Hourglass","Sozu","Nilry\u0027s Codex","Meat on the Bone","Orichalcum","Matryoshka","Oddly Smooth Stone"],"campfire_meditates":0,"card_choices":[{"not_picked":["Intimidate","Clothesline"],"picked":"Metallicize"},{"not_picked":["Anger","Havoc"],"picked":"Clothesline"},{"not_picked":["Battle Trance","Carnage"],"picked":"Thunderclap"},{"not_picked":["Sword Boomerang","Warcry"],"picked":"Rampage"},{"not_picked":["Entrench","Feel No Pain"],"picked":"Heavy Blade"},{"not_picked":["Thunderclap","Warcry"],"picked":"Disarm"},{"not_picked":["Perfected Strike","Second Wind"],"picked":"Twin Strike"},{"not_picked":["Fiend Fire","Impervious"],"picked":"Reaper"},{"not_picked":["Clash","Headbutt"],"picked":"Flex"},{"not_picked":["True Grit","Burning Pact"],"picked":"Sentinel"},{"not_picked":["Wild Strike","Clash"],"picked":"Demon Form"},{"not_picked":["Cleave","Corruption"],"picked":"Shrug It Off"},{"not_picked":["Carnage","Shrug It Off"],"picked":"Flame Barrier"},{"not_picked":["Havoc","Bloodletting"],"picked":"Pommel Strike"},{"not_picked":["Brutality","Berserk"],"picked":"Feed"},{"not_picked":["Body Slam","Heavy Blade"],"picked":"Shockwave"},{"not_picked":["Anger","Pommel Strike"],"picked":"Impervious"}],"player_experience":362644,"potions_floor_usage":[],"damage_taken":[{"damage":5.0,"enemies":"Jaw Worm","floor":1.0,"turns":4.0},{"damage":6.0,"enemies":"Blue Slaver","floor":3.0,"turns":6.0},{"damage":0.0,"enemies":"Cultist","floor":7.0,"turns":3.0},{"damage":18.0,"enemies":"Lagavulin","floor":10.0,"turns":5.0},{"damage":7.0,"enemies":"Exordium Thugs","floor":12.0,"turns":6.0},{"damage":0.0,"enemies":"3 Louse","floor":13.0,"turns":2.0},{"damage":11.0,"enemies":"Gremlin Nob","floor":14.0,"turns":4.0},{"damage":20.0,"enemies":"Hexaghost","floor":16.0,"turns":11.0},{"damage":22.0,"enemies":"Spheric Guardian","floor":18.0,"turns":5.0},{"damage":10.0,"enemies":"Shell Parasite","floor":20.0,"turns":5.0},{"damage":42.0,"enemies":"Centurion and Healer","floor":21.0,"turns":5.0},{"damage":10.0,"enemies":"Snake Plant","floor":24.0,"turns":4.0},{"damage":0.0,"enemies":"Snecko","floor":28.0,"turns":4.0},{"damage":9.0,"enemies":"Centurion and Healer","floor":29.0,"turns":8.0},{"damage":28.0,"enemies":"Sentry and Sphere","floor":31.0,"turns":6.0},{"damage":49.0,"enemies":"Automaton","floor":33.0,"turns":8.0},{"damage":14,"enemies":"3 Shapes","floor":35,"turns":6},{"damage":15,"enemies":"3 Darklings","floor":39,"turns":5},{"damage":5,"enemies":"Maw","floor":45,"turns":7},{"damage":41,"enemies":"4 Shapes","floor":46,"turns":5},{"damage":43,"enemies":"2 Orb Walkers","floor":48,"turns":7},{"damage":72,"enemies":"Donu and Deca","floor":50,"turns":7}],"event_choices":[{"event_name":"Purifier","player_choice":"One Purge","floor":2.0,"damage_taken":0.0},{"event_name":"Shining Light","player_choice":"Entered Light","floor":4.0,"damage_taken":0.0},{"event_name":"Golden Wing","player_choice":"Gained Gold","floor":5.0,"damage_taken":0.0},{"event_name":"N\u0027loth","player_choice":"Ignored","floor":19.0,"damage_taken":0.0},{"event_name":"Cursed Tome","player_choice":"Obtained Book","floor":23.0,"damage_taken":0.0},{"event_name":"Match and Keep!","player_choice":"3 cards matched","floor":37,"damage_taken":0},{"event_name":"Winding Halls","player_choice":"Writhe","floor":47,"damage_taken":0}],"boss_relics":[{"not_picked":["Eternal Feather","Mark of Pain"],"picked":"Black Blood"}],"potions_floor_spawned":[1,3,14,24,28,29,31,39],"seed_played":"1537596062255225357","killed_by":"Donu and Deca","is_trial":false}