{"path_per_floor":["M","?","M","M","M","E","M","M","T","?","M","?","R","M","R","B",null,"M","M","M","?","?","R","?","?","T","$","M","M","R","M","R","B",null,"M","?","M","?","$","R","T","E","T","$","$","R","M","M","R"],"character_chosen":"IRONCLAD","items_purchased":["Kunai","Armaments","Self Forming Clay","Metallicize"],"gold_per_floor":[113,63,76,89,107,132,151,169,238,268,280,280,280,297,297,395,395,415,433,444,444,444,444,444,359,435,137,149,161,161,177,177,274,274,292,292,304,304,44,44,119,153,179,104,29,29,41,60,60],"floor_reached":50,"campfire_rested":3,"playtime":5944,"current_hp_per_floor":[88,88,88,88,86,72,69,74,74,80,75,75,75,88,88,84,88,88,88,88,88,88,88,88,88,88,88,88,88,88,88,88,88,88,88,78,63,63,63,88,88,55,55,55,55,81,79,65,88],"items_purged":["Strike_R"],"gold":60,"play_id":"ec012a29-80fe-4b87-a2de-0ed8ab62df86","is_prod":false,"is_daily":false,"campfire_rituals":0,"campfire_upgraded":5,"is_hardmode":false,"path_taken":["M","?","M","M","?","E","M","M","T","?","?","?","R","M","R","BOSS","M","M","M","?","?","R","?","?","T","?","?","M","R","M","R","BOSS","M","?","M","?","$","R","?","E","T","?","$","R","M","?","R","BOSS"],"build_version":"2017-12-21-PROD1","purchased_purges":1,"victory":false,"master_deck":["Strike_R","Strike_R","Defend_R","Defend_R","Defend_R","Defend_R","Bash","Perfected Strike","Clothesline","Flex","Thunderclap","Cleave","Iron Wave","Reaper","Shockwave","Berserk","Metallicize","True Grit","Armaments","Barricade","Shrug It Off","Double Tap","Madness","Madness","Metallicize","Fire Breathing"],"max_hp_per_floor":[88,88,88,88,88,88,88,88,88,88,88,88,88,88,88,88,88,88,88,88,88,88,88,88,88,88,88,88,88,88,88,88,88,88,88,88,88,88,88,88,88,88,88,88,88,88,88,88,88],"relics":["Burning Blood","Toxic Egg","Dodecahedron","Odd Mushroom","Mark of Pain","Thread and Needle","Bottled Lightning","Kunai","Self Forming Clay","Meat on the Bone","Magic Flower","Lantern"],"campfire_meditates":0,"card_choices":[{"not_picked":["True Grit","Dual Wield"],"picked":"Perfected Strike"},{"not_picked":["Havoc","Rupture"],"picked":"Clothesline"},{"not_picked":["Twin Strike","Evolve"],"picked":"Flex"},{"not_picked":["Perfected Strike","Flex"],"picked":"Thunderclap"},{"not_picked":["Hemokinesis","Rupture"],"picked":"Cleave"},{"not_picked":["Demon Form","Headbutt"],"picked":"Iron Wave"},{"not_picked":["True Grit","Spot Weakness"],"picked":"Reaper"},{"not_picked":["Heavy Blade","Pummel"],"picked":"Shockwave"},{"not_picked":["Offering","Impervious"],"picked":"Berserk"},{"not_picked":["Reckless Charge","Burning Pact"],"picked":"Metallicize"},{"not_picked":["Clothesline","Sentinel"],"picked":"True Grit"},{"not_picked":["Iron Wave","Shrug It Off"],"picked":"Barricade"},{"not_picked":["Havoc","Iron Wave"],"picked":"Shrug It Off"},{"not_picked":["Bludgeon","Immolate"],"picked":"Double Tap"},{"not_picked":["Havoc","Power Through"],"picked":"Fire Breathing"}],"player_experience":203018,"potions_floor_usage":[37,42,47],"damage_taken":[{"damage":1.0,"enemies":"Jaw Worm","floor":1.0,"turns":5.0},{"damage":5.0,"enemies":"Looter","floor":3.0,"turns":4.0},{"damage":6.0,"enemies":"Blue Slaver","floor":4.0,"turns":4.0},{"damage":8.0,"enemies":"Large Slime","floor":5.0,"turns":6.0},{"damage":20.0,"enemies":"Lagavulin","floor":6.0,"turns":6.0},{"damage":9.0,"enemies":"3 Louse","floor":7.0,"turns":2.0},{"damage":1.0,"enemies":"Exordium Wildlife","floor":8.0,"turns":3.0},{"damage":0.0,"enemies":"The Mushroom Lair","floor":10.0,"turns":2.0},{"damage":11.0,"enemies":"Gremlin Gang","floor":11.0,"turns":4.0},{"damage":8.0,"enemies":"3 Louse","floor":14.0,"turns":3.0},{"damage":23.0,"enemies":"The Guardian","floor":16.0,"turns":12.0},{"damage":6.0,"enemies":"3 Byrds","floor":18.0,"turns":6.0},{"damage":0.0,"enemies":"Chosen","floor":19.0,"turns":4.0},{"damage":12.0,"enemies":"Snecko","floor":20.0,"turns":5.0},{"damage":0.0,"enemies":"Snake Plant","floor":28.0,"turns":5.0},{"damage":0.0,"enemies":"3 Cultists","floor":29.0,"turns":6.0},{"damage":0.0,"enemies":"Snecko","floor":31.0,"turns":5.0},{"damage":1.0,"enemies":"Champ","floor":33.0,"turns":21.0},{"damage":0,"enemies":"Orb Walker","floor":35,"turns":4},{"damage":31,"enemies":"3 Darklings","floor":37,"turns":7},{"damage":76,"enemies":"2 Orb Walkers","floor":42,"turns":8},{"damage":43,"enemies":"4 Shapes","floor":47,"turns":8},{"damage":35,"enemies":"Sphere and 2 Shapes","floor":48,"turns":11},{"damage":64,"enemies":"Time Eater","floor":50,"turns":25}],"event_choices":[{"event_name":"The Cleric","player_choice":"Card Removal","floor":2.0,"damage_taken":0.0},{"event_name":"Mushrooms","player_choice":"Fought Mushrooms","floor":10.0,"damage_taken":0.0},{"event_name":"The Lab","player_choice":"Got Potions","floor":12.0,"damage_taken":0.0},{"event_name":"Cursed Tome","player_choice":"Ignored","floor":21.0,"damage_taken":0.0},{"event_name":"Purifier","player_choice":"One Purge","floor":22.0,"damage_taken":0.0},{"event_name":"Back to Basics","player_choice":"Simplicity","floor":24.0,"damage_taken":0.0},{"event_name":"Addict","player_choice":"Obtained Relic","floor":25.0,"damage_taken":0.0},{"event_name":"Winding Halls","player_choice":"Embrace Madness","floor":36,"damage_taken":0},{"event_name":"Mysterious Sphere","player_choice":"Ignore","floor":38,"damage_taken":0}],"boss_relics":[{"not_picked":["Runic Dome","Runic Cube","Calling Bell"]}],"potions_floor_spawned":[3,4,5,6,8,11,16,18,20,29,37,42],"seed_played":"7713513394858878615","killed_by":"Time Eater","is_trial":false}