{"path_per_floor":["M","M","M","T","M","R","M","$","T","M","R","$","?","E","R","B",null,"M","?","?","?","M","R","E","R","T","R","$","M","R","M","R"],"character_chosen":"IRONCLAD","items_purchased":["Shrug It Off","Ancient Tea Set","Immolate"],"gold_per_floor":[218,233,252,252,270,270,281,180,180,198,198,53,53,81,81,186,186,201,201,201,201,217,217,242,242,242,242,5,22,22,39,39],"floor_reached":33,"campfire_rested":2,"playtime":2976,"current_hp_per_floor":[63,62,67,67,73,73,59,59,59,63,80,80,64,56,82,31,87,46,46,46,46,78,78,87,87,87,87,87,84,84,85,85],"items_purged":["Strike_R","Juggernaut"],"gold":39,"play_id":"5360522b-86f2-4853-a27a-e1d03cced809","is_prod":false,"is_daily":false,"campfire_rituals":0,"campfire_upgraded":6,"is_hardmode":false,"path_taken":["M","M","?","?","M","R","M","$","T","M","R","$","?","E","R","BOSS","M","?","?","?","M","R","E","R","T","R","$","M","R","M","R","BOSS"],"build_version":"2017-12-21-PROD1","purchased_purges":3,"victory":false,"master_deck":["Strike_R","Strike_R","Strike_R","Strike_R","Defend_R","Defend_R","Defend_R","Defend_R","Bash","Sword Boomerang","Battle Trance","Wild Strike","Shrug It Off","Bludgeon","Evolve","Wild Strike","Combust","Inflame","Iron Wave","Thunderclap","Metallicize","Iron Wave","Immolate","Ghostly Armor","Carnage"],"max_hp_per_floor":[80,80,80,80,80,80,80,80,80,80,80,80,80,87,87,87,87,87,87,87,87,87,87,87,87,87,87,87,87,87,87,87],"relics":["Burning Blood","Bird Faced Urn","Magic Flower","Ancient Tea Set","Strawberry","Orrery","Self Forming Clay","Thread and Needle"],"campfire_meditates":0,"card_choices":[{"not_picked":["Entrench","Heavy Blade"],"picked":"Sword Boomerang"},{"not_picked":["Perfected Strike","Pommel Strike"],"picked":"Battle Trance"},{"not_picked":["Corruption","Havoc"],"picked":"Wild Strike"},{"not_picked":["Searing Blow","Clothesline"],"picked":"Bludgeon"},{"not_picked":["Flex","Battle Trance"],"picked":"Evolve"},{"not_picked":["Berserk","Dark Embrace"],"picked":"Juggernaut"},{"not_picked":["Pommel Strike","Heavy Blade"],"picked":"Wild Strike"},{"not_picked":["Whirlwind","Dual Wield"],"picked":"Combust"},{"not_picked":["Sever Soul","Havoc"],"picked":"Inflame"},{"not_picked":["Heavy Blade","Pommel Strike"],"picked":"Iron Wave"},{"not_picked":["Iron Wave","Second Wind"],"picked":"Thunderclap"},{"not_picked":["Body Slam","Heavy Blade"],"picked":"Metallicize"},{"not_picked":["Seeing Red","Intimidate"],"picked":"Iron Wave"},{"not_picked":["Shrug It Off","Heavy Blade"],"picked":"Ghostly Armor"},{"not_picked":["Limit Break","Heavy Blade"],"picked":"Carnage"}],"player_experience":368423,"potions_floor_usage":[5,10,16,22,22,24],"damage_taken":[{"damage":23,"enemies":"Blue Slaver","floor":1,"turns":5},{"damage":7,"enemies":"Looter","floor":2,"turns":5},{"damage":1,"enemies":"Cultist","floor":3,"turns":3},{"damage":0,"enemies":"2 Fungi Beasts","floor":5,"turns":3},{"damage":20,"enemies":"Exordium Thugs","floor":7,"turns":5},{"damage":5,"enemies":"Gremlin Gang","floor":10,"turns":5},{"damage":24,"enemies":"Gremlin Nob","floor":14,"turns":5},{"damage":63,"enemies":"Hexaghost","floor":16,"turns":13},{"damage":59,"enemies":"Shell Parasite","floor":18,"turns":10},{"damage":6,"enemies":"Chosen","floor":22,"turns":5},{"damage":33,"enemies":"Slavers","floor":24,"turns":8},{"damage":18,"enemies":"Sentry and Sphere","floor":29,"turns":8},{"damage":15,"enemies":"Chosen and Byrds","floor":31,"turns":7},{"damage":63,"enemies":"Champ","floor":33,"turns":15}],"event_choices":[{"event_name":"Shining Light","player_choice":"Entered Light","floor":13,"damage_taken":0},{"event_name":"Upgrade Shrine","player_choice":"Upgraded","floor":19,"damage_taken":0},{"event_name":"N\u0027loth","player_choice":"Ignored","floor":20,"damage_taken":0},{"event_name":"The Lab","player_choice":"Got Potions","floor":21,"damage_taken":0}],"boss_relics":[{"not_picked":["Black Star","Question Card"],"picked":"Orrery"}],"potions_floor_spawned":[1,5,14,18],"seed_played":"-2428664693123996282","killed_by":"Champ","is_trial":false}