{"path_per_floor":["M","M","?","$","M","E","M","M","T","R","$","M","R","M","R","B",null,"M","?","?","?","M","R","M","R","T","R","$","R","?","T","R","B",null,"M","?","$","?","$","R","M","R","T","M","?","M","R","M","R"],"character_chosen":"IRONCLAD","items_purchased":["Inflame","Fire Breathing","Metallicize"],"gold_per_floor":[110,127,127,52,65,93,106,124,124,124,47,62,62,72,72,168,168,178,178,93,18,32,32,51,51,103,103,30,30,30,30,30,134,134,144,144,10,0,0,0,18,18,18,35,35,50,50,67,67],"floor_reached":50,"campfire_rested":3,"playtime":4223,"current_hp_per_floor":[80,77,77,77,80,51,53,54,54,54,54,58,58,60,60,36,80,70,70,70,70,70,70,73,73,73,73,73,73,58,72,110,54,114,77,77,77,77,77,114,110,110,110,109,99,85,85,47,96],"items_purged":["Regret","Strike_R"],"gold":67,"play_id":"bd084def-df19-4446-a779-c0e81943d1c5","is_prod":false,"is_daily":false,"campfire_rituals":0,"campfire_upgraded":9,"is_hardmode":false,"path_taken":["M","M","?","$","M","E","M","?","T","R","$","M","R","M","R","BOSS","M","?","?","?","M","R","M","R","T","R","$","R","?","?","R","BOSS","M","?","$","?","?","R","M","R","T","M","?","M","R","M","R","BOSS"],"build_version":"2017-12-21-PROD1","purchased_purges":2,"victory":false,"master_deck":["Strike_R","Strike_R","Strike_R","Defend_R","Defend_R","Defend_R","Bash","Armaments","Shrug It Off","Infernal Blade","Blood for Blood","Armaments","Inflame","Thunderclap","Feed","Cleave","Flex","Fire Breathing","Barricade","Sword Boomerang","Metallicize","Clothesline","Madness","Madness"],"max_hp_per_floor":[80,80,80,80,80,80,80,80,80,80,80,80,80,80,80,80,80,83,83,83,83,87,87,91,91,91,91,91,91,96,110,110,114,114,114,114,114,114,114,114,114,114,114,114,114,114,114,114,114],"relics":["Black Blood","Anchor","Ornamental Fan","Orichalcum","Ice Cream","Runic Pyramid","Ginger","Regal Pillow","Mango","Red Mask","Unceasing Top"],"campfire_meditates":0,"card_choices":[{"not_picked":["Thunderclap","Body Slam"],"picked":"Armaments"},{"not_picked":["Sever Soul","Clothesline"],"picked":"Shrug It Off"},{"not_picked":["Armaments","Perfected Strike"],"picked":"Infernal Blade"},{"not_picked":["Shrug It Off","Havoc"],"picked":"Blood for Blood"},{"not_picked":["Entrench","True Grit"],"picked":"Armaments"},{"not_picked":["Blood for Blood","Infernal Blade"],"picked":"Thunderclap"},{"not_picked":["Offering","Demon Form"],"picked":"Feed"},{"not_picked":["Spot Weakness","Havoc"],"picked":"Cleave"},{"not_picked":["Sword Boomerang","Seeing Red"],"picked":"Flex"},{"not_picked":["Offering","Juggernaut"],"picked":"Barricade"},{"not_picked":["Havoc","Rupture"],"picked":"Sword Boomerang"},{"not_picked":["Havoc","Sword Boomerang"],"picked":"Clothesline"}],"player_experience":300551,"potions_floor_usage":[],"damage_taken":[{"damage":5.0,"enemies":"Looter","floor":1.0,"turns":3.0},{"damage":9.0,"enemies":"Blue Slaver","floor":2.0,"turns":5.0},{"damage":1.0,"enemies":"Jaw Worm","floor":5.0,"turns":2.0},{"damage":35.0,"enemies":"3 Sentries","floor":6.0,"turns":11.0},{"damage":4.0,"enemies":"Large Slime","floor":7.0,"turns":7.0},{"damage":5.0,"enemies":"Gremlin Gang","floor":8.0,"turns":6.0},{"damage":2.0,"enemies":"Exordium Thugs","floor":12.0,"turns":6.0},{"damage":4.0,"enemies":"Exordium Wildlife","floor":14.0,"turns":4.0},{"damage":30.0,"enemies":"The Guardian","floor":16.0,"turns":10.0},{"damage":19.0,"enemies":"3 Byrds","floor":18.0,"turns":6.0},{"damage":10.0,"enemies":"Shell Parasite","floor":22.0,"turns":7.0},{"damage":7.0,"enemies":"Sentry and Sphere","floor":24.0,"turns":4.0},{"damage":66.0,"enemies":"Champ","floor":33.0,"turns":15.0},{"damage":47.0,"enemies":"3 Darklings","floor":35.0,"turns":8.0},{"damage":14,"enemies":"Orb Walker","floor":41,"turns":4},{"damage":11,"enemies":"3 Darklings","floor":44,"turns":7},{"damage":24,"enemies":"4 Shapes","floor":46,"turns":8},{"damage":48,"enemies":"Maw","floor":48,"turns":11},{"damage":87,"enemies":"Donu and Deca","floor":50,"turns":7}],"event_choices":[{"event_name":"Big Fish","player_choice":"Box","floor":3.0,"damage_taken":0.0},{"event_name":"Back to Basics","player_choice":"Simplicity","floor":19.0,"damage_taken":0.0},{"event_name":"Addict","player_choice":"Obtained Relic","floor":20.0,"damage_taken":0.0},{"event_name":"Beggar","player_choice":"Gave Gold","floor":21.0,"damage_taken":0.0},{"event_name":"Forgotten Altar","player_choice":"Shed Blood","floor":30.0,"damage_taken":0.0},{"event_name":"Tomb of Lord Red Mask","player_choice":"Paid","floor":38,"damage_taken":0},{"event_name":"Winding Halls","player_choice":"Embrace Madness","floor":45,"damage_taken":0}],"boss_relics":[],"potions_floor_spawned":[7,8,14,16,33,48],"seed_played":"8833005025515999686","killed_by":"Donu and Deca","is_trial":false}