{"path_per_floor":["M","?","?","M","M","R","?","T","T","M","?","M","M","M","R","B",null,"M","M"],"character_chosen":"IRONCLAD","items_purchased":[],"gold_per_floor":[110,110,110,128,140,140,140,165,192,205,205,223,238,255,255,355,385,396,408],"floor_reached":20,"campfire_rested":0,"playtime":1493,"current_hp_per_floor":[81,81,81,86,88,88,88,88,88,88,88,88,88,88,88,25,93,74,30],"items_purged":[],"gold":408,"play_id":"63eadbd5-2055-4f4f-959b-4347da0caa02","is_prod":false,"is_daily":false,"campfire_rituals":0,"campfire_upgraded":2,"is_hardmode":false,"path_taken":["M","?","?","M","M","R","?","?","T","M","?","M","M","M","R","BOSS","M","M","M"],"build_version":"2017-12-21-PROD1","purchased_purges":0,"victory":false,"master_deck":["Strike_R","Strike_R","Strike_R","Strike_R","Strike_R","Defend_R","Defend_R","Defend_R","Defend_R","Bash","Whirlwind","Cleave","Shrug It Off","True Grit","Pommel Strike","Body Slam","Berserk","Seeing Red","Thunderclap","Iron Wave"],"max_hp_per_floor":[88,88,88,88,88,88,88,88,88,88,88,88,88,88,88,88,93,93,93],"relics":["Burning Blood","Juzu Bracelet","Lantern","Tiny House"],"campfire_meditates":0,"card_choices":[{"not_picked":["Blood for Blood","Clash"],"picked":"Whirlwind"},{"not_picked":["Dual Wield","Berserk"],"picked":"Body Slam"},{"not_picked":["Twin Strike","Battle Trance"],"picked":"Cleave"},{"not_picked":["Evolve","Body Slam"],"picked":"Shrug It Off"},{"not_picked":["Combust","Pummel"],"picked":"True Grit"},{"not_picked":["Blood for Blood","Anger"],"picked":"Pommel Strike"},{"not_picked":["Clash","Wild Strike"],"picked":"Body Slam"},{"not_picked":["Bludgeon","Dark Embrace"],"picked":"Berserk"},{"not_picked":["Whirlwind","Sword Boomerang"],"picked":"Seeing Red"},{"not_picked":["Body Slam","Shrug It Off"],"picked":"Thunderclap"},{"not_picked":["Dual Wield","Uppercut"],"picked":"Iron Wave"}],"player_experience":215747,"potions_floor_usage":[5,13,16,19],"damage_taken":[{"damage":13,"enemies":"Blue Slaver","floor":1,"turns":6},{"damage":1,"enemies":"Cultist","floor":4,"turns":3},{"damage":3,"enemies":"Jaw Worm","floor":5,"turns":4},{"damage":0,"enemies":"Large Slime","floor":10,"turns":3},{"damage":4,"enemies":"Gremlin Gang","floor":12,"turns":3},{"damage":5,"enemies":"Exordium Wildlife","floor":13,"turns":4},{"damage":0,"enemies":"Large Slime","floor":14,"turns":2},{"damage":69,"enemies":"The Guardian","floor":16,"turns":14},{"damage":25,"enemies":"2 Thieves","floor":18,"turns":3},{"damage":50,"enemies":"Spheric Guardian","floor":19,"turns":8},{"damage":0,"enemies":"Slaver and Parasite","floor":20,"turns":2}],"event_choices":[{"event_name":"Upgrade Shrine","player_choice":"Upgraded","floor":2,"damage_taken":0},{"event_name":"Golden Idol","player_choice":"Ignored","floor":3,"damage_taken":0},{"event_name":"Bonfire Elementals","player_choice":"ATTACK","floor":7,"damage_taken":0},{"event_name":"Liars Game","player_choice":"disagreed","floor":11,"damage_taken":0}],"boss_relics":[{"not_picked":["Cursed Key","Eternal Feather"],"picked":"Tiny House"}],"potions_floor_spawned":[1,4,14,18],"seed_played":"4508021173569754078","killed_by":"Slaver and Parasite","is_trial":false}