{"path_per_floor":["M","M","?","M","$","R","?","E","T","M","R","?","E","?","R","B",null,"M","$","?","M","$","R","?","R","T","M","E","M","M","M","R","B",null,"M","?","M","?","M","?","M","M","T","?","R","?","T","M","R","B"],"character_chosen":"IRONCLAD","items_purchased":["Bag of Marbles","Double Tap"],"gold_per_floor":[119,131,131,150,75,75,25,59,111,125,125,125,153,153,153,252,252,252,28,28,0,0,0,0,0,0,0,0,0,0,0,0,0,0,0,0,0,0,0,0,0,0,0,0,0,0,0,0,0,0],"floor_reached":51,"campfire_rested":4,"playtime":3808,"current_hp_per_floor":[80,80,80,80,80,80,80,71,71,68,68,50,53,53,77,52,80,78,78,78,78,78,78,78,78,78,78,68,55,51,52,76,26,80,77,77,63,63,60,60,38,31,31,51,75,75,82,58,84,35],"items_purged":["Defend_R"],"gold":0,"play_id":"a6834cf0-8d42-4b99-9600-443d6b7202cb","is_prod":false,"is_daily":false,"campfire_rituals":0,"campfire_upgraded":4,"is_hardmode":false,"path_taken":["M","M","?","M","$","R","?","E","T","M","R","?","E","?","R","BOSS","M","$","?","M","?","R","?","R","T","M","E","M","M","M","R","BOSS","M","?","M","?","M","?","M","M","T","?","R","?","?","M","R","BOSS"],"build_version":"2018-01-11-PROD2","purchased_purges":1,"victory":true,"master_deck":["Strike_R","Strike_R","Strike_R","Defend_R","Defend_R","Bash","Perfected Strike","Ghostly Armor","Armaments","Metallicize","Pommel Strike","Demon Form","Armaments","Double Tap","Pommel Strike","Seeing Red","Inflame","Flame Barrier","Flex","Shrug It Off","Barricade","Entrench","Iron Wave","Twin Strike","Warcry"],"max_hp_per_floor":[80,80,80,80,80,80,80,80,80,80,80,80,80,80,80,80,80,80,80,80,80,80,80,80,80,80,80,80,80,80,80,80,80,80,80,80,80,80,80,80,80,80,80,80,80,80,87,87,87,87],"relics":["Burning Blood","Juzu Bracelet","Toxic Egg","Bronze Scales","Omamori","Ectoplasm","Bag of Marbles","Mummified Hand","Du-Vu Doll","Black Star","Red Mask","The Courier","Strawberry"],"campfire_meditates":0,"card_choices":[{"not_picked":["Dual Wield","Cleave"],"picked":"Perfected Strike"},{"not_picked":["Anger","Clash"],"picked":"Ghostly Armor"},{"not_picked":["Shrug It Off","Ghostly Armor"],"picked":"Armaments"},{"not_picked":["Exhume","Shrug It Off"],"picked":"Metallicize"},{"not_picked":["Combust","Body Slam"],"picked":"Pommel Strike"},{"not_picked":["Brutality","Immolate"],"picked":"Demon Form"},{"not_picked":["Warcry","Dual Wield"],"picked":"Armaments"},{"not_picked":["Flex","Warcry"],"picked":"Pommel Strike"},{"not_picked":["Body Slam","Searing Blow"],"picked":"Seeing Red"},{"not_picked":["Armaments","Sword Boomerang"],"picked":"Inflame"},{"not_picked":["Wild Strike","Bloodletting"],"picked":"Flame Barrier"},{"not_picked":["Immolate","Sever Soul"],"picked":"Flex"},{"not_picked":["Cleave","Corruption"],"picked":"Shrug It Off"},{"not_picked":["Exhume","Immolate"],"picked":"Barricade"},{"not_picked":["Intimidate","Headbutt"],"picked":"Entrench"},{"not_picked":["Warcry","Armaments"],"picked":"Iron Wave"},{"not_picked":["Fire Breathing","Havoc"],"picked":"Twin Strike"},{"not_picked":["Anger","Sword Boomerang"],"picked":"Warcry"}],"player_experience":442241,"potions_floor_usage":[13,16,16,27,31,33,35,39,50],"damage_taken":[{"damage":0,"enemies":"2 Louse","floor":1,"turns":3},{"damage":1,"enemies":"Cultist","floor":2,"turns":3},{"damage":1,"enemies":"Small Slimes","floor":4,"turns":4},{"damage":15,"enemies":"Gremlin Nob","floor":8,"turns":4},{"damage":9,"enemies":"Exordium Wildlife","floor":10,"turns":4},{"damage":3,"enemies":"3 Sentries","floor":13,"turns":6},{"damage":31,"enemies":"Slime Boss","floor":16,"turns":10},{"damage":8,"enemies":"Shell Parasite","floor":18,"turns":5},{"damage":6,"enemies":"2 Thieves","floor":21,"turns":3},{"damage":6,"enemies":"Snake Plant","floor":27,"turns":3},{"damage":16,"enemies":"Gremlin Leader","floor":28,"turns":4},{"damage":19,"enemies":"Centurion and Healer","floor":29,"turns":4},{"damage":10,"enemies":"3 Cultists","floor":30,"turns":5},{"damage":5,"enemies":"Sentry and Sphere","floor":31,"turns":4},{"damage":56,"enemies":"Automaton","floor":33,"turns":11},{"damage":9,"enemies":"3 Shapes","floor":35,"turns":6},{"damage":20,"enemies":"Orb Walker","floor":37,"turns":6},{"damage":9,"enemies":"4 Shapes","floor":39,"turns":6},{"damage":28,"enemies":"3 Darklings","floor":41,"turns":6},{"damage":13,"enemies":"Sphere and 2 Shapes","floor":42,"turns":5},{"damage":30,"enemies":"4 Shapes","floor":48,"turns":9},{"damage":55,"enemies":"Time Eater","floor":50,"turns":14}],"event_choices":[{"event_name":"Liars Game","player_choice":"disagreed","floor":3,"damage_taken":0},{"event_name":"The Cleric","player_choice":"Card Removal","floor":7,"damage_taken":0},{"event_name":"Scrap Ooze","player_choice":"success","floor":12,"damage_taken":18},{"event_name":"Purifier","player_choice":"One Purge","floor":14,"damage_taken":0},{"event_name":"Vampires","player_choice":"Ignored","floor":20,"damage_taken":0},{"event_name":"Drug Dealer","player_choice":"Ignored","floor":24,"damage_taken":0},{"event_name":"Tomb of Lord Red Mask","player_choice":"Paid","floor":38,"damage_taken":0},{"event_name":"Mysterious Sphere","player_choice":"Ignore","floor":40,"damage_taken":0},{"event_name":"Winding Halls","player_choice":"Writhe","floor":44,"damage_taken":0},{"event_name":"Golden Shrine","player_choice":"Skipped","floor":46,"damage_taken":0}],"boss_relics":[{"not_picked":["Runic Dome","Runic Pyramid"],"picked":"Ectoplasm"},{"not_picked":["Runic Cube","Pandora\u0027s Box"],"picked":"Black Star"}],"potions_floor_spawned":[2,4,8,21,28,30,33,37,42],"seed_played":"-4682625260787009715","is_trial":false}