{"path_per_floor":["M","M","?","$","M","R","M","R","T","M","M","M","E","?","R","B",null,"M","?","?","M","M","R","$","M","T","M","R","$","R","M","R","B",null,"M","?","M","?","M","R","M","R","T","M","M","M","R","M","R","B"],"character_chosen":"IRONCLAD","items_purchased":["Vajra","Iron Wave"],"gold_per_floor":[211,227,227,8,25,25,41,41,41,55,71,89,117,117,117,222,222,222,222,222,162,162,162,8,8,8,8,8,8,8,8,8,8,8,8,8,8,0,0,0,0,0,0,0,0,0,0,0,0,0],"floor_reached":51,"campfire_rested":2,"playtime":4101,"current_hp_per_floor":[75,75,63,63,64,64,72,72,86,82,81,87,92,92,92,82,94,94,94,94,94,82,82,82,76,76,77,77,77,77,92,92,94,99,99,99,94,94,96,96,65,94,94,85,77,80,80,88,99,71],"items_purged":["Strike_R","Strike_R"],"gold":0,"play_id":"27938b37-7ff4-455c-ad25-b1831f6d34b2","is_prod":false,"is_daily":false,"campfire_rituals":0,"campfire_upgraded":9,"is_hardmode":false,"path_taken":["M","?","?","?","M","R","M","R","T","M","?","M","E","?","R","BOSS","M","?","?","?","M","R","$","M","T","M","R","?","R","M","R","BOSS","M","?","M","?","M","R","M","R","T","?","M","M","R","M","R","BOSS"],"build_version":"2017-12-21-PROD1","purchased_purges":2,"victory":true,"master_deck":["Strike_R","Strike_R","Strike_R","Defend_R","Defend_R","Defend_R","Bash","Shrug It Off","Whirlwind","Shrug It Off","Clothesline","Bloodletting","Metallicize","Reaper","Shrug It Off","Flex","Battle Trance","Headbutt","Iron Wave","Iron Wave","Whirlwind","Impervious","Cleave","Armaments","Heavy Blade","Infernal Blade","Demon Form"],"max_hp_per_floor":[80,80,80,80,80,80,80,80,94,94,94,94,94,94,94,94,94,94,94,94,94,94,94,94,94,94,94,94,94,94,94,94,94,99,99,99,99,99,99,99,99,99,99,99,99,99,99,99,99,99],"relics":["Burning Blood","Blood Vial","Vajra","Mango","Champion Belt","Ectoplasm","Bag of Preparation","Tiny House","Red Mask","Pen Nib"],"campfire_meditates":0,"card_choices":[{"not_picked":["Pummel","Rage"],"picked":"Shrug It Off"},{"not_picked":["Thunderclap","Perfected Strike"],"picked":"Whirlwind"},{"not_picked":["True Grit","Wild Strike"],"picked":"Shrug It Off"},{"not_picked":["Sword Boomerang","Burning Pact"],"picked":"Clothesline"},{"not_picked":["Clash","Metallicize"],"picked":"Bloodletting"},{"not_picked":["Dual Wield","Shrug It Off"],"picked":"Metallicize"},{"not_picked":["Bludgeon","Fiend Fire"],"picked":"Reaper"},{"not_picked":["Dual Wield","True Grit"],"picked":"Shrug It Off"},{"not_picked":["Intimidate","Anger"],"picked":"Battle Trance"},{"not_picked":["Cleave","Searing Blow"],"picked":"Headbutt"},{"not_picked":["Spot Weakness","Reckless Charge"],"picked":"Iron Wave"},{"not_picked":["Rupture","Blood for Blood"],"picked":"Barricade"},{"not_picked":["Metallicize","Blood for Blood"],"picked":"Whirlwind"},{"not_picked":["Berserk","Juggernaut"],"picked":"Impervious"},{"not_picked":["Clash","Clothesline"],"picked":"Cleave"},{"not_picked":["True Grit","Perfected Strike"],"picked":"Armaments"},{"not_picked":["Disarm","Headbutt"],"picked":"Heavy Blade"},{"not_picked":["Heavy Blade","Carnage"],"picked":"Infernal Blade"},{"not_picked":["Clash","Combust"],"picked":"Demon Form"}],"player_experience":371399,"potions_floor_usage":[41,46,50],"damage_taken":[{"damage":11.0,"enemies":"Blue Slaver","floor":1.0,"turns":4.0},{"damage":6.0,"enemies":"Jaw Worm","floor":2.0,"turns":4.0},{"damage":7.0,"enemies":"Looter","floor":5.0,"turns":3.0},{"damage":0.0,"enemies":"3 Louse","floor":7.0,"turns":1.0},{"damage":12.0,"enemies":"Exordium Thugs","floor":10.0,"turns":6.0},{"damage":9.0,"enemies":"Large Slime","floor":11.0,"turns":5.0},{"damage":2.0,"enemies":"2 Fungi Beasts","floor":12.0,"turns":2.0},{"damage":3.0,"enemies":"3 Sentries","floor":13.0,"turns":1.0},{"damage":18.0,"enemies":"Slime Boss","floor":16.0,"turns":8.0},{"damage":5.0,"enemies":"Spheric Guardian","floor":18.0,"turns":4.0},{"damage":6.0,"enemies":"2 Thieves","floor":21.0,"turns":3.0},{"damage":18.0,"enemies":"Centurion and Healer","floor":22.0,"turns":4.0},{"damage":14.0,"enemies":"Chosen and Byrds","floor":25.0,"turns":4.0},{"damage":7.0,"enemies":"Slaver and Parasite","floor":27.0,"turns":7.0},{"damage":8.0,"enemies":"3 Cultists","floor":31.0,"turns":5.0},{"damage":12.0,"enemies":"Collector","floor":33.0,"turns":10.0},{"damage":0,"enemies":"3 Darklings","floor":35,"turns":2},{"damage":11,"enemies":"Orb Walker","floor":37,"turns":5},{"damage":6,"enemies":"4 Shapes","floor":39,"turns":3},{"damage":58,"enemies":"Maw","floor":41,"turns":12},{"damage":17,"enemies":"Sphere and 2 Shapes","floor":44,"turns":5},{"damage":16,"enemies":"4 Shapes","floor":45,"turns":2},{"damage":10,"enemies":"Maw","floor":46,"turns":8},{"damage":0,"enemies":"Sphere and 2 Shapes","floor":48,"turns":2},{"damage":56,"enemies":"Awakened One","floor":50,"turns":9}],"event_choices":[{"event_name":"Scrap Ooze","player_choice":"success","floor":3.0,"damage_taken":12.0},{"event_name":"Liars Game","player_choice":"disagreed","floor":14.0,"damage_taken":0.0},{"event_name":"The Library","player_choice":"Read","floor":19.0,"damage_taken":0.0},{"event_name":"Back to Basics","player_choice":"Elegance","floor":20.0,"damage_taken":0.0},{"event_name":"Tomb of Lord Red Mask","player_choice":"Paid","floor":38,"damage_taken":0}],"boss_relics":[{"not_picked":["Calling Bell","Cursed Key"],"picked":"Tiny House"}],"potions_floor_spawned":[1,12,13,21,31,33,41,45,46,48],"seed_played":"-9105890735783425597","is_trial":false}