{"path_per_floor":["M","M","M","M","?","E","M","R","T","E","M","$","R","M","R","B",null,"M","M","?","?","$","R","E","R","T","E","M","M","$"],"character_chosen":"IRONCLAD","items_purchased":["Apotheosis","Ghostly Armor"],"gold_per_floor":[20,36,49,62,62,96,107,107,159,186,204,21,21,34,34,130,130,140,160,160,160,13,13,45,45,98,127,137,150,50],"floor_reached":31,"campfire_rested":3,"playtime":2627,"current_hp_per_floor":[80,67,72,70,70,48,43,67,67,65,69,69,69,71,71,39,80,62,65,50,50,50,75,48,85,85,65,50,41,41],"items_purged":["Strike_R","Strike_R"],"gold":50,"play_id":"4a02e6b4-7e85-49a9-a5cc-764827d68adb","is_prod":false,"is_daily":false,"campfire_rituals":0,"campfire_upgraded":0,"is_hardmode":false,"path_taken":["M","M","M","M","?","E","?","R","T","E","M","$","R","M","R","BOSS","M","M","?","?","$","R","E","R","T","E","?","M","$","M"],"build_version":"2018-01-11-PROD2","purchased_purges":2,"victory":false,"master_deck":["Strike_R","Strike_R","Strike_R","Defend_R","Defend_R","Defend_R","Defend_R","Bash","Heavy Blade","Iron Wave","Brutality","Rupture","Twin Strike","Flex","Warcry","Bloodletting","Apotheosis","Reaper","Iron Wave","Ghostly Armor","Blood for Blood","Battle Trance"],"max_hp_per_floor":[80,80,80,80,80,80,80,80,80,80,80,80,80,80,80,80,80,80,80,85,85,85,85,85,85,85,87,87,89,89],"relics":["Black Blood","Sundial","Girya","Lantern","Paper Frog","Regal Pillow","Happy Flower","Singing Bowl"],"campfire_meditates":0,"card_choices":[{"not_picked":["Wild Strike","Uppercut"],"picked":"Heavy Blade"},{"not_picked":["Sword Boomerang","Power Through"],"picked":"Iron Wave"},{"not_picked":["Whirlwind","Twin Strike"],"picked":"Brutality"},{"not_picked":["Shrug It Off","Perfected Strike"],"picked":"Rupture"},{"not_picked":["Bludgeon","Cleave"],"picked":"Twin Strike"},{"not_picked":["Second Wind","Clothesline"],"picked":"Flex"},{"not_picked":["Exhume","Cleave"],"picked":"Warcry"},{"not_picked":["Intimidate","Headbutt"],"picked":"Bloodletting"},{"not_picked":["Exhume","Brutality"],"picked":"Reaper"},{"not_picked":["Havoc","Twin Strike"],"picked":"Iron Wave"},{"not_picked":["Carnage","Bludgeon"],"picked":"Blood for Blood"},{"not_picked":["Iron Wave","Cleave"],"picked":"Battle Trance"}],"player_experience":433403,"potions_floor_usage":[6,7,10,16,24,28,31],"damage_taken":[{"damage":1,"enemies":"Cultist","floor":1,"turns":4},{"damage":19,"enemies":"Blue Slaver","floor":2,"turns":5},{"damage":1,"enemies":"2 Louse","floor":3,"turns":2},{"damage":8,"enemies":"2 Fungi Beasts","floor":4,"turns":4},{"damage":43,"enemies":"3 Sentries","floor":6,"turns":8},{"damage":11,"enemies":"Exordium Thugs","floor":7,"turns":5},{"damage":17,"enemies":"Gremlin Nob","floor":10,"turns":4},{"damage":2,"enemies":"Large Slime","floor":11,"turns":5},{"damage":4,"enemies":"2 Fungi Beasts","floor":14,"turns":3},{"damage":38,"enemies":"Hexaghost","floor":16,"turns":6},{"damage":28,"enemies":"Shell Parasite","floor":18,"turns":5},{"damage":7,"enemies":"Spheric Guardian","floor":19,"turns":3},{"damage":60,"enemies":"Book of Stabbing","floor":24,"turns":6},{"damage":44,"enemies":"Slavers","floor":27,"turns":7},{"damage":25,"enemies":"Snake Plant","floor":28,"turns":4},{"damage":21,"enemies":"Chosen and Byrds","floor":29,"turns":6},{"damage":9,"enemies":"Slaver and Parasite","floor":31,"turns":2}],"event_choices":[{"event_name":"Liars Game","player_choice":"disagreed","floor":5,"damage_taken":0},{"event_name":"Forgotten Altar","player_choice":"Shed Blood","floor":20,"damage_taken":0},{"event_name":"Vampires","player_choice":"Ignored","floor":21,"damage_taken":0}],"boss_relics":[{"not_picked":["Runic Dome","Ectoplasm"],"picked":"Black Blood"}],"potions_floor_spawned":[2,3,7,14,19,27,29],"seed_played":"-3794864268348996000","killed_by":"Slaver and Parasite","is_trial":false}