{"path_per_floor":["M","?","$","M","M","E","M","R","T","R","E","?","?","M","R","B",null,"M","T","?","$","M","R","M","R","T","T","M","M","?","T","R","B",null,"M","M","?","$","M","R","M","M","T","?","?","?","R","M","R","B"],"character_chosen":"IRONCLAD","items_purchased":["Shrug It Off","Self Forming Clay","Pommel Strike","Body Slam"],"gold_per_floor":[116,116,67,77,93,127,145,145,145,145,175,250,250,266,266,363,363,363,363,363,20,20,20,20,20,20,20,20,20,20,20,20,20,20,20,20,20,20,20,20,20,20,20,20,0,0,0,0,0,0],"floor_reached":51,"campfire_rested":1,"playtime":4067,"current_hp_per_floor":[80,68,68,74,80,71,68,68,68,68,53,42,35,33,57,18,80,80,80,80,80,79,79,73,73,73,73,80,80,80,80,80,71,80,80,73,73,73,80,80,80,80,80,80,80,80,80,80,80,55],"items_purged":["Strike_R"],"gold":0,"play_id":"8f1e1a1a-9c44-4bd2-80ed-90b9867d838c","is_prod":false,"is_daily":false,"campfire_rituals":0,"campfire_upgraded":8,"is_hardmode":false,"path_taken":["M","?","$","M","M","E","M","R","T","R","E","?","?","M","R","BOSS","M","?","?","$","M","R","M","R","T","?","M","?","?","?","R","BOSS","M","M","?","$","M","R","M","M","T","?","?","?","R","M","R","BOSS"],"build_version":"2018-01-11-PROD2","purchased_purges":1,"victory":true,"master_deck":["Strike_R","Strike_R","Defend_R","Defend_R","Defend_R","Bash","Body Slam","Shrug It Off","Flame Barrier","Fire Breathing","Flex","Entrench","Demon Form","Metallicize","Pommel Strike","Body Slam","Battle Trance","Shrug It Off","Fire Breathing","Barricade","Armaments","Iron Wave"],"max_hp_per_floor":[80,80,80,80,80,80,80,80,80,80,80,80,80,80,80,80,80,80,80,80,80,80,80,80,80,80,80,80,80,80,80,80,80,80,80,80,80,80,80,80,80,80,80,80,80,80,80,80,80,80],"relics":["Burning Blood","Centennial Puzzle","Mummified Hand","Vajra","The Courier","Ectoplasm","Lantern","Self Forming Clay","Bird Faced Urn","Darkstone Periapt","Juzu Bracelet","Eternal Feather","Mercury Hourglass","Red Mask"],"campfire_meditates":0,"card_choices":[{"not_picked":["Dropkick","Wild Strike"],"picked":"Body Slam"},{"not_picked":["Armaments","Clothesline"],"picked":"Flame Barrier"},{"not_picked":["Flex","Perfected Strike"],"picked":"Fire Breathing"},{"not_picked":["Heavy Blade","True Grit"],"picked":"Flex"},{"not_picked":["Disarm","True Grit"],"picked":"Entrench"},{"not_picked":["Brutality","Bludgeon"],"picked":"Demon Form"},{"not_picked":["Cleave","Seeing Red"],"picked":"Metallicize"},{"not_picked":["True Grit","Warcry"],"picked":"Battle Trance"},{"not_picked":["Headbutt","Iron Wave"],"picked":"Shrug It Off"},{"not_picked":["Cleave","Infernal Blade"],"picked":"Fire Breathing"},{"not_picked":["Dark Embrace","Fiend Fire"],"picked":"Barricade"},{"not_picked":["Headbutt","Pummel"],"picked":"Armaments"},{"not_picked":["Ghostly Armor","Evolve"],"picked":"Iron Wave"}],"player_experience":419968,"potions_floor_usage":[6,11,16,33,33,39,42,42,48,50],"damage_taken":[{"damage":2,"enemies":"Small Slimes","floor":1,"turns":4},{"damage":0,"enemies":"2 Louse","floor":4,"turns":3},{"damage":0,"enemies":"Jaw Worm","floor":5,"turns":5},{"damage":15,"enemies":"3 Sentries","floor":6,"turns":10},{"damage":9,"enemies":"Large Slime","floor":7,"turns":9},{"damage":21,"enemies":"Lagavulin","floor":11,"turns":6},{"damage":8,"enemies":"Lots of Slimes","floor":14,"turns":4},{"damage":45,"enemies":"Hexaghost","floor":16,"turns":13},{"damage":5,"enemies":"3 Byrds","floor":18,"turns":4},{"damage":7,"enemies":"Spheric Guardian","floor":22,"turns":4},{"damage":12,"enemies":"Snake Plant","floor":24,"turns":4},{"damage":4,"enemies":"Centurion and Healer","floor":28,"turns":3},{"damage":10,"enemies":"Slaver and Parasite","floor":29,"turns":4},{"damage":19,"enemies":"Collector","floor":33,"turns":8},{"damage":3,"enemies":"3 Darklings","floor":35,"turns":5},{"damage":15,"enemies":"Orb Walker","floor":36,"turns":5},{"damage":17,"enemies":"4 Shapes","floor":39,"turns":6},{"damage":1,"enemies":"Sphere and 2 Shapes","floor":41,"turns":8},{"damage":6,"enemies":"3 Darklings","floor":42,"turns":4},{"damage":5,"enemies":"Maw","floor":48,"turns":6},{"damage":34,"enemies":"Time Eater","floor":50,"turns":10}],"event_choices":[{"event_name":"Scrap Ooze","player_choice":"success","floor":2,"damage_taken":12},{"event_name":"World of Goop","player_choice":"Gather Gold","floor":12,"damage_taken":0},{"event_name":"Golden Wing","player_choice":"Card Removal","floor":13,"damage_taken":0},{"event_name":"Purifier","player_choice":"One Purge","floor":20,"damage_taken":0},{"event_name":"Beggar","player_choice":"Ignored","floor":30,"damage_taken":0},{"event_name":"Mysterious Sphere","player_choice":"Ignore","floor":37,"damage_taken":0},{"event_name":"Tomb of Lord Red Mask","player_choice":"Paid","floor":45,"damage_taken":0},{"event_name":"Transmorgrifier","player_choice":"Skipped","floor":46,"damage_taken":0}],"boss_relics":[{"not_picked":["Tiny House","Runic Pyramid"],"picked":"Ectoplasm"},{"not_picked":["Snecko Eye","Cursed Key"],"picked":"Eternal Feather"}],"potions_floor_spawned":[1,6,7,11,22,28,29,39,41,42,48],"seed_played":"-2200004559001823369","is_trial":false}