{"path_per_floor":["M","?","M","M","?","E","?","R","T","M","$","E","M","M","R","B",null,"M","$","?","M","$","R","M","M","T","R","M","M","R","M","R","B",null,"M","M","?","M","$","R"],"character_chosen":"IRONCLAD","items_purchased":["Apotheosis","Shockwave","Flame Barrier"],"gold_per_floor":[112,112,126,144,144,177,177,177,202,223,23,59,74,88,88,214,214,233,124,124,142,6,6,19,42,42,42,57,77,77,95,95,225,225,239,252,252,273,148,148],"floor_reached":41,"campfire_rested":1,"playtime":4198,"current_hp_per_floor":[80,64,70,76,76,42,68,68,75,79,79,85,86,92,92,79,101,101,101,101,97,97,101,99,94,94,101,101,101,101,96,101,58,101,81,60,60,53,53,93],"items_purged":["Strike_R","Defend_R","Strike_R"],"gold":148,"play_id":"94f3601c-dda8-464a-9f62-46022bbfac69","is_prod":false,"is_daily":false,"campfire_rituals":0,"campfire_upgraded":6,"is_hardmode":false,"path_taken":["M","?","M","M","?","E","?","R","T","M","$","E","M","?","R","BOSS","M","$","?","M","$","R","M","M","T","R","M","M","R","M","R","BOSS","M","M","?","M","$","R","E"],"build_version":"2018-01-04-PROD1","purchased_purges":3,"victory":false,"master_deck":["Strike_R","Strike_R","Strike_R","Defend_R","Defend_R","Defend_R","Bash","Pummel","Metallicize","Shrug It Off","Battle Trance","Rampage","Apotheosis","Shrug It Off","Impervious","Combust","Shockwave","Bloodletting","Flame Barrier","Iron Wave","Feel No Pain","Pommel Strike","Battle Trance","Infernal Blade","Barricade"],"max_hp_per_floor":[80,80,80,80,80,80,80,80,87,87,87,101,101,101,101,101,101,101,101,101,101,101,101,101,101,101,101,101,101,101,101,101,101,101,101,101,101,101,101,101],"relics":["Burning Blood","Oddly Smooth Stone","Golden Idol","Ancient Tea Set","Strawberry","Mango","Eternal Feather","Magic Flower","Black Star"],"campfire_meditates":0,"card_choices":[{"not_picked":["Rupture","Shockwave"],"picked":"Pummel"},{"not_picked":["Evolve","Feel No Pain"],"picked":"Metallicize"},{"not_picked":["Pommel Strike","Perfected Strike"],"picked":"Shrug It Off"},{"not_picked":["Reckless Charge","Heavy Blade"],"picked":"Battle Trance"},{"not_picked":["Entrench","Dual Wield"],"picked":"Rampage"},{"not_picked":["Combust","Rampage"],"picked":"Shrug It Off"},{"not_picked":["Brutality","Limit Break"],"picked":"Impervious"},{"not_picked":["Clothesline","Headbutt"],"picked":"Combust"},{"not_picked":["Headbutt","Heavy Blade"],"picked":"Bloodletting"},{"not_picked":["Fire Breathing","Havoc"],"picked":"Iron Wave"},{"not_picked":["True Grit","Exhume"],"picked":"Feel No Pain"},{"not_picked":["Sword Boomerang","Headbutt"],"picked":"Pommel Strike"},{"not_picked":["Wild Strike","Pommel Strike"],"picked":"Battle Trance"},{"not_picked":["Pommel Strike","Clash"],"picked":"Infernal Blade"}],"player_experience":407532,"potions_floor_usage":[],"damage_taken":[{"damage":0.0,"enemies":"Cultist","floor":1.0,"turns":3.0},{"damage":0.0,"enemies":"Jaw Worm","floor":3.0,"turns":4.0},{"damage":0.0,"enemies":"2 Louse","floor":4.0,"turns":4.0},{"damage":40.0,"enemies":"3 Sentries","floor":6.0,"turns":15.0},{"damage":2.0,"enemies":"2 Fungi Beasts","floor":10.0,"turns":3.0},{"damage":14.0,"enemies":"Gremlin Nob","floor":12.0,"turns":4.0},{"damage":5.0,"enemies":"Looter","floor":13.0,"turns":3.0},{"damage":0.0,"enemies":"Large Slime","floor":14.0,"turns":4.0},{"damage":19.0,"enemies":"Hexaghost","floor":16.0,"turns":12.0},{"damage":0.0,"enemies":"Spheric Guardian","floor":18.0,"turns":8.0},{"damage":10.0,"enemies":"Shell Parasite","floor":21.0,"turns":7.0},{"damage":8.0,"enemies":"Centurion and Healer","floor":24.0,"turns":8.0},{"damage":11.0,"enemies":"Snake Plant","floor":25.0,"turns":5.0},{"damage":0.0,"enemies":"Snecko","floor":28.0,"turns":7.0},{"damage":7.0,"enemies":"Centurion and Healer","floor":29.0,"turns":8.0},{"damage":14.0,"enemies":"Snake Plant","floor":31.0,"turns":5.0},{"damage":52.0,"enemies":"Automaton","floor":33.0,"turns":14.0},{"damage":29,"enemies":"3 Shapes","floor":35,"turns":6},{"damage":30,"enemies":"Orb Walker","floor":36,"turns":5},{"damage":16,"enemies":"Sphere and 2 Shapes","floor":38,"turns":9},{"damage":15,"enemies":"Nemesis","floor":41,"turns":10}],"event_choices":[{"event_name":"Golden Idol","player_choice":"Take Damage","floor":2.0,"damage_taken":0.0},{"event_name":"Living Wall","player_choice":"Grow","floor":5.0,"damage_taken":0.0},{"event_name":"Big Fish","player_choice":"Banana","floor":7.0,"damage_taken":0.0},{"event_name":"Vampires","player_choice":"Ignored","floor":20.0,"damage_taken":0.0},{"event_name":"Match and Keep!","player_choice":"1 cards matched","floor":37,"damage_taken":0}],"boss_relics":[{"not_picked":["Calling Bell","Runic Pyramid"],"picked":"Black Star"}],"potions_floor_spawned":[1,3,12,14,25,28,31,33,38],"seed_played":"1496137721754241456","killed_by":"Nemesis","is_trial":false}