{"path_per_floor":["M","?","?","?","M","E","M","M","T","R","M","M","E","$","R","B",null,"M","$","?","M","M","R"],"character_chosen":"IRONCLAD","items_purchased":["Metallicize","Bag of Marbles","Flame Barrier","Pummel"],"gold_per_floor":[110,110,210,210,228,260,270,288,339,339,357,376,403,140,140,241,241,258,66,66,85,97,97],"floor_reached":24,"campfire_rested":0,"playtime":2367,"current_hp_per_floor":[80,73,73,66,72,78,75,76,76,76,78,77,74,74,74,45,80,76,76,76,74,69,75],"items_purged":["Defend_R","Strike_R"],"gold":97,"play_id":"05786f04-c37e-417e-9594-be9214596620","is_prod":false,"is_daily":false,"campfire_rituals":0,"campfire_upgraded":3,"is_hardmode":false,"path_taken":["M","?","?","?","M","E","M","?","T","R","?","M","E","$","R","BOSS","M","?","?","M","M","R","E"],"build_version":"2018-01-04-PROD1","purchased_purges":3,"victory":false,"master_deck":["Strike_R","Strike_R","Strike_R","Defend_R","Defend_R","Defend_R","Bash","Pommel Strike","Flex","Thunderclap","Bloodletting","Rupture","Dual Wield","Metallicize","Brutality","Flame Barrier","Pummel","Blood for Blood"],"max_hp_per_floor":[80,80,80,80,80,80,80,80,80,80,80,80,80,80,80,80,80,80,80,80,80,80,80],"relics":["Burning Blood","NeowsBlessing","Smiling Mask","Gambling Chip","Bag of Preparation","Oddly Smooth Stone","Bag of Marbles","Eternal Feather"],"campfire_meditates":0,"card_choices":[{"not_picked":["Feel No Pain","Searing Blow"],"picked":"Pommel Strike"},{"not_picked":["Blood for Blood","Sword Boomerang"],"picked":"Flex"},{"not_picked":["Fiend Fire","Havoc"],"picked":"Thunderclap"},{"not_picked":["Feel No Pain","Pummel"],"picked":"Bloodletting"},{"not_picked":["Headbutt","Burning Pact"],"picked":"Rupture"},{"not_picked":["Pommel Strike","Entrench"],"picked":"Dual Wield"},{"not_picked":["Fiend Fire","Juggernaut"],"picked":"Brutality"},{"not_picked":["Rupture","Spot Weakness"],"picked":"Blood for Blood"}],"player_experience":416723,"potions_floor_usage":[11,12,16,18,22],"damage_taken":[{"damage":0,"enemies":"Cultist","floor":1,"turns":1},{"damage":0,"enemies":"2 Louse","floor":5,"turns":1},{"damage":0,"enemies":"3 Sentries","floor":6,"turns":2},{"damage":9,"enemies":"Blue Slaver","floor":7,"turns":3},{"damage":5,"enemies":"Looter","floor":8,"turns":4},{"damage":4,"enemies":"2 Fungi Beasts","floor":11,"turns":2},{"damage":7,"enemies":"Exordium Wildlife","floor":12,"turns":4},{"damage":9,"enemies":"Gremlin Nob","floor":13,"turns":3},{"damage":35,"enemies":"The Guardian","floor":16,"turns":12},{"damage":10,"enemies":"Spheric Guardian","floor":18,"turns":5},{"damage":8,"enemies":"Shell Parasite","floor":21,"turns":3},{"damage":11,"enemies":"Snecko","floor":22,"turns":4},{"damage":65,"enemies":"Gremlin Leader","floor":24,"turns":8}],"event_choices":[{"event_name":"Scrap Ooze","player_choice":"success","floor":2,"damage_taken":7},{"event_name":"Golden Shrine","player_choice":"Pray","floor":3,"damage_taken":0},{"event_name":"Golden Wing","player_choice":"Card Removal","floor":4,"damage_taken":0},{"event_name":"N\u0027loth","player_choice":"Ignored","floor":20,"damage_taken":0}],"boss_relics":[{"not_picked":["Runic Cube","Ectoplasm"],"picked":"Eternal Feather"}],"potions_floor_spawned":[5,6,8,16,18],"seed_played":"-1385320826436767438","killed_by":"Gremlin Leader","is_trial":false}