{"path_per_floor":["M","M","M","$","?","R","E","M","T","?","E","M","R","M","R","B",null,"M","?","M","$","M","E","R","?","T","?","R","M","$","M","R","B",null,"M","$","M","M","?","E","M","M","T","R","M","R","E","$","R","B"],"character_chosen":"IRONCLAD","items_purchased":["Offering","Shrug It Off","Rampage","Impervious","Toolbox","Apotheosis","Pen Nib"],"gold_per_floor":[214,229,249,10,10,10,44,59,109,109,144,164,164,182,182,281,281,292,292,308,184,202,234,234,234,534,534,534,550,357,374,374,469,469,486,152,171,181,181,212,228,242,318,318,333,333,367,83,83,83],"floor_reached":51,"campfire_rested":3,"playtime":6053,"current_hp_per_floor":[79,76,80,80,80,80,66,71,71,71,75,77,77,80,80,52,80,80,80,80,80,75,82,82,82,82,66,66,62,62,60,87,22,91,93,93,60,40,40,39,42,70,70,99,99,99,47,47,77,9],"items_purged":["Strike_R","Strike_R","Strike_R"],"gold":83,"play_id":"a159530e-9b77-49b5-8bd5-0cf2942a89d6","is_prod":false,"is_daily":false,"campfire_rituals":0,"campfire_upgraded":6,"is_hardmode":false,"path_taken":["M","M","M","$","?","R","E","M","T","?","E","M","R","?","R","BOSS","M","?","M","$","M","E","R","?","T","?","R","M","$","M","R","BOSS","M","$","M","M","?","E","M","M","T","R","M","R","E","$","R","BOSS"],"build_version":"2018-01-11-PROD2","purchased_purges":6,"victory":true,"master_deck":["Strike_R","Defend_R","Defend_R","Defend_R","Bash","Infernal Blade","Flex","Cleave","Offering","Twin Strike","Shockwave","Whirlwind","Armaments","Anger","Iron Wave","Offering","Battle Trance","Shrug It Off","Rampage","Sword Boomerang","Reaper","Impervious","Metallicize","Fire Breathing","Anger","Apotheosis"],"max_hp_per_floor":[80,80,80,80,80,80,80,80,80,80,80,80,80,80,80,80,80,80,80,80,80,80,89,89,89,89,89,89,91,91,91,91,91,91,93,93,95,95,95,97,97,99,99,99,99,99,101,101,101,101],"relics":["Burning Blood","Bronze Scales","Lantern","Shuriken","Black Star","Strawberry","Singing Bowl","Old Coin","Enchiridion","Sozu","Toolbox","Oddly Smooth Stone","Omamori","The Courier","Self Forming Clay","Matryoshka","Pen Nib"],"campfire_meditates":0,"card_choices":[{"not_picked":["Wild Strike","Perfected Strike"],"picked":"Infernal Blade"},{"not_picked":["Pommel Strike","True Grit"],"picked":"Flex"},{"not_picked":["Spot Weakness","Burning Pact"],"picked":"Cleave"},{"not_picked":["Iron Wave","Feel No Pain"],"picked":"Whirlwind"},{"not_picked":["Clash","Corruption"],"picked":"Armaments"},{"not_picked":["Cleave","Shrug It Off"],"picked":"Anger"},{"not_picked":["Heavy Blade","Armaments"],"picked":"Iron Wave"},{"not_picked":["Juggernaut","Demon Form"],"picked":"Offering"},{"not_picked":["Warcry","Iron Wave"],"picked":"Battle Trance"},{"not_picked":["Dual Wield","Twin Strike"],"picked":"Sword Boomerang"},{"not_picked":["Exhume","Berserk"],"picked":"Reaper"},{"not_picked":["Clash","Barricade"],"picked":"Metallicize"},{"not_picked":["True Grit","Feel No Pain"],"picked":"Fire Breathing"},{"not_picked":["Brutality","Clothesline"],"picked":"Anger"}],"player_experience":494806,"potions_floor_usage":[11,11,11,18,23,31,33],"damage_taken":[{"damage":7,"enemies":"Small Slimes","floor":1,"turns":4},{"damage":9,"enemies":"Blue Slaver","floor":2,"turns":4},{"damage":1,"enemies":"Cultist","floor":3,"turns":3},{"damage":20,"enemies":"3 Sentries","floor":7,"turns":7},{"damage":5,"enemies":"Exordium Wildlife","floor":8,"turns":3},{"damage":2,"enemies":"Gremlin Nob","floor":11,"turns":3},{"damage":4,"enemies":"Large Slime","floor":12,"turns":3},{"damage":2,"enemies":"Looter","floor":14,"turns":2},{"damage":34,"enemies":"Hexaghost","floor":16,"turns":7},{"damage":4,"enemies":"2 Thieves","floor":18,"turns":1},{"damage":4,"enemies":"3 Byrds","floor":20,"turns":2},{"damage":11,"enemies":"Sentry and Sphere","floor":22,"turns":3},{"damage":17,"enemies":"Book of Stabbing","floor":23,"turns":4},{"damage":12,"enemies":"3 Cultists","floor":29,"turns":5},{"damage":20,"enemies":"Chosen and Byrds","floor":31,"turns":5},{"damage":71,"enemies":"Automaton","floor":33,"turns":9},{"damage":14,"enemies":"Orb Walker","floor":35,"turns":2},{"damage":41,"enemies":"3 Shapes","floor":37,"turns":3},{"damage":34,"enemies":"Maw","floor":38,"turns":6},{"damage":17,"enemies":"2 Orb Walkers","floor":40,"turns":4},{"damage":11,"enemies":"Sphere and 2 Shapes","floor":41,"turns":3},{"damage":19,"enemies":"4 Shapes","floor":42,"turns":4},{"damage":6,"enemies":"3 Darklings","floor":45,"turns":3},{"damage":60,"enemies":"Nemesis","floor":47,"turns":7},{"damage":88,"enemies":"Donu and Deca","floor":50,"turns":9}],"event_choices":[{"event_name":"Match and Keep!","player_choice":"2 cards matched","floor":5,"damage_taken":0},{"event_name":"The Lab","player_choice":"Got Potions","floor":10,"damage_taken":0},{"event_name":"Drug Dealer","player_choice":"Ignored","floor":19,"damage_taken":0},{"event_name":"Purifier","player_choice":"One Purge","floor":25,"damage_taken":0},{"event_name":"Cursed Tome","player_choice":"Obtained Book","floor":27,"damage_taken":0}],"boss_relics":[{"not_picked":["Pandora\u0027s Box","Philosopher\u0027s Stone"],"picked":"Black Star"},{"not_picked":["Runic Cube","Velvet Choker"],"picked":"Sozu"}],"potions_floor_spawned":[2,8,16,20,22,29,35,40,41,45,47],"seed_played":"428510191748015719","is_trial":false}