{"path_per_floor":["M","M","?","M","T","E","M","$","T","R","M","R","?","M","R","B",null,"M","$","?","M","M","R","E","M","T","R","?","R","M","M","R"],"character_chosen":"IRONCLAD","items_purchased":["Evolve","Gremlin Horn"],"gold_per_floor":[115,129,79,92,92,124,142,67,67,67,85,85,260,272,272,377,377,392,3,3,20,36,36,69,85,85,85,10,10,20,40,40],"floor_reached":33,"campfire_rested":3,"playtime":2421,"current_hp_per_floor":[80,80,80,80,80,53,59,59,59,59,61,61,61,62,62,22,80,80,80,80,59,50,74,42,31,31,55,55,55,42,41,65],"items_purged":["Strike_R","Doubt"],"gold":40,"play_id":"ab05c31e-68d3-4e23-a8f7-3bb0742b2a63","is_prod":false,"is_daily":false,"is_ascension_mode":false,"campfire_upgraded":4,"path_taken":["M","M","?","M","?","E","?","$","T","R","M","R","?","M","R","BOSS","M","$","?","M","M","R","E","M","T","R","?","R","M","M","R","BOSS"],"build_version":"2018-01-25-PROD2","purchased_purges":3,"victory":false,"master_deck":["Strike_R","Strike_R","Strike_R","Defend_R","Defend_R","Defend_R","Bash+1","Cleave","Power Through","Disarm","Whirlwind+1","Wild Strike+1","Immolate","True Grit+1","Evolve","Flex","Shrug It Off","Twin Strike","Wild Strike"],"max_hp_per_floor":[80,80,80,80,80,80,80,80,80,80,80,80,80,80,80,80,80,80,80,80,80,80,80,80,80,80,80,80,80,80,80,80],"relics":["Burning Blood","Orichalcum","Calipers","Paper Frog","Sundial","Sozu","Gremlin Horn","Frozen Eye","Toolbox"],"card_choices":[{"not_picked":["Sword Boomerang","Twin Strike"],"picked":"Cleave"},{"not_picked":["Flex","Second Wind"],"picked":"Power Through"},{"not_picked":["Pummel","Rampage"],"picked":"Disarm"},{"not_picked":["Fire Breathing","Disarm"],"picked":"Whirlwind"},{"not_picked":["Havoc","Shrug It Off"],"picked":"Wild Strike"},{"not_picked":["Brutality","Offering"],"picked":"Immolate"},{"not_picked":["Inflame","Blood for Blood"],"picked":"True Grit"},{"not_picked":["Clothesline","Anger"],"picked":"Shrug It Off"},{"not_picked":["Perfected Strike","Disarm"],"picked":"Twin Strike"},{"not_picked":["Headbutt","Blood for Blood"],"picked":"Wild Strike"}],"player_experience":568373,"potions_floor_usage":[6,16,16],"damage_taken":[{"damage":0,"enemies":"Cultist","floor":1,"turns":3},{"damage":5,"enemies":"Jaw Worm","floor":2,"turns":4},{"damage":4,"enemies":"Small Slimes","floor":4,"turns":3},{"damage":33,"enemies":"Lagavulin","floor":6,"turns":7},{"damage":0,"enemies":"2 Fungi Beasts","floor":7,"turns":3},{"damage":4,"enemies":"Gremlin Gang","floor":11,"turns":2},{"damage":5,"enemies":"Large Slime","floor":14,"turns":5},{"damage":46,"enemies":"Slime Boss","floor":16,"turns":10},{"damage":6,"enemies":"Shell Parasite","floor":18,"turns":4},{"damage":27,"enemies":"Spheric Guardian","floor":21,"turns":6},{"damage":15,"enemies":"Snecko","floor":22,"turns":4},{"damage":38,"enemies":"Book of Stabbing","floor":24,"turns":6},{"damage":17,"enemies":"Centurion and Healer","floor":25,"turns":8},{"damage":19,"enemies":"Slaver and Parasite","floor":30,"turns":5},{"damage":7,"enemies":"Snecko","floor":31,"turns":5},{"damage":46,"enemies":"Automaton","floor":33,"turns":8}],"event_choices":[{"event_name":"The Cleric","player_choice":"Card Removal","floor":3,"damage_taken":0},{"event_name":"Liars Game","player_choice":"agreed","floor":13,"damage_taken":0},{"event_name":"The Library","player_choice":"Read","floor":20,"damage_taken":0},{"event_name":"Beggar","player_choice":"Gave Gold","floor":28,"damage_taken":0}],"boss_relics":[{"not_picked":["Black Star","Calling Bell"],"picked":"Sozu"}],"potions_floor_spawned":[4,7,14,16,18,21,22,31],"seed_played":"-5529390127400536853","killed_by":"Automaton","ascension_level":0,"is_trial":false}