{"path_per_floor":["M","M","?","M","M","R","E","R","T","E","?","R","$","?","R","B",null,"M","M","M","?","$","R","E","R","T","R","?","?","?","M","R","B",null,"M","?","M","$","?","R","?","M","T","M","M","?","?","M","R"],"character_chosen":"IRONCLAD","items_purchased":["Inflame","Heavy Blade","Pummel","Double Tap"],"gold_per_floor":[115,130,130,142,155,155,185,185,185,217,217,217,13,13,13,112,112,129,148,158,158,5,5,37,37,63,63,63,63,63,78,78,178,178,196,196,210,110,110,110,110,124,169,181,193,193,193,208,208],"floor_reached":50,"campfire_rested":6,"playtime":3065,"current_hp_per_floor":[80,80,64,62,48,72,63,63,63,47,44,68,68,68,68,76,80,80,61,56,56,56,80,48,72,72,72,72,72,72,67,67,23,80,73,73,73,73,63,84,84,74,74,88,70,70,70,41,68],"items_purged":["Strike_R","Strike_R"],"gold":208,"play_id":"64fab010-b8ae-49a9-8c10-2493e6b58ebb","is_prod":false,"is_daily":false,"campfire_rituals":0,"campfire_upgraded":4,"is_hardmode":false,"path_taken":["M","M","?","M","M","R","E","R","T","E","?","R","$","?","R","BOSS","M","M","M","?","$","R","E","R","T","R","?","?","?","M","R","BOSS","M","?","M","$","?","R","?","M","T","M","M","?","?","M","R","BOSS"],"build_version":"2018-01-11-PROD2","purchased_purges":2,"victory":false,"master_deck":["Strike_R","Strike_R","Defend_R","Defend_R","Defend_R","Defend_R","Bash","Pommel Strike","Flex","Pummel","Thunderclap","Clothesline","Armaments","Inflame","Heavy Blade","Pummel","Demon Form","Shrug It Off","Iron Wave","Battle Trance","Double Tap","Heavy Blade","Combust","Seeing Red","Reaper","Madness","Dual Wield","Heavy Blade","Shrug It Off"],"max_hp_per_floor":[80,80,80,80,80,80,80,80,80,80,80,80,80,80,80,80,80,80,80,80,80,80,80,80,80,80,80,80,80,80,80,80,80,80,82,82,84,84,84,84,84,86,86,88,90,90,90,90,90],"relics":["Black Blood","Prayer Wheel","Bird Faced Urn","Singing Bowl","Juzu Bracelet","Velvet Choker","Omamori","Art of War","Letter Opener","Pen Nib","Dream Catcher"],"campfire_meditates":0,"card_choices":[{"not_picked":["Evolve","Wild Strike"],"picked":"Pommel Strike"},{"not_picked":["Carnage","Sword Boomerang"],"picked":"Flex"},{"not_picked":["Shrug It Off","Sentinel"],"picked":"Pummel"},{"not_picked":["Rage","Pommel Strike"],"picked":"Thunderclap"},{"not_picked":["Ghostly Armor","Warcry"],"picked":"Clothesline"},{"not_picked":["Battle Trance","Cleave"],"picked":"Armaments"},{"not_picked":["Barricade","Impervious"],"picked":"Demon Form"},{"not_picked":["Body Slam","Sentinel"],"picked":"Shrug It Off"},{"not_picked":["Uppercut","Entrench"],"picked":"Iron Wave"},{"not_picked":["Headbutt","Wild Strike"],"picked":"Battle Trance"},{"not_picked":["Perfected Strike","Corruption"],"picked":"Heavy Blade"},{"not_picked":["Ghostly Armor","Havoc"],"picked":"Combust"},{"not_picked":["Sword Boomerang","Evolve"],"picked":"Seeing Red"},{"not_picked":["Brutality","Immolate"],"picked":"Reaper"},{"not_picked":["Pummel","Evolve"],"picked":"Dual Wield"},{"not_picked":["Battle Trance","Havoc"],"picked":"Heavy Blade"},{"not_picked":["Clothesline","Body Slam"],"picked":"Shrug It Off"}],"player_experience":477122,"potions_floor_usage":[50],"damage_taken":[{"damage":5.0,"enemies":"Small Slimes","floor":1.0,"turns":4.0},{"damage":4.0,"enemies":"Cultist","floor":2.0,"turns":5.0},{"damage":8.0,"enemies":"2 Louse","floor":4.0,"turns":3.0},{"damage":20.0,"enemies":"Large Slime","floor":5.0,"turns":5.0},{"damage":15.0,"enemies":"Lagavulin","floor":7.0,"turns":5.0},{"damage":22.0,"enemies":"3 Sentries","floor":10.0,"turns":5.0},{"damage":0.0,"enemies":"Slime Boss","floor":16.0,"turns":6.0},{"damage":2.0,"enemies":"Spheric Guardian","floor":18.0,"turns":3.0},{"damage":25.0,"enemies":"2 Thieves","floor":19.0,"turns":3.0},{"damage":15.0,"enemies":"Slaver and Parasite","floor":20.0,"turns":7.0},{"damage":42.0,"enemies":"Gremlin Leader","floor":24.0,"turns":6.0},{"damage":15.0,"enemies":"Snake Plant","floor":31.0,"turns":3.0},{"damage":54.0,"enemies":"Collector","floor":33.0,"turns":6.0},{"damage":21.0,"enemies":"Orb Walker","floor":35.0,"turns":4.0},{"damage":16.0,"enemies":"3 Darklings","floor":37.0,"turns":4.0},{"damage":56,"enemies":"Sphere and 2 Shapes","floor":42,"turns":5},{"damage":10,"enemies":"Maw","floor":44,"turns":6},{"damage":32,"enemies":"3 Darklings","floor":45,"turns":4},{"damage":41,"enemies":"4 Shapes","floor":48,"turns":4},{"damage":66,"enemies":"Time Eater","floor":50,"turns":6}],"event_choices":[{"event_name":"Shining Light","player_choice":"Entered Light","floor":3.0,"damage_taken":0.0},{"event_name":"Scrap Ooze","player_choice":"success","floor":11.0,"damage_taken":3.0},{"event_name":"Liars Game","player_choice":"disagreed","floor":14.0,"damage_taken":0.0},{"event_name":"The Lab","player_choice":"Got Potions","floor":21.0,"damage_taken":0.0},{"event_name":"Drug Dealer","player_choice":"Ignored","floor":28.0,"damage_taken":0.0},{"event_name":"Vampires","player_choice":"Ignored","floor":29.0,"damage_taken":0.0},{"event_name":"The Mausoleum","player_choice":"Yes","floor":30.0,"damage_taken":0.0},{"event_name":"Mysterious Sphere","player_choice":"Ignore","floor":36.0,"damage_taken":0.0},{"event_name":"Winding Halls","player_choice":"Embrace Madness","floor":39.0,"damage_taken":0.0},{"event_name":"Tomb of Lord Red Mask","player_choice":"Ignored","floor":46,"damage_taken":0},{"event_name":"Accursed Blacksmith","player_choice":"Rummage","floor":47,"damage_taken":0}],"boss_relics":[],"potions_floor_spawned":[1,7,16,19,24,35,42,44],"seed_played":"-6478474929269868796","killed_by":"Time Eater","is_trial":false}