{"path_per_floor":["M","M","?","M","?","E","R","M","T","$","M","R","M","?","R","B",null,"M","M","$","M","M","R","E","M","T","M","R","?","M","M","R"],"character_chosen":"IRONCLAD","items_purchased":["Metallicize","Pummel","Body Slam","Offering"],"gold_per_floor":[115,132,132,144,144,174,174,187,187,6,19,19,33,61,61,156,156,174,190,2,19,37,37,69,81,81,93,93,93,113,127,127],"floor_reached":33,"campfire_rested":2,"playtime":3381,"current_hp_per_floor":[80,80,80,80,73,26,50,40,40,40,43,43,40,46,70,50,80,80,80,80,69,63,71,61,66,66,63,71,71,74,68,76],"items_purged":["Strike_R"],"gold":127,"play_id":"58c566e1-67da-458c-8b13-aa5b2548f224","is_prod":false,"is_daily":false,"campfire_rituals":0,"campfire_upgraded":4,"is_hardmode":false,"path_taken":["M","M","?","?","?","E","R","M","T","$","?","R","M","?","R","BOSS","M","M","$","M","M","R","E","M","T","M","R","?","M","M","R","BOSS"],"build_version":"2018-01-18-PROD4","purchased_purges":1,"victory":false,"master_deck":["Strike_R","Strike_R","Strike_R","Defend_R","Defend_R","Defend_R","Defend_R","Bash","Juggernaut","Ghostly Armor","Shrug It Off","Battle Trance","Metallicize","Pummel","Shrug It Off","Cleave","Iron Wave","Twin Strike","Body Slam","Offering","Armaments","Iron Wave"],"max_hp_per_floor":[80,80,80,80,80,80,80,80,80,80,80,80,80,80,80,80,80,80,80,80,80,80,80,80,80,80,80,80,80,80,80,80],"relics":["Burning Blood","Happy Flower","Dead Branch","Odd Mushroom","Eternal Feather","Bird Faced Urn","The Courier"],"campfire_meditates":0,"card_choices":[{"not_picked":["Warcry","Dark Embrace"],"picked":"Ghostly Armor"},{"not_picked":["Havoc","Twin Strike"],"picked":"Shrug It Off"},{"not_picked":["Headbutt","Sword Boomerang"],"picked":"Battle Trance"},{"not_picked":["Battle Trance","Anger"],"picked":"Shrug It Off"},{"not_picked":["True Grit","Sentinel"],"picked":"Cleave"},{"not_picked":["Second Wind","Warcry"],"picked":"Iron Wave"},{"not_picked":["Second Wind","Headbutt"],"picked":"Twin Strike"},{"not_picked":["Dual Wield","Clothesline"],"picked":"Armaments"},{"not_picked":["Anger","Flex"],"picked":"Iron Wave"}],"player_experience":540695,"potions_floor_usage":[21,22,22,27],"damage_taken":[{"damage":1.0,"enemies":"Cultist","floor":1.0,"turns":4.0},{"damage":5.0,"enemies":"Small Slimes","floor":2.0,"turns":4.0},{"damage":0.0,"enemies":"2 Louse","floor":4.0,"turns":3.0},{"damage":53.0,"enemies":"Gremlin Nob","floor":6.0,"turns":6.0},{"damage":16.0,"enemies":"Gremlin Gang","floor":8.0,"turns":7.0},{"damage":3.0,"enemies":"Exordium Thugs","floor":11.0,"turns":5.0},{"damage":9.0,"enemies":"Exordium Wildlife","floor":13.0,"turns":6.0},{"damage":0.0,"enemies":"The Mushroom Lair","floor":14.0,"turns":4.0},{"damage":26.0,"enemies":"Slime Boss","floor":16.0,"turns":8.0},{"damage":4.0,"enemies":"Spheric Guardian","floor":18.0,"turns":5.0},{"damage":1.0,"enemies":"Shell Parasite","floor":19.0,"turns":7.0},{"damage":17,"enemies":"Snake Plant","floor":21,"turns":6},{"damage":27,"enemies":"Slaver and Parasite","floor":22,"turns":8},{"damage":16,"enemies":"Book of Stabbing","floor":24,"turns":5},{"damage":5,"enemies":"Centurion and Healer","floor":25,"turns":6},{"damage":13,"enemies":"3 Cultists","floor":27,"turns":6},{"damage":7,"enemies":"Chosen and Byrds","floor":30,"turns":5},{"damage":16,"enemies":"Snake Plant","floor":31,"turns":5},{"damage":92,"enemies":"Champ","floor":33,"turns":12}],"event_choices":[{"event_name":"Liars Game","player_choice":"disagreed","floor":3.0,"damage_taken":0.0},{"event_name":"Golden Wing","player_choice":"Card Removal","floor":5.0,"damage_taken":0.0},{"event_name":"Mushrooms","player_choice":"Fought Mushrooms","floor":14.0,"damage_taken":0.0},{"event_name":"Drug Dealer","player_choice":"Ignored","floor":29,"damage_taken":0}],"boss_relics":[],"potions_floor_spawned":[6,8,13,14,18,19,21,22],"seed_played":"5731710673404234967","killed_by":"Champ","is_trial":false}