{"path_per_floor":["M","?","?","$","M","E","R","E","T","R","M","R","M","M","R","B",null,"M","M","$","?","$","R","M","R","T"],"character_chosen":"IRONCLAD","items_purchased":["Feel No Pain","Warcry","Metallicize","Finesse"],"gold_per_floor":[118,118,293,117,134,168,168,196,220,220,231,231,244,261,261,358,388,398,411,138,138,13,13,26,26,26],"floor_reached":27,"campfire_rested":1,"playtime":1955,"current_hp_per_floor":[80,80,80,80,77,69,69,64,64,64,70,70,73,68,68,37,85,85,74,74,58,58,58,46,71,71],"items_purged":["Doubt","Strike_R","Defend_R"],"gold":26,"play_id":"d456bc40-1ca7-4283-8950-88695b2761d5","is_prod":false,"is_daily":false,"campfire_rituals":0,"campfire_upgraded":5,"is_hardmode":false,"path_taken":["M","?","?","$","?","E","R","E","T","R","M","R","M","M","R","BOSS","M","M","$","?","$","R","M","R","T","M"],"build_version":"2018-01-11-PROD2","purchased_purges":3,"victory":false,"master_deck":["Strike_R","Strike_R","Strike_R","Strike_R","Defend_R","Defend_R","Defend_R","Bash","Armaments","Feel No Pain","Warcry","Sever Soul","Disarm","Shockwave","Pommel Strike","Reaper","Pummel","Inflame","Metallicize","Finesse","Dual Wield"],"max_hp_per_floor":[80,80,80,80,80,80,80,80,80,80,80,80,80,80,80,80,85,85,85,85,85,85,85,85,85,85],"relics":["Burning Blood","Art of War","Frozen Egg","Prayer Wheel","Whetstone","Tiny House","Enchiridion","Paper Frog"],"campfire_meditates":0,"card_choices":[{"not_picked":["Warcry","Headbutt"],"picked":"Armaments"},{"not_picked":["Second Wind","Corruption"],"picked":"Sever Soul"},{"not_picked":["Flex","Second Wind"],"picked":"Disarm"},{"not_picked":["Flex","Corruption"],"picked":"Shockwave"},{"not_picked":["Headbutt","Spot Weakness"],"picked":"Pommel Strike"},{"not_picked":["Brutality","Bludgeon"],"picked":"Reaper"},{"not_picked":["Anger","Rampage"],"picked":"Pummel"},{"not_picked":["Disarm","Thunderclap"],"picked":"Inflame"},{"not_picked":["Carnage","Thunderclap"],"picked":"Dual Wield"}],"player_experience":502960,"potions_floor_usage":[6,6,8,16,18,18,19],"damage_taken":[{"damage":0,"enemies":"2 Louse","floor":1,"turns":2},{"damage":9,"enemies":"Blue Slaver","floor":5,"turns":5},{"damage":14,"enemies":"Gremlin Nob","floor":6,"turns":4},{"damage":11,"enemies":"3 Sentries","floor":8,"turns":6},{"damage":0,"enemies":"Jaw Worm","floor":11,"turns":3},{"damage":3,"enemies":"Large Slime","floor":13,"turns":5},{"damage":11,"enemies":"3 Louse","floor":14,"turns":4},{"damage":37,"enemies":"The Guardian","floor":16,"turns":10},{"damage":12,"enemies":"Shell Parasite","floor":18,"turns":8},{"damage":23,"enemies":"3 Byrds","floor":19,"turns":7},{"damage":18,"enemies":"Snake Plant","floor":24,"turns":5},{"damage":26,"enemies":"3 Cultists","floor":27,"turns":5}],"event_choices":[{"event_name":"The Lab","player_choice":"Got Potions","floor":2,"damage_taken":0},{"event_name":"Liars Game","player_choice":"agreed","floor":3,"damage_taken":0},{"event_name":"Cursed Tome","player_choice":"Obtained Book","floor":21,"damage_taken":0}],"boss_relics":[{"not_picked":["Runic Pyramid","Runic Dome"],"picked":"Tiny House"}],"potions_floor_spawned":[13,16,18],"seed_played":"4854868549906428183","killed_by":"3 Cultists","is_trial":false}