{"path_per_floor":["M","?","M","?","M","E","R","$","T","?","M","M","M","M","R","B",null,"M","M","?","$","?","E","M","R","T","R","M","M","M","?","R","B",null,"M","$","M","?","T","R","M","R","T","R","M","E","$","M","R","B"],"character_chosen":"IRONCLAD","items_purchased":["Flash of Steel","Panacea","Regen Potion","Pantograph","Feel No Pain","True Grit","Energy Potion"],"gold_per_floor":[114,114,124,124,138,171,171,0,0,75,86,98,110,123,123,226,226,236,255,255,61,61,87,101,101,401,401,416,432,452,367,367,462,462,476,337,356,356,356,356,366,366,366,366,379,408,70,81,81,81],"floor_reached":51,"campfire_rested":3,"playtime":3800,"current_hp_per_floor":[74,56,61,54,51,36,60,60,60,49,55,61,67,71,71,65,80,80,75,75,75,75,59,61,61,61,61,55,41,43,43,67,46,80,59,59,74,74,74,80,80,80,80,80,66,40,40,15,49,20],"items_purged":["Strike_R","Normality","Strike_R"],"gold":81,"play_id":"213df813-ed41-432a-a585-68d0591eb313","is_prod":false,"is_daily":false,"campfire_rituals":0,"campfire_upgraded":6,"is_hardmode":false,"path_taken":["M","?","M","?","M","E","R","$","T","?","M","?","M","M","R","BOSS","M","M","?","$","?","E","M","R","T","R","M","M","?","?","R","BOSS","M","$","M","?","?","R","M","R","T","R","?","E","$","M","R","BOSS"],"build_version":"2018-01-18-PROD4","purchased_purges":3,"victory":true,"master_deck":["Strike_R","Strike_R","Defend_R","Defend_R","Defend_R","Defend_R","Bash","Sword Boomerang","Flex","Spot Weakness","Flash of Steel","Seeing Red","Demon Form","Battle Trance","Twin Strike","Sword Boomerang","Disarm","Shrug It Off","Panacea","Offering","Inflame","Reaper","Heavy Blade","Inflame","Feel No Pain","True Grit"],"max_hp_per_floor":[80,80,80,80,80,80,80,80,80,80,80,80,80,80,80,80,80,80,80,80,80,80,80,80,80,80,80,80,80,80,80,80,80,80,80,80,80,80,80,80,80,80,80,80,80,80,80,80,80,80],"relics":["Burning Blood","Mercury Hourglass","Thread and Needle","Ginger","Orrery","Ice Cream","Mummified Hand","Old Coin","The Courier","Eternal Feather","Smiling Mask","Peace Pipe","Frozen Eye","Pantograph"],"campfire_meditates":0,"card_choices":[{"not_picked":["Impervious","Armaments"],"picked":"Sword Boomerang"},{"not_picked":["Headbutt","Havoc"],"picked":"Flex"},{"not_picked":["Second Wind","Flex"],"picked":"Spot Weakness"},{"not_picked":["Infernal Blade","Entrench"],"picked":"Seeing Red"},{"not_picked":["Juggernaut","Dark Embrace"],"picked":"Demon Form"},{"not_picked":["Pommel Strike","Dark Embrace"],"picked":"Battle Trance"},{"not_picked":["Power Through","Perfected Strike"],"picked":"Twin Strike"},{"not_picked":["Entrench","Sentinel"],"picked":"Sword Boomerang"},{"not_picked":["Dual Wield","Sword Boomerang"],"picked":"Disarm"},{"not_picked":["Anger","Clothesline"],"picked":"Shrug It Off"},{"not_picked":["Perfected Strike","Cleave"],"picked":"Offering"},{"not_picked":["Iron Wave","Exhume"],"picked":"Inflame"},{"not_picked":["Feed","Juggernaut"],"picked":"Reaper"},{"not_picked":["Warcry","Wild Strike"],"picked":"Heavy Blade"},{"not_picked":["Burning Pact","Rampage"],"picked":"Inflame"}],"player_experience":553333,"potions_floor_usage":[19,24,28,29,33,37,41,46,48],"damage_taken":[{"damage":12.0,"enemies":"2 Louse","floor":1.0,"turns":3.0},{"damage":1.0,"enemies":"Cultist","floor":3.0,"turns":3.0},{"damage":9.0,"enemies":"Blue Slaver","floor":5.0,"turns":3.0},{"damage":21.0,"enemies":"Lagavulin","floor":6.0,"turns":5.0},{"damage":0.0,"enemies":"Looter","floor":11.0,"turns":2.0},{"damage":0.0,"enemies":"3 Louse","floor":12.0,"turns":3.0},{"damage":0.0,"enemies":"2 Fungi Beasts","floor":13.0,"turns":2.0},{"damage":2.0,"enemies":"Gremlin Gang","floor":14.0,"turns":3.0},{"damage":27.0,"enemies":"Slime Boss","floor":16.0,"turns":7.0},{"damage":5,"enemies":"Chosen","floor":18,"turns":3},{"damage":11,"enemies":"2 Thieves","floor":19,"turns":3},{"damage":22,"enemies":"Book of Stabbing","floor":23,"turns":5},{"damage":4,"enemies":"Centurion and Healer","floor":24,"turns":5},{"damage":12,"enemies":"3 Cultists","floor":28,"turns":4},{"damage":20,"enemies":"Snecko","floor":29,"turns":4},{"damage":4,"enemies":"Snake Plant","floor":30,"turns":2},{"damage":39,"enemies":"Collector","floor":33,"turns":5},{"damage":27,"enemies":"3 Darklings","floor":35,"turns":4},{"damage":22,"enemies":"3 Shapes","floor":37,"turns":5},{"damage":4,"enemies":"Maw","floor":41,"turns":5},{"damage":24,"enemies":"4 Shapes","floor":45,"turns":6},{"damage":32,"enemies":"2 Orb Walkers","floor":46,"turns":4},{"damage":31,"enemies":"3 Darklings","floor":48,"turns":6},{"damage":91,"enemies":"Awakened One","floor":50,"turns":11}],"event_choices":[{"event_name":"Scrap Ooze","player_choice":"success","floor":2.0,"damage_taken":18.0},{"event_name":"Golden Wing","player_choice":"Card Removal","floor":4.0,"damage_taken":0.0},{"event_name":"World of Goop","player_choice":"Gather Gold","floor":10.0,"damage_taken":0.0},{"event_name":"Accursed Blacksmith","player_choice":"Rummage","floor":20,"damage_taken":0},{"event_name":"Drug Dealer","player_choice":"Ignored","floor":22,"damage_taken":0},{"event_name":"Addict","player_choice":"Obtained Relic","floor":31,"damage_taken":0},{"event_name":"Mysterious Sphere","player_choice":"Ignore","floor":38,"damage_taken":0}],"boss_relics":[{"not_picked":["Runic Pyramid","Pandora\u0027s Box"],"picked":"Orrery"},{"not_picked":["Cursed Key","Tiny House"],"picked":"Eternal Feather"}],"potions_floor_spawned":[5,12,13,16,23,24,28,30,35,45],"seed_played":"7255266721786816055","is_trial":false}