{"path_per_floor":["M","$","M","$","?","E","R","M","T","?","M","R","M","M","R","B",null,"M","M","?","$","M","R","E","R","T","$","M","R","M","M","R"],"character_chosen":"IRONCLAD","items_purchased":["Flame Barrier","Whirlwind","Evolve"],"gold_per_floor":[109,34,44,44,44,77,77,87,144,144,164,164,180,191,191,291,291,262,280,180,31,44,44,77,77,152,12,30,30,44,58,58],"floor_reached":33,"campfire_rested":3,"playtime":2173,"current_hp_per_floor":[80,80,80,80,80,42,42,48,48,41,40,64,64,69,69,69,80,60,59,59,59,38,62,61,61,61,61,56,56,53,50,74],"items_purged":["Defend_R","Defend_R"],"gold":58,"play_id":"e52f3d50-bf6a-47e3-b017-c410fecd3264","is_prod":false,"is_daily":false,"is_ascension_mode":false,"campfire_upgraded":4,"path_taken":["M","$","M","$","?","E","R","?","T","?","?","R","M","M","R","BOSS","M","M","?","$","M","R","E","R","T","?","M","R","M","M","R","BOSS"],"build_version":"2018-01-25-PROD3","purchased_purges":4,"victory":false,"master_deck":["Strike_R","Strike_R","Strike_R","Strike_R","Defend_R+1","Defend_R+1","Bash","Armaments+1","Thunderclap","Shrug It Off","Clothesline","Inflame","Metallicize+1","Offering","Rupture+1","J.A.X.","Flame Barrier","Whirlwind","Battle Trance","Evolve","Hemokinesis+1","Wild Strike+1"],"max_hp_per_floor":[80,80,80,80,80,80,80,80,80,80,80,80,80,80,80,80,80,80,80,80,80,80,80,80,80,80,80,80,80,80,80,80],"relics":["Burning Blood","War Paint","Ancient Tea Set","Tiny Chest","Mark of Pain","Centennial Puzzle","Matryoshka"],"card_choices":[{"not_picked":["Headbutt","Clash"],"picked":"Armaments"},{"not_picked":["Wild Strike","Body Slam"],"picked":"Thunderclap"},{"not_picked":["Armaments","Ghostly Armor"],"picked":"Shrug It Off"},{"not_picked":["Ghostly Armor","Dark Embrace"],"picked":"Clothesline"},{"not_picked":["Cleave","Carnage"],"picked":"Inflame"},{"not_picked":["True Grit","Hemokinesis"],"picked":"Metallicize"},{"not_picked":["Immolate","Exhume"],"picked":"Offering"},{"not_picked":["Sentinel","True Grit"],"picked":"Rupture"},{"not_picked":["Twin Strike","Cleave"],"picked":"Battle Trance"},{"not_picked":["Barricade","Clash"],"picked":"Hemokinesis"},{"not_picked":["Infernal Blade","Perfected Strike"],"picked":"Wild Strike"}],"player_experience":570794,"potions_floor_usage":[6,6,16,24,30,33],"damage_taken":[{"damage":0,"enemies":"Small Slimes","floor":1,"turns":4},{"damage":0,"enemies":"2 Louse","floor":3,"turns":2},{"damage":44,"enemies":"Lagavulin","floor":6,"turns":6},{"damage":0,"enemies":"Blue Slaver","floor":8,"turns":4},{"damage":7,"enemies":"Looter","floor":11,"turns":3},{"damage":6,"enemies":"Exordium Wildlife","floor":13,"turns":3},{"damage":1,"enemies":"Gremlin Gang","floor":14,"turns":5},{"damage":6,"enemies":"The Guardian","floor":16,"turns":10},{"damage":26,"enemies":"2 Thieves","floor":18,"turns":5},{"damage":7,"enemies":"Shell Parasite","floor":19,"turns":7},{"damage":27,"enemies":"Snake Plant","floor":22,"turns":6},{"damage":7,"enemies":"Slavers","floor":24,"turns":1},{"damage":11,"enemies":"Centurion and Healer","floor":28,"turns":5},{"damage":9,"enemies":"Snecko","floor":30,"turns":2},{"damage":9,"enemies":"Snake Plant","floor":31,"turns":5},{"damage":64,"enemies":"Collector","floor":33,"turns":7}],"event_choices":[{"event_name":"The Cleric","player_choice":"Leave","floor":5,"damage_taken":0},{"event_name":"Golden Wing","player_choice":"Card Removal","floor":10,"damage_taken":0},{"event_name":"Drug Dealer","player_choice":"Got JAXXED","floor":20,"damage_taken":0}],"boss_relics":[{"not_picked":["Tiny House","Orrery"],"picked":"Mark of Pain"}],"potions_floor_spawned":[1,3,14,22,28,31],"seed_played":"6457819579728975723","killed_by":"Collector","ascension_level":0,"is_trial":false}