{"path_per_floor":["M","?","M","?","M","E","M","R","T","M","M","R","$","M","R","B",null,"M","?","$","?","?","R","E","?","T","M","R","M","R","$","R","B",null,"M","M","?","?","M","R","M","$","T","R","M","M"],"character_chosen":"IRONCLAD","items_purchased":["Heavy Blade","Shuriken","Whirlwind"],"gold_per_floor":[213,213,231,231,243,278,294,294,294,311,330,330,203,217,217,313,313,325,325,86,86,86,86,111,111,111,121,121,136,136,36,36,134,134,152,171,171,171,182,182,192,121,145,145,159,172],"floor_reached":47,"campfire_rested":3,"playtime":3633,"current_hp_per_floor":[80,80,80,85,85,80,78,78,78,85,85,85,85,85,85,62,85,78,78,78,78,63,90,71,71,71,71,71,62,62,62,89,44,90,66,71,61,61,47,74,76,76,76,76,71,9],"items_purged":["Strike_R","Defend_R"],"gold":172,"play_id":"970c0941-e53d-4645-a8c9-7fe4e5353751","is_prod":false,"is_daily":false,"is_ascension_mode":false,"campfire_upgraded":5,"path_taken":["M","?","M","?","M","E","M","R","T","M","?","R","$","M","R","BOSS","M","?","$","?","?","R","E","?","T","?","R","M","R","$","R","BOSS","M","M","?","?","M","R","M","$","T","R","M","?","M"],"build_version":"2018-02-01-PROD3","purchased_purges":3,"victory":false,"master_deck":["Strike_R","Defend_R","Metallicize+1","Sword Boomerang","Inflame+1","Sword Boomerang","Metallicize+1","Iron Wave","Reckless Charge","Heavy Blade","Pommel Strike","Double Tap","Armaments+1","Spot Weakness","Shrug It Off+1","Shockwave+1","Limit Break+1","Rampage+1","Entrench+1","Uppercut+1","Disarm","Madness","Madness","Shrug It Off","Whirlwind","Shrug It Off","Pummel+1"],"max_hp_per_floor":[80,80,80,85,85,85,85,85,85,85,85,85,85,85,85,85,85,85,85,85,85,90,90,90,90,90,90,90,90,90,90,90,90,90,90,90,90,90,90,90,90,90,90,90,90,90],"relics":["Burning Blood","Prayer Wheel","Peace Pipe","Sozu","Frozen Egg 2","Shuriken","Ornamental Fan","Bag of Marbles","Astrolabe","Omamori"],"card_choices":[{"not_picked":["Thunderclap","Dual Wield"],"picked":"Metallicize"},{"not_picked":["Havoc","Clash"],"picked":"Sword Boomerang"},{"not_picked":["Wild Strike","Cleave"],"picked":"Inflame"},{"not_picked":["Uppercut","Second Wind"],"picked":"Sword Boomerang"},{"not_picked":["Ghostly Armor","Thunderclap"],"picked":"Metallicize"},{"not_picked":["Body Slam","True Grit"],"picked":"Iron Wave"},{"not_picked":["Uppercut","Disarm"],"picked":"Reckless Charge"},{"not_picked":["Ghostly Armor","Wild Strike"],"picked":"Pommel Strike"},{"not_picked":["Brutality","Exhume"],"picked":"Double Tap"},{"not_picked":["Twin Strike","Cleave"],"picked":"Armaments"},{"not_picked":["Intimidate","Thunderclap"],"picked":"Spot Weakness"},{"not_picked":["Thunderclap","True Grit"],"picked":"Shrug It Off"},{"not_picked":["Carnage","Wild Strike"],"picked":"Shockwave"},{"not_picked":["Twin Strike","Rage"],"picked":"Uppercut"},{"not_picked":["Carnage","Fire Breathing"],"picked":"Disarm"},{"not_picked":["Sword Boomerang","Headbutt"],"picked":"Shrug It Off"},{"not_picked":["Twin Strike","True Grit"],"picked":"Shrug It Off"},{"not_picked":["Uppercut","Flex"],"picked":"Pummel"}],"player_experience":648875,"potions_floor_usage":[6,10,16],"damage_taken":[{"damage":5.0,"enemies":"2 Louse","floor":1.0,"turns":3.0},{"damage":4,"enemies":"Blue Slaver","floor":3,"turns":5},{"damage":6,"enemies":"Jaw Worm","floor":5,"turns":3},{"damage":26,"enemies":"3 Sentries","floor":6,"turns":8},{"damage":8,"enemies":"Exordium Wildlife","floor":7,"turns":5},{"damage":9,"enemies":"3 Louse","floor":10,"turns":5},{"damage":2,"enemies":"Looter","floor":11,"turns":3},{"damage":1,"enemies":"2 Fungi Beasts","floor":14,"turns":3},{"damage":29,"enemies":"Slime Boss","floor":16,"turns":8},{"damage":13,"enemies":"Spheric Guardian","floor":18,"turns":4},{"damage":25,"enemies":"Gremlin Leader","floor":24,"turns":6},{"damage":6,"enemies":"Chosen","floor":27,"turns":4},{"damage":15,"enemies":"Centurion and Healer","floor":29,"turns":5},{"damage":51,"enemies":"Automaton","floor":33,"turns":9},{"damage":30,"enemies":"3 Shapes","floor":35,"turns":5},{"damage":1,"enemies":"Orb Walker","floor":36,"turns":3},{"damage":20,"enemies":"4 Shapes","floor":39,"turns":9},{"damage":4,"enemies":"3 Darklings","floor":41,"turns":6},{"damage":11,"enemies":"Sphere and 2 Shapes","floor":45,"turns":8},{"damage":68,"enemies":"4 Shapes","floor":46,"turns":9},{"damage":0,"enemies":"Maw","floor":47,"turns":2}],"event_choices":[{"event_name":"Living Wall","player_choice":"Forget","floor":2,"damage_taken":0},{"event_name":"Big Fish","player_choice":"Donut","floor":4,"damage_taken":0},{"event_name":"The Mausoleum","player_choice":"Yes","floor":19,"damage_taken":0},{"event_name":"Back to Basics","player_choice":"Elegance","floor":21,"damage_taken":0},{"event_name":"Forgotten Altar","player_choice":"Shed Blood","floor":22,"damage_taken":0},{"event_name":"Drug Dealer","player_choice":"Ignored","floor":25,"damage_taken":0},{"event_name":"Winding Halls","player_choice":"Embrace Madness","floor":37,"damage_taken":0},{"event_name":"Mysterious Sphere","player_choice":"Ignore","floor":38,"damage_taken":0}],"boss_relics":[{"not_picked":["Runic Cube","Mark of Pain"],"picked":"Sozu"},{"not_picked":["Black Star","Orrery"],"picked":"Astrolabe"}],"potions_floor_spawned":[5,6,11,18,33,35,39,41],"seed_played":"-5837092802788645261","killed_by":"Maw","ascension_level":0,"is_trial":false}