{"path_per_floor":["M","?","M","?","M","R","E","R","T","M","R","E","$","?","R","B",null,"M","M","?","?","$","R","E","M","T","M","R","?","R","?","R","B",null,"M","M","?","$","M","R","M","R","T","R","M","?","M","M","R","B"],"character_chosen":"IRONCLAD","items_purchased":["Wild Strike","Good Instincts","Orichalcum"],"gold_per_floor":[114,114,126,126,144,144,169,169,192,202,202,236,108,108,108,209,209,228,244,244,244,57,57,82,92,117,134,134,49,49,49,49,146,146,159,171,171,16,28,28,48,48,71,71,90,90,102,114,114,114],"floor_reached":51,"campfire_rested":3,"playtime":3819,"current_hp_per_floor":[80,80,80,80,80,80,79,79,79,80,80,72,72,69,69,48,80,80,80,64,64,64,80,50,66,66,80,80,80,80,72,72,31,80,62,68,68,68,56,56,57,57,57,80,80,80,61,48,80,65],"items_purged":["Strike_R","Clash"],"gold":114,"play_id":"e53334e1-6306-465a-98e8-a148f0abc2c0","is_prod":false,"is_daily":false,"is_ascension_mode":false,"campfire_upgraded":9,"path_taken":["M","?","M","?","M","R","E","R","T","?","R","E","$","?","R","BOSS","M","M","?","?","$","R","E","M","T","M","R","?","R","?","R","BOSS","M","M","?","$","M","R","M","R","T","R","M","?","M","M","R","BOSS"],"build_version":"2018-01-25-PROD3","purchased_purges":3,"victory":true,"master_deck":["Strike_R","Strike_R","Strike_R","Strike_R","Defend_R","Defend_R","Defend_R","Bash+1","Metallicize+1","Spot Weakness+1","Iron Wave+1","Pommel Strike+1","Shrug It Off+1","Wild Strike+1","Reaper","Cleave","Necronomicurse","Good Instincts+1","Disarm+1","Perfected Strike+1","Whirlwind+1","Rage+1","True Grit+1","Clothesline+1","Flame Barrier+1","Metallicize+1","Limit Break","Shrug It Off+1"],"max_hp_per_floor":[80,80,80,80,80,80,80,80,80,80,80,80,80,80,80,80,80,80,80,80,80,80,80,80,80,80,80,80,80,80,80,80,80,80,80,80,80,80,80,80,80,80,80,80,80,80,80,80,80,80],"relics":["Burning Blood","Vajra","Regal Pillow","Oddly Smooth Stone","Juzu Bracelet","Art of War","Sozu","Necronomicon","Prayer Wheel","Bronze Scales","Ginger","Question Card","Orichalcum","Toxic Egg"],"card_choices":[{"not_picked":["Dual Wield","Seeing Red"],"picked":"Metallicize"},{"not_picked":["Perfected Strike","True Grit"],"picked":"Clash"},{"not_picked":["Blood for Blood","Entrench"],"picked":"Spot Weakness"},{"not_picked":["Sword Boomerang","Second Wind"],"picked":"Iron Wave"},{"not_picked":["Bloodletting","Clothesline"],"picked":"Pommel Strike"},{"not_picked":["Bloodletting","Immolate"],"picked":"Shrug It Off"},{"not_picked":["Bludgeon","Feed"],"picked":"Reaper"},{"not_picked":["Sever Soul","Hemokinesis"],"picked":"Cleave"},{"not_picked":["Pommel Strike","Headbutt"],"picked":"Burning Pact"},{"not_picked":["Havoc","Sentinel"],"picked":"Disarm"},{"not_picked":["Sever Soul","Disarm"],"picked":"Perfected Strike"},{"not_picked":["Havoc","Entrench"],"picked":"Whirlwind"},{"not_picked":["Juggernaut","Iron Wave"],"picked":"Rage"},{"not_picked":["Thunderclap","Perfected Strike","Dropkick"],"picked":"True Grit"},{"not_picked":["Ghostly Armor","Twin Strike","Blood for Blood"],"picked":"Clothesline"},{"not_picked":["Sword Boomerang","Armaments","Infernal Blade"],"picked":"Flame Barrier"},{"not_picked":["Intimidate","Clash","Fire Breathing"],"picked":"Metallicize"},{"not_picked":["Clothesline","Corruption","Clash"],"picked":"Limit Break"},{"not_picked":["Heavy Blade","Carnage","Sever Soul"],"picked":"Shrug It Off"}],"player_experience":638527,"potions_floor_usage":[7,12,16],"damage_taken":[{"damage":4,"enemies":"Small Slimes","floor":1,"turns":3},{"damage":3,"enemies":"Jaw Worm","floor":3,"turns":4},{"damage":6,"enemies":"Blue Slaver","floor":5,"turns":3},{"damage":7,"enemies":"3 Sentries","floor":7,"turns":6},{"damage":0,"enemies":"2 Fungi Beasts","floor":10,"turns":2},{"damage":14,"enemies":"Gremlin Nob","floor":12,"turns":3},{"damage":27,"enemies":"The Guardian","floor":16,"turns":8},{"damage":6,"enemies":"Spheric Guardian","floor":18,"turns":4},{"damage":0,"enemies":"Shell Parasite","floor":19,"turns":4},{"damage":45,"enemies":"Gremlin Leader","floor":24,"turns":4},{"damage":6,"enemies":"Centurion and Healer","floor":25,"turns":6},{"damage":0,"enemies":"Snecko","floor":27,"turns":3},{"damage":63,"enemies":"Champ","floor":33,"turns":9},{"damage":24,"enemies":"3 Shapes","floor":35,"turns":6},{"damage":0,"enemies":"Orb Walker","floor":36,"turns":3},{"damage":18,"enemies":"Sphere and 2 Shapes","floor":39,"turns":7},{"damage":5,"enemies":"3 Darklings","floor":41,"turns":3},{"damage":6,"enemies":"Maw","floor":45,"turns":6},{"damage":25,"enemies":"4 Shapes","floor":47,"turns":10},{"damage":37,"enemies":"Sphere and 2 Shapes","floor":48,"turns":4},{"damage":21,"enemies":"Awakened One","floor":50,"turns":14}],"event_choices":[{"event_name":"Living Wall","player_choice":"Forget","floor":2,"damage_taken":0},{"event_name":"Upgrade Shrine","player_choice":"Upgraded","floor":4,"damage_taken":0},{"event_name":"Scrap Ooze","player_choice":"success","floor":14,"damage_taken":3},{"event_name":"Cursed Tome","player_choice":"Obtained Book","floor":20,"damage_taken":0},{"event_name":"Drug Dealer","player_choice":"Ignored","floor":21,"damage_taken":0},{"event_name":"Addict","player_choice":"Obtained Relic","floor":29,"damage_taken":0},{"event_name":"Knowing Skull","player_choice":"","floor":31,"damage_taken":0},{"event_name":"Mysterious Sphere","player_choice":"Ignore","floor":46,"damage_taken":0}],"boss_relics":[{"not_picked":["Philosopher\u0027s Stone","Snecko Eye"],"picked":"Sozu"},{"not_picked":["Runic Dome","Mark of Pain"],"picked":"Question Card"}],"potions_floor_spawned":[1,3,10,16,18,19,25,35,36,47],"seed_played":"-2360690865020000330","ascension_level":0,"is_trial":false}