{"path_per_floor":["M","$","?","M","?","E","R","?","T","M","R","$","M","M","R","B",null,"M","M","$","$","T","R","?","M","T","?","?","$","M","M","R"],"character_chosen":"IRONCLAD","items_purchased":["Flash of Steel","Armaments","Flex"],"gold_per_floor":[116,41,41,61,61,96,96,96,96,112,112,14,39,54,54,182,182,206,224,224,79,160,160,160,177,177,177,92,38,55,74,74],"floor_reached":33,"campfire_rested":0,"playtime":1982,"current_hp_per_floor":[80,80,80,80,60,66,66,66,66,68,68,68,71,71,71,52,80,83,83,83,83,83,83,83,80,80,80,80,80,86,86,86],"items_purged":["Strike_R","Strike_R"],"gold":74,"play_id":"ec89f871-3d6b-470c-bd67-c5f81143c105","is_prod":false,"is_daily":false,"is_ascension_mode":false,"campfire_upgraded":5,"path_taken":["M","$","?","M","?","E","R","?","T","M","R","?","M","M","R","BOSS","M","?","?","$","?","R","?","?","T","?","?","$","M","M","R","BOSS"],"build_version":"2018-01-25-PROD3","purchased_purges":3,"victory":false,"master_deck":["Strike_R","Strike_R","Defend_R","Defend_R","Defend_R","Bash","Spot Weakness+1","Iron Wave","Pommel Strike+1","Flash of Steel","Iron Wave+1","Heavy Blade+1","Feed","Twin Strike","Headbutt+1","Armaments+1","Seeing Red+1","Flex","Limit Break"],"max_hp_per_floor":[80,80,80,80,80,80,80,80,80,80,80,80,80,80,80,80,80,83,83,83,83,83,83,83,86,86,86,86,86,86,86,86],"relics":["Black Blood","NeowsBlessing","Bloody Idol","Unceasing Top","Calipers","Bottled Lightning","Magic Flower","Smiling Mask"],"card_choices":[{"not_picked":["Thunderclap","Twin Strike"],"picked":"Spot Weakness"},{"not_picked":["Thunderclap","Shockwave"],"picked":"Iron Wave"},{"not_picked":["Clothesline","Iron Wave"],"picked":"Pommel Strike"},{"not_picked":["Perfected Strike","Warcry"],"picked":"Iron Wave"},{"not_picked":["Sentinel","Blood for Blood"],"picked":"Heavy Blade"},{"not_picked":["Berserk","Brutality"],"picked":"Feed"},{"not_picked":["Shrug It Off","Cleave"],"picked":"Twin Strike"},{"not_picked":["Havoc","Blood for Blood"],"picked":"Headbutt"},{"not_picked":["Rage","Sever Soul"],"picked":"Seeing Red"},{"not_picked":["Perfected Strike","Thunderclap"],"picked":"Limit Break"}],"player_experience":595421,"potions_floor_usage":[16,30,31,31,33],"damage_taken":[{"damage":0,"enemies":"Small Slimes","floor":1,"turns":1},{"damage":0,"enemies":"2 Louse","floor":4,"turns":1},{"damage":0,"enemies":"Lagavulin","floor":6,"turns":1},{"damage":4,"enemies":"Blue Slaver","floor":10,"turns":3},{"damage":3,"enemies":"3 Louse","floor":13,"turns":2},{"damage":6,"enemies":"Red Slaver","floor":14,"turns":4},{"damage":25,"enemies":"Slime Boss","floor":16,"turns":7},{"damage":10,"enemies":"3 Byrds","floor":18,"turns":6},{"damage":9,"enemies":"Shell Parasite","floor":19,"turns":5},{"damage":21,"enemies":"Centurion and Healer","floor":25,"turns":6},{"damage":4,"enemies":"Snake Plant","floor":30,"turns":2},{"damage":20,"enemies":"Sentry and Sphere","floor":31,"turns":4},{"damage":81,"enemies":"Collector","floor":33,"turns":7}],"event_choices":[{"event_name":"Living Wall","player_choice":"Forget","floor":3,"damage_taken":0},{"event_name":"Golden Idol","player_choice":"Take Damage","floor":5,"damage_taken":0},{"event_name":"Wheel of Change","player_choice":"Card Removal","floor":8,"damage_taken":0},{"event_name":"Forgotten Altar","player_choice":"Gave Idol","floor":24,"damage_taken":0},{"event_name":"The Lab","player_choice":"Got Potions","floor":27,"damage_taken":0},{"event_name":"Addict","player_choice":"Obtained Relic","floor":28,"damage_taken":0}],"boss_relics":[{"not_picked":["White Beast Statue","Runic Dome"],"picked":"Black Blood"}],"potions_floor_spawned":[1,13,19,30,31],"seed_played":"334428194355794166","killed_by":"Collector","ascension_level":0,"is_trial":false}