{"path_per_floor":["M","?","M","?","$","R","E","M","T","M","$","?","M","E","R","B",null,"M","M","$","?","M","R","?","R","T","?","$","M","R","M","R","B",null,"M","?","M","M","M","R","?","M","T","M","M","M","M","M","R","B"],"character_chosen":"IRONCLAD","items_purchased":["Shrug It Off","Flex","Vajra","Metallicize","Whirlwind"],"gold_per_floor":[213,388,406,406,226,226,261,279,327,343,18,18,28,60,60,156,156,176,190,109,109,126,126,126,126,126,126,1,12,12,28,28,131,131,142,142,155,168,187,187,187,207,231,249,263,274,288,300,300,300],"floor_reached":51,"campfire_rested":0,"playtime":3854,"current_hp_per_floor":[78,78,80,80,80,80,60,64,64,72,72,60,68,66,66,49,80,80,80,80,80,80,80,80,80,80,65,65,69,69,77,77,81,85,80,80,78,80,77,77,77,85,85,85,82,85,83,85,85,32],"items_purged":["Defend_R","Strike_R","Decay"],"gold":300,"play_id":"e6f7d8f2-21d8-460e-b518-88f1ac4215f5","is_prod":false,"is_daily":false,"is_ascension_mode":false,"campfire_upgraded":8,"path_taken":["M","?","M","?","$","R","E","M","T","?","$","?","M","E","R","BOSS","M","M","$","?","M","R","?","R","T","?","$","M","R","?","R","BOSS","M","?","?","?","M","R","?","M","T","M","M","M","M","M","R","BOSS"],"build_version":"2018-01-25-PROD3","purchased_purges":3,"victory":true,"master_deck":["Strike_R","Strike_R","Defend_R","Defend_R","Defend_R","Bash","Clothesline","Flame Barrier+1","Shrug It Off+1","Flex+1","Seeing Red","Pommel Strike+1","Headbutt","Metallicize+1","Impervious","Offering","Wild Strike+1","Armaments+1","Whirlwind+1","Demon Form+1","Intimidate+1","Pummel","Twin Strike+1","Metallicize+1","Clumsy","Evolve+1"],"max_hp_per_floor":[80,80,80,80,80,80,80,80,80,80,80,80,80,80,80,80,80,80,80,80,80,80,80,80,80,80,85,85,85,85,85,85,85,85,85,85,85,85,85,85,85,85,85,85,85,85,85,85,85,85],"relics":["Burning Blood","Regal Pillow","Blood Vial","Vajra","Du-Vu Doll","Mercury Hourglass","Cursed Key","Prayer Wheel","Calipers","Ancient Tea Set","Sozu","Omamori"],"card_choices":[{"not_picked":["Searing Blow","Corruption"],"picked":"Clothesline"},{"not_picked":["Perfected Strike","Whirlwind"],"picked":"Flame Barrier"},{"not_picked":["True Grit","Thunderclap"],"picked":"Seeing Red"},{"not_picked":["Wild Strike","Clothesline"],"picked":"Pommel Strike"},{"not_picked":["Pommel Strike","Armaments"],"picked":"Headbutt"},{"not_picked":["True Grit","Iron Wave"],"picked":"Impervious"},{"not_picked":["Dark Embrace","Fiend Fire"],"picked":"Offering"},{"not_picked":["Clothesline","Anger"],"picked":"Wild Strike"},{"not_picked":["Rage","Anger"],"picked":"Armaments"},{"not_picked":["Dropkick","Feel No Pain"],"picked":"Demon Form"},{"not_picked":["Cleave","True Grit"],"picked":"Intimidate"},{"not_picked":["Body Slam","Havoc"],"picked":"Pummel"},{"not_picked":["Wild Strike","Evolve"],"picked":"Twin Strike"},{"not_picked":["Dropkick","Rampage"],"picked":"Metallicize"},{"not_picked":["Second Wind","Perfected Strike"],"picked":"Evolve"}],"player_experience":634673,"potions_floor_usage":[14,16,33,33],"damage_taken":[{"damage":8,"enemies":"Cultist","floor":1,"turns":6},{"damage":3,"enemies":"2 Louse","floor":3,"turns":3},{"damage":26,"enemies":"Gremlin Nob","floor":7,"turns":5},{"damage":2,"enemies":"Small Slimes","floor":8,"turns":3},{"damage":0,"enemies":"Red Slaver","floor":10,"turns":3},{"damage":0,"enemies":"Large Slime","floor":13,"turns":4},{"damage":10,"enemies":"Lagavulin","floor":14,"turns":5},{"damage":25,"enemies":"Hexaghost","floor":16,"turns":9},{"damage":0,"enemies":"3 Byrds","floor":18,"turns":2},{"damage":5,"enemies":"Spheric Guardian","floor":19,"turns":3},{"damage":0,"enemies":"Snake Plant","floor":22,"turns":3},{"damage":4,"enemies":"Centurion and Healer","floor":29,"turns":4},{"damage":0,"enemies":"Sentry and Sphere","floor":31,"turns":3},{"damage":4,"enemies":"Automaton","floor":33,"turns":6},{"damage":11,"enemies":"3 Shapes","floor":35,"turns":2},{"damage":10,"enemies":"Orb Walker","floor":37,"turns":2},{"damage":6,"enemies":"4 Shapes","floor":38,"turns":4},{"damage":11,"enemies":"3 Darklings","floor":39,"turns":4},{"damage":0,"enemies":"Sphere and 2 Shapes","floor":42,"turns":2},{"damage":4,"enemies":"4 Shapes","floor":44,"turns":5},{"damage":9,"enemies":"3 Darklings","floor":45,"turns":3},{"damage":5,"enemies":"Maw","floor":46,"turns":6},{"damage":8,"enemies":"Sphere and 2 Shapes","floor":47,"turns":3},{"damage":4,"enemies":"3 Darklings","floor":48,"turns":4},{"damage":59,"enemies":"Time Eater","floor":50,"turns":11}],"event_choices":[{"event_name":"Liars Game","player_choice":"agreed","floor":2,"damage_taken":0},{"event_name":"Fountain of Cleansing","player_choice":"Removed Curse","floor":4,"damage_taken":0},{"event_name":"Scrap Ooze","player_choice":"success","floor":12,"damage_taken":12},{"event_name":"Accursed Blacksmith","player_choice":"Rummage","floor":21,"damage_taken":0},{"event_name":"Wheel of Change","player_choice":"Relic","floor":24,"damage_taken":0},{"event_name":"Forgotten Altar","player_choice":"Shed Blood","floor":27,"damage_taken":0},{"event_name":"Purifier","player_choice":"One Purge","floor":36,"damage_taken":0},{"event_name":"Bonfire Elementals","player_choice":"BASIC","floor":41,"damage_taken":0}],"boss_relics":[{"not_picked":["Black Blood","Ectoplasm"],"picked":"Cursed Key"},{"not_picked":["White Beast Statue","Runic Dome"],"picked":"Sozu"}],"potions_floor_spawned":[3,10,13,14,18,33,38,42,45,47,48],"seed_played":"-8266821487462765758","ascension_level":0,"is_trial":false}