{"path_per_floor":["M","?","M","$","M","R","?","M","T","E","?","$","R","?","R","B",null,"M","M","?","?","$","R","M","R","T","R","$","R","M","M","R","B",null,"M","M","?","M","M","R","M","R","T","M","R","M","$","?","R"],"character_chosen":"IRONCLAD","items_purchased":["Battle Trance","Inflame"],"gold_per_floor":[116,116,135,60,73,73,73,83,132,165,165,28,28,28,28,132,132,144,163,163,113,80,80,95,95,95,95,95,95,109,125,125,224,224,238,252,252,269,279,279,295,295,295,312,312,325,200,200,200],"floor_reached":50,"campfire_rested":1,"playtime":3573,"current_hp_per_floor":[80,62,66,66,70,70,70,66,66,38,38,38,62,62,62,49,80,74,71,71,71,71,71,75,75,81,81,81,81,83,86,86,61,86,77,83,83,79,80,80,82,82,88,80,80,76,76,98,98],"items_purged":["Strike_R","Strike_R","Strike_R"],"gold":200,"play_id":"cf4aa115-50c2-4422-aaef-218f51b3a31a","is_prod":false,"is_daily":false,"is_ascension_mode":false,"campfire_upgraded":11,"path_taken":["M","?","M","$","M","R","?","M","T","E","?","$","R","?","R","BOSS","M","M","?","?","$","R","?","R","T","R","?","R","M","M","R","BOSS","M","M","?","M","M","R","M","R","T","M","R","M","$","?","R","BOSS"],"build_version":"2018-01-25-PROD3","purchased_purges":4,"victory":false,"master_deck":["Strike_R","Strike_R","Defend_R","Defend_R","Defend_R","Defend_R","Bash","Reaper","Pommel Strike+1","Seeing Red","Searing Blow+4","Double Tap+1","Shockwave+1","Armaments+1","Hemokinesis+1","Battle Trance","Impervious+1","Thunderclap+1","Writhe","Spot Weakness","Shrug It Off+1","Iron Wave+1","Flame Barrier+1","Injury","Reaper","Writhe"],"max_hp_per_floor":[80,80,80,80,80,80,80,80,80,80,80,80,80,80,80,80,80,80,80,80,80,80,80,80,80,86,86,86,86,86,86,86,86,86,86,86,86,86,86,86,86,86,92,92,92,92,92,98,98],"relics":["Burning Blood","Darkstone Periapt","Vajra","Kunai","Cursed Key","Anchor","Red Skull","Blue Candle"],"card_choices":[{"not_picked":["Clash","Body Slam"],"picked":"Pommel Strike"},{"not_picked":["Blood for Blood","Intimidate"],"picked":"Seeing Red"},{"not_picked":["True Grit","Anger"],"picked":"Searing Blow"},{"not_picked":["Intimidate","Double Tap"],"picked":"Armaments"},{"not_picked":["Twin Strike","Dropkick"],"picked":"Hemokinesis"},{"not_picked":["Berserk","Immolate"],"picked":"Impervious"},{"not_picked":["Dual Wield","Entrench"],"picked":"Thunderclap"},{"not_picked":["Flex","Iron Wave"],"picked":"Spot Weakness"},{"not_picked":["Blood for Blood","Twin Strike"],"picked":"Shrug It Off"},{"not_picked":["True Grit","Twin Strike"],"picked":"Iron Wave"},{"not_picked":["Hemokinesis","Havoc"],"picked":"Flame Barrier"},{"not_picked":["Burning Pact","Clothesline"],"picked":"Reaper"}],"player_experience":620798,"potions_floor_usage":[5,10,16,19,24,33,38,46],"damage_taken":[{"damage":5,"enemies":"Cultist","floor":1,"turns":4},{"damage":10,"enemies":"2 Louse","floor":3,"turns":2},{"damage":2,"enemies":"Blue Slaver","floor":5,"turns":2},{"damage":10,"enemies":"Looter","floor":8,"turns":2},{"damage":46,"enemies":"Gremlin Nob","floor":10,"turns":5},{"damage":29,"enemies":"The Guardian","floor":16,"turns":11},{"damage":12,"enemies":"Chosen","floor":18,"turns":4},{"damage":16,"enemies":"Spheric Guardian","floor":19,"turns":4},{"damage":11,"enemies":"Snake Plant","floor":24,"turns":4},{"damage":4,"enemies":"3 Cultists","floor":30,"turns":5},{"damage":16,"enemies":"Slaver and Parasite","floor":31,"turns":5},{"damage":49,"enemies":"Collector","floor":33,"turns":10},{"damage":23,"enemies":"3 Shapes","floor":35,"turns":5},{"damage":0,"enemies":"Orb Walker","floor":36,"turns":3},{"damage":10,"enemies":"4 Shapes","floor":38,"turns":6},{"damage":5,"enemies":"Maw","floor":39,"turns":8},{"damage":4,"enemies":"3 Darklings","floor":41,"turns":4},{"damage":26,"enemies":"4 Shapes","floor":44,"turns":9},{"damage":28,"enemies":"Maw","floor":46,"turns":8},{"damage":121,"enemies":"Donu and Deca","floor":50,"turns":7}],"event_choices":[{"event_name":"Scrap Ooze","player_choice":"success","floor":2,"damage_taken":18},{"event_name":"Match and Keep!","player_choice":"2 cards matched","floor":7,"damage_taken":0},{"event_name":"Golden Idol","player_choice":"Ignored","floor":11,"damage_taken":0},{"event_name":"The Cleric","player_choice":"Leave","floor":14,"damage_taken":0},{"event_name":"Accursed Blacksmith","player_choice":"Rummage","floor":20,"damage_taken":0},{"event_name":"The Joust","player_choice":"Bet on Murderer","floor":21,"damage_taken":0},{"event_name":"Winding Halls","player_choice":"Writhe","floor":48,"damage_taken":0}],"boss_relics":[{"not_picked":["White Beast Statue","Snecko Eye"],"picked":"Cursed Key"},{"not_picked":["Mark of Pain","Velvet Choker","Pandora\u0027s Box"]}],"potions_floor_spawned":[3,8,10,16,18,31,33,35,46],"seed_played":"-3114024843221721742","killed_by":"Donu and Deca","ascension_level":0,"is_trial":false}