{"path_per_floor":["M","M","M","$","M","R","M","M","T","R","E","M","R","$","R","B",null,"M","$","M","M","M","R","E","?","T","M","R","M","M","M","R","B",null,"M","M","?","$","M","R","M","$","T","R","M","?","?","M","R","B"],"character_chosen":"IRONCLAD","items_purchased":["Metallicize","Reaper"],"gold_per_floor":[117,137,149,74,89,89,104,121,121,121,156,167,167,29,29,132,132,149,24,41,61,72,72,97,12,12,28,28,42,61,81,81,179,179,199,216,216,66,82,82,95,22,22,22,37,137,137,154,154,154],"floor_reached":51,"campfire_rested":2,"playtime":5403,"current_hp_per_floor":[73,79,80,77,77,77,73,77,77,77,64,45,45,45,69,33,80,77,77,80,71,69,69,46,56,56,62,62,87,86,90,90,40,90,86,90,90,90,43,70,71,71,71,71,81,81,81,93,93,56],"items_purged":["Parasite","Defend_R","Strike_R","Injury"],"gold":154,"play_id":"34402542-a4f3-42f1-b159-1f4bdbd4f716","is_prod":false,"is_daily":false,"is_ascension_mode":false,"campfire_upgraded":6,"path_taken":["M","M","?","$","M","R","M","M","T","R","E","M","R","$","R","BOSS","M","$","?","M","M","R","E","?","T","M","R","M","?","M","R","BOSS","M","?","?","?","?","R","M","$","T","R","M","?","?","?","R","BOSS"],"build_version":"2018-01-25-PROD3","purchased_purges":4,"victory":true,"master_deck":["Strike_R","Strike_R","Strike_R","Strike_R","Defend_R","Defend_R","Defend_R","Bash","Infernal Blade+1","Feel No Pain+1","Flex+1","Sword Boomerang+1","Shrug It Off","Warcry+1","Exhume","Clothesline","Metallicize+1","Reaper","Shrug It Off","Pummel+1","Burning Pact","Double Tap+1","Flame Barrier","Armaments+1","Reaper","Pain"],"max_hp_per_floor":[80,80,80,77,77,77,77,77,77,77,77,80,80,80,80,80,80,80,80,80,80,80,80,80,90,90,90,90,90,90,90,90,90,90,90,90,90,90,90,90,90,90,90,90,93,93,93,93,93,93],"relics":["Burning Blood","Dead Branch","Shovel","Kunai","Champion Belt","Cursed Key","Toxic Egg","Pear","Charon\u0027s Ashes","Sozu","Thread and Needle","Dream Catcher"],"card_choices":[{"not_picked":["Havoc","Burning Pact"],"picked":"Infernal Blade"},{"not_picked":["Uppercut","Immolate"],"picked":"Feel No Pain"},{"not_picked":["Rupture","Sword Boomerang"],"picked":"Flex"},{"not_picked":["Thunderclap","Iron Wave"],"picked":"Sword Boomerang"},{"not_picked":["Clothesline","Anger"],"picked":"Shrug It Off"},{"not_picked":["Sword Boomerang","Anger"],"picked":"Warcry"},{"not_picked":["Sword Boomerang","Inflame"],"picked":"Exhume"},{"not_picked":["Rage","Warcry"],"picked":"Clothesline"},{"not_picked":["Immolate","Berserk"],"picked":"Reaper"},{"not_picked":["Clothesline","Anger"],"picked":"Shrug It Off"},{"not_picked":["Havoc","Ghostly Armor"],"picked":"Pummel"},{"not_picked":["Heavy Blade","Sword Boomerang"],"picked":"Burning Pact"},{"not_picked":["Demon Form","Brutality"],"picked":"Double Tap"},{"not_picked":["Rampage","Shrug It Off"],"picked":"Flame Barrier"},{"not_picked":["Iron Wave","Cleave"],"picked":"Armaments"}],"player_experience":590018,"potions_floor_usage":[8,8,11,18,24,24,31,33],"damage_taken":[{"damage":13,"enemies":"Blue Slaver","floor":1,"turns":6},{"damage":0,"enemies":"Small Slimes","floor":2,"turns":4},{"damage":3,"enemies":"Jaw Worm","floor":3,"turns":5},{"damage":1,"enemies":"Exordium Thugs","floor":5,"turns":4},{"damage":10,"enemies":"Lots of Slimes","floor":7,"turns":4},{"damage":0,"enemies":"Gremlin Gang","floor":8,"turns":4},{"damage":19,"enemies":"3 Sentries","floor":11,"turns":7},{"damage":28,"enemies":"Exordium Thugs","floor":12,"turns":6},{"damage":42,"enemies":"The Guardian","floor":16,"turns":15},{"damage":9,"enemies":"Spheric Guardian","floor":18,"turns":8},{"damage":7,"enemies":"Shell Parasite","floor":20,"turns":6},{"damage":15,"enemies":"Snake Plant","floor":21,"turns":3},{"damage":8,"enemies":"Snecko","floor":22,"turns":5},{"damage":37,"enemies":"Gremlin Leader","floor":24,"turns":7},{"damage":4,"enemies":"Centurion and Healer","floor":27,"turns":5},{"damage":0,"enemies":"3 Cultists","floor":29,"turns":4},{"damage":14,"enemies":"Snecko","floor":30,"turns":5},{"damage":0,"enemies":"Snake Plant","floor":31,"turns":2},{"damage":70,"enemies":"Collector","floor":33,"turns":11},{"damage":10,"enemies":"3 Shapes","floor":35,"turns":4},{"damage":0,"enemies":"Orb Walker","floor":36,"turns":2},{"damage":59,"enemies":"Maw","floor":39,"turns":10},{"damage":37,"enemies":"3 Darklings","floor":41,"turns":4},{"damage":29,"enemies":"4 Shapes","floor":45,"turns":4},{"damage":7,"enemies":"Maw","floor":48,"turns":8},{"damage":55,"enemies":"Time Eater","floor":50,"turns":17}],"event_choices":[{"event_name":"Addict","player_choice":"Obtained Relic","floor":25,"damage_taken":0},{"event_name":"Tomb of Lord Red Mask","player_choice":"Ignored","floor":37,"damage_taken":0},{"event_name":"Golden Shrine","player_choice":"Pray","floor":46,"damage_taken":0},{"event_name":"Mysterious Sphere","player_choice":"Ignore","floor":47,"damage_taken":0}],"boss_relics":[{"not_picked":["Mark of Pain","Astrolabe"],"picked":"Cursed Key"},{"not_picked":["Snecko Eye","Black Star"],"picked":"Sozu"}],"potions_floor_spawned":[3,5,7,12,16,18,22,24,27,36,48],"seed_played":"-7145514545680156047","ascension_level":0,"is_trial":false}