{"path_per_floor":["M","M","M","$","?","R","?","R","T","E","M","T","?","M","R","B",null,"M","M","$","M","M","E","R","M","T","R","?","M","$","?","R"],"character_chosen":"IRONCLAD","items_purchased":["Iron Wave","True Grit","Iron Wave","Apotheosis"],"gold_per_floor":[116,135,152,29,29,29,29,29,29,55,65,65,65,84,84,179,179,192,202,24,37,51,83,83,95,175,175,225,237,59,59,59],"floor_reached":33,"campfire_rested":4,"playtime":1549,"current_hp_per_floor":[78,80,70,70,63,63,63,80,80,60,63,63,63,71,71,23,80,67,61,61,36,33,19,43,41,41,65,65,36,36,36,60],"items_purged":["Berserk","Strike_R"],"gold":59,"score":267,"play_id":"bd8693c4-ae43-4f1b-90ad-ee7984c04378","is_prod":false,"is_daily":false,"is_ascension_mode":false,"campfire_upgraded":2,"path_taken":["M","M","M","$","?","R","?","R","T","E","M","?","?","M","R","BOSS","M","M","$","M","M","E","R","M","T","R","?","M","$","?","R","BOSS"],"build_version":"2018-02-08-PROD1","purchased_purges":2,"victory":false,"master_deck":["Strike_R","Strike_R","Strike_R","Defend_R","Defend_R","Defend_R","Defend_R","Bash+1","Sword Boomerang+1","Twin Strike","Iron Wave+1","Cleave+1","Warcry","Offering","Infernal Blade+1","True Grit","Iron Wave+1","Metallicize","Disarm+1","Inflame","Injury","True Grit+1","Apotheosis+1","Decay"],"max_hp_per_floor":[80,80,80,80,80,80,80,80,80,80,80,80,80,80,80,80,80,80,80,80,80,80,80,80,80,80,80,80,80,80,80,80],"relics":["Burning Blood","Bag of Marbles","Blood Vial","Molten Egg 2","Juzu Bracelet","Cursed Key","Orichalcum","Toxic Egg 2"],"card_choices":[{"not_picked":["Ghostly Armor","Heavy Blade"],"picked":"Sword Boomerang"},{"not_picked":["Shockwave","Headbutt"],"picked":"Twin Strike"},{"not_picked":["Wild Strike","Perfected Strike"],"picked":"Cleave"},{"not_picked":["Headbutt","Twin Strike"],"picked":"Warcry"},{"not_picked":["Barricade","Immolate"],"picked":"Offering"},{"not_picked":["Pummel","Havoc"],"picked":"Infernal Blade"},{"not_picked":["Uppercut","Bloodletting"],"picked":"Metallicize"},{"not_picked":["Carnage","Perfected Strike"],"picked":"Disarm"},{"not_picked":["Dropkick","Pommel Strike"],"picked":"Inflame"},{"not_picked":["Body Slam","Sever Soul"],"picked":"True Grit"}],"player_experience":715923,"potions_floor_usage":[10,16,18,23,25],"damage_taken":[{"damage":8,"enemies":"Cultist","floor":1,"turns":5},{"damage":1,"enemies":"Jaw Worm","floor":2,"turns":3},{"damage":16,"enemies":"Blue Slaver","floor":3,"turns":5},{"damage":26,"enemies":"Lagavulin","floor":10,"turns":5},{"damage":5,"enemies":"Looter","floor":11,"turns":3},{"damage":0,"enemies":"2 Fungi Beasts","floor":14,"turns":2},{"damage":56,"enemies":"The Guardian","floor":16,"turns":12},{"damage":19,"enemies":"Spheric Guardian","floor":18,"turns":5},{"damage":14,"enemies":"Chosen","floor":19,"turns":2},{"damage":33,"enemies":"Centurion and Healer","floor":21,"turns":6},{"damage":11,"enemies":"3 Cultists","floor":22,"turns":5},{"damage":22,"enemies":"Slavers","floor":23,"turns":7},{"damage":10,"enemies":"Snecko","floor":25,"turns":4},{"damage":37,"enemies":"Slaver and Parasite","floor":29,"turns":8},{"damage":55,"enemies":"Collector","floor":33,"turns":13}],"event_choices":[{"event_name":"Golden Wing","player_choice":"Card Removal","floor":5,"damage_taken":0},{"event_name":"Wheel of Change","player_choice":"Relic","floor":7,"damage_taken":0},{"event_name":"Accursed Blacksmith","player_choice":"Forge","floor":13,"damage_taken":0},{"event_name":"The Joust","player_choice":"Bet on Murderer","floor":28,"damage_taken":0},{"event_name":"Forgotten Altar","player_choice":"Smashed Altar","floor":31,"damage_taken":0}],"boss_relics":[{"not_picked":["Ectoplasm","Black Blood"],"picked":"Cursed Key"}],"potions_floor_spawned":[3,10,11,22,23],"seed_played":"-189694828158273760","killed_by":"Collector","ascension_level":0,"is_trial":false}