{"path_per_floor":["M","$","T","?","M","R","$","M","T","R","E","M","E","M","R","B",null,"M","M","$","?","?","R","M","T","T","R","$","M","T","M","R","B",null,"M","?","?","$","M","R","M","M","T","R","M","?","M","M","R","B"],"character_chosen":"IRONCLAD","items_purchased":["Metallicize","Armaments","Pen Nib","Armaments"],"gold_per_floor":[109,39,113,113,125,125,2,15,38,38,67,78,136,148,148,251,251,261,274,18,18,118,118,130,212,237,237,63,79,79,92,92,197,197,215,215,215,65,83,83,102,120,174,174,192,192,211,228,228,228],"floor_reached":51,"campfire_rested":3,"playtime":7324,"current_hp_per_floor":[74,74,84,84,86,86,86,90,90,90,80,85,63,60,87,71,90,72,73,73,73,73,73,56,56,56,83,83,87,87,83,83,50,90,90,90,79,79,62,70,62,87,87,93,81,81,76,71,101,48],"items_purged":["Defend_R","Strike_R","Strike_R","Defend_R"],"gold":228,"score":509,"play_id":"b36a7718-060b-45cd-8aa1-6b002c9d3244","is_prod":false,"is_daily":false,"is_ascension_mode":false,"campfire_upgraded":6,"path_taken":["M","?","?","?","M","R","$","M","T","R","E","?","E","M","R","BOSS","M","M","$","?","?","R","M","?","T","R","?","M","?","M","R","BOSS","M","?","?","$","M","R","M","M","T","R","M","?","M","M","R","BOSS"],"build_version":"2018-02-08-PROD1","purchased_purges":4,"victory":true,"master_deck":["Strike_R","Strike_R","Defend_R","Bash","Combust","Blood for Blood","Metallicize+1","Infernal Blade+1","Shrug It Off","Armaments+1","Flex","Cleave","Pommel Strike+1","Shrug It Off","Iron Wave","Demon Form+1","Battle Trance","Intimidate","Sword Boomerang","Armaments+1","Limit Break","Feed","Madness","Madness","Offering","Warcry+1","Metallicize","Heavy Blade","Shrug It Off+1"],"max_hp_per_floor":[80,80,90,90,90,90,90,90,90,90,90,90,90,90,90,90,90,90,90,90,90,90,90,90,90,90,90,90,90,90,90,90,90,90,90,90,90,90,90,90,90,93,93,93,97,97,97,101,101,101],"relics":["Burning Blood","Bag of Marbles","Prayer Wheel","Tiny Chest","Sozu","Pen Nib","Nloth\u0027s Gift","Self Forming Clay","Anchor","Bronze Scales","Eternal Feather","Regal Pillow"],"card_choices":[{"not_picked":["Wild Strike","Heavy Blade"],"picked":"Blood for Blood"},{"not_picked":["Fire Breathing","Sword Boomerang"],"picked":"Shrug It Off"},{"not_picked":["Body Slam","Dual Wield"],"picked":"Flex"},{"not_picked":["Rage","Feel No Pain"],"picked":"Cleave"},{"not_picked":["Wild Strike","Shockwave"],"picked":"Pommel Strike"},{"not_picked":["Armaments","Berserk"],"picked":"Shrug It Off"},{"not_picked":["Pommel Strike","Headbutt"],"picked":"Iron Wave"},{"not_picked":["Exhume","Brutality"],"picked":"Demon Form"},{"not_picked":["Twin Strike","Rampage"],"picked":"Battle Trance"},{"not_picked":["Bloodletting","Pummel"],"picked":"Intimidate"},{"not_picked":["Anger","Berserk"],"picked":"Sword Boomerang"},{"not_picked":["Twin Strike","Pommel Strike"],"picked":"Limit Break"},{"not_picked":["Double Tap","Limit Break"],"picked":"Feed"},{"not_picked":["Heavy Blade","Wild Strike"],"picked":"Offering"},{"not_picked":["Havoc","Armaments"],"picked":"Warcry"},{"not_picked":["Sword Boomerang","Rupture"],"picked":"Metallicize"},{"not_picked":["Whirlwind","Wild Strike"],"picked":"Heavy Blade"},{"not_picked":["Intimidate","Reckless Charge"],"picked":"Shrug It Off"}],"player_experience":717472,"potions_floor_usage":[13],"damage_taken":[{"damage":12,"enemies":"Blue Slaver","floor":1,"turns":5},{"damage":4,"enemies":"Cultist","floor":5,"turns":4},{"damage":1,"enemies":"Jaw Worm","floor":8,"turns":4},{"damage":16,"enemies":"3 Sentries","floor":11,"turns":5},{"damage":1,"enemies":"2 Fungi Beasts","floor":12,"turns":2},{"damage":28,"enemies":"Lagavulin","floor":13,"turns":4},{"damage":9,"enemies":"Red Slaver","floor":14,"turns":2},{"damage":22,"enemies":"The Guardian","floor":16,"turns":10},{"damage":24,"enemies":"2 Thieves","floor":18,"turns":4},{"damage":5,"enemies":"3 Byrds","floor":19,"turns":4},{"damage":23,"enemies":"Snecko","floor":24,"turns":5},{"damage":2,"enemies":"Snake Plant","floor":29,"turns":3},{"damage":10,"enemies":"Centurion and Healer","floor":31,"turns":4},{"damage":39,"enemies":"Automaton","floor":33,"turns":8},{"damage":4,"enemies":"Orb Walker","floor":35,"turns":3},{"damage":23,"enemies":"3 Darklings","floor":39,"turns":4},{"damage":14,"enemies":"Maw","floor":41,"turns":5},{"damage":8,"enemies":"4 Shapes","floor":42,"turns":4},{"damage":22,"enemies":"3 Darklings","floor":45,"turns":5},{"damage":11,"enemies":"Maw","floor":47,"turns":6},{"damage":15,"enemies":"4 Shapes","floor":48,"turns":5},{"damage":59,"enemies":"Time Eater","floor":50,"turns":10}],"event_choices":[{"event_name":"Living Wall","player_choice":"Change","floor":4,"damage_taken":0},{"event_name":"N\u0027loth","player_choice":"Traded a Pear","floor":21,"damage_taken":0},{"event_name":"Golden Shrine","player_choice":"Pray","floor":22,"damage_taken":0},{"event_name":"Tomb of Lord Red Mask","player_choice":"Ignored","floor":36,"damage_taken":0},{"event_name":"Winding Halls","player_choice":"Embrace Madness","floor":37,"damage_taken":0},{"event_name":"Transmorgrifier","player_choice":"Skipped","floor":46,"damage_taken":0}],"boss_relics":[{"not_picked":["Snecko Eye","Orrery"],"picked":"Sozu"},{"not_picked":["Runic Dome","Astrolabe"],"picked":"Eternal Feather"}],"potions_floor_spawned":[8,12,16,24,31,35,42,45,48],"seed_played":"1229711449810203871","ascension_level":0,"is_trial":false}