{"path_per_floor":["M","M","?","M","?","E","R","M","T","$","M","R","M","?","R","B",null,"M","M","$","M","M","E","R","M","T","M","R","$","M","M","R","B",null,"M","M","$","M","?","R","?","R","T","M","$","M","M","M","R"],"character_chosen":"IRONCLAD","items_purchased":["Metallicize","Pummel","Offering","Body Slam","Body Slam","Mummified Hand"],"gold_per_floor":[115,132,132,144,144,174,174,187,187,6,19,19,33,61,61,156,156,174,190,2,21,31,66,66,83,83,103,103,65,78,92,92,197,197,217,228,30,44,44,44,44,44,69,84,4,21,33,53,53],"floor_reached":50,"campfire_rested":3,"playtime":4522,"current_hp_per_floor":[80,80,80,80,73,26,50,40,40,40,43,43,40,46,70,50,80,80,80,80,80,77,54,80,80,80,80,80,80,80,80,80,41,80,80,75,75,70,70,80,80,80,80,84,84,84,72,84,84],"items_purged":["Strike_R","Strike_R"],"gold":53,"score":447,"play_id":"98fcc1ae-b0a3-4c0b-a988-01265b71d693","is_prod":false,"is_daily":false,"is_ascension_mode":false,"campfire_upgraded":6,"path_taken":["M","M","?","?","?","E","R","M","T","$","?","R","M","?","R","BOSS","M","M","$","M","M","E","R","M","T","M","R","$","M","M","R","BOSS","M","M","$","M","?","R","?","R","T","M","?","?","M","M","R","BOSS"],"build_version":"2018-02-12-PROD1","purchased_purges":3,"victory":false,"master_deck":["Strike_R","Strike_R","Defend_R","Defend_R","Defend_R","Bash","Juggernaut+1","Ghostly Armor","Shrug It Off","Battle Trance","Metallicize+1","Pummel","Shrug It Off","Cleave","Iron Wave","Twin Strike+1","Offering","Body Slam+1","Armaments+1","Iron Wave","Body Slam+1","Disarm+1","True Grit+1","Barricade+1","Iron Wave","Shrug It Off+1","Metallicize+1"],"max_hp_per_floor":[80,80,80,80,80,80,80,80,80,80,80,80,80,80,80,80,80,80,80,80,80,80,80,80,80,80,80,80,80,80,80,80,80,80,80,80,80,80,80,80,80,80,80,84,84,84,84,84,84],"relics":["Black Blood","Happy Flower","Dead Branch","Odd Mushroom","Eternal Feather","Bird Faced Urn","The Courier","Mummified Hand","Bronze Scales"],"card_choices":[{"not_picked":["Warcry","Dark Embrace"],"picked":"Ghostly Armor"},{"not_picked":["Havoc","Twin Strike"],"picked":"Shrug It Off"},{"not_picked":["Headbutt","Sword Boomerang"],"picked":"Battle Trance"},{"not_picked":["Battle Trance","Anger"],"picked":"Shrug It Off"},{"not_picked":["True Grit","Sentinel"],"picked":"Cleave"},{"not_picked":["Second Wind","Warcry"],"picked":"Iron Wave"},{"not_picked":["Second Wind","Headbutt"],"picked":"Twin Strike"},{"not_picked":["Dual Wield","Clothesline"],"picked":"Armaments"},{"not_picked":["Anger","Flex"],"picked":"Iron Wave"},{"not_picked":["Twin Strike","Searing Blow"],"picked":"Disarm"},{"not_picked":["Thunderclap","Clothesline"],"picked":"True Grit"},{"not_picked":["Demon Form","Double Tap"],"picked":"Barricade"},{"not_picked":["Heavy Blade","Perfected Strike"],"picked":"Iron Wave"},{"not_picked":["Body Slam","Pommel Strike"],"picked":"Shrug It Off"},{"not_picked":["Heavy Blade","Battle Trance"],"picked":"Metallicize"}],"player_experience":540695,"potions_floor_usage":[],"damage_taken":[{"damage":1.0,"enemies":"Cultist","floor":1.0,"turns":4.0},{"damage":5.0,"enemies":"Small Slimes","floor":2.0,"turns":4.0},{"damage":0.0,"enemies":"2 Louse","floor":4.0,"turns":3.0},{"damage":53.0,"enemies":"Gremlin Nob","floor":6.0,"turns":6.0},{"damage":16.0,"enemies":"Gremlin Gang","floor":8.0,"turns":7.0},{"damage":3.0,"enemies":"Exordium Thugs","floor":11.0,"turns":5.0},{"damage":9.0,"enemies":"Exordium Wildlife","floor":13.0,"turns":6.0},{"damage":0.0,"enemies":"The Mushroom Lair","floor":14.0,"turns":4.0},{"damage":26.0,"enemies":"Slime Boss","floor":16.0,"turns":8.0},{"damage":4.0,"enemies":"Spheric Guardian","floor":18.0,"turns":5.0},{"damage":1.0,"enemies":"Shell Parasite","floor":19.0,"turns":7.0},{"damage":6.0,"enemies":"Snake Plant","floor":21.0,"turns":5.0},{"damage":9.0,"enemies":"Slaver and Parasite","floor":22.0,"turns":7.0},{"damage":35.0,"enemies":"Book of Stabbing","floor":23.0,"turns":7.0},{"damage":4.0,"enemies":"Centurion and Healer","floor":25.0,"turns":5.0},{"damage":11.0,"enemies":"3 Cultists","floor":27.0,"turns":5.0},{"damage":6.0,"enemies":"Chosen and Byrds","floor":30.0,"turns":6.0},{"damage":8.0,"enemies":"Snake Plant","floor":31.0,"turns":5.0},{"damage":47.0,"enemies":"Champ","floor":33.0,"turns":13.0},{"damage":4.0,"enemies":"3 Shapes","floor":35.0,"turns":7.0},{"damage":19.0,"enemies":"Orb Walker","floor":36.0,"turns":5.0},{"damage":21.0,"enemies":"3 Darklings","floor":38.0,"turns":6.0},{"damage":8.0,"enemies":"4 Shapes","floor":44.0,"turns":5.0},{"damage":10.0,"enemies":"Maw","floor":46.0,"turns":7.0},{"damage":26.0,"enemies":"Sphere and 2 Shapes","floor":47.0,"turns":6.0},{"damage":4.0,"enemies":"3 Darklings","floor":48.0,"turns":4.0},{"damage":89,"enemies":"Donu and Deca","floor":50,"turns":8}],"event_choices":[{"event_name":"Liars Game","player_choice":"disagreed","floor":3.0,"damage_taken":0.0},{"event_name":"Golden Wing","player_choice":"Card Removal","floor":5.0,"damage_taken":0.0},{"event_name":"Mushrooms","player_choice":"Fought Mushrooms","floor":14.0,"damage_taken":0.0},{"event_name":"Mysterious Sphere","player_choice":"Ignore","floor":39.0,"damage_taken":0.0}],"boss_relics":[],"potions_floor_spawned":[6,8,13,14,18,19,21,22,33,35,38,47],"seed_played":"5731710673404234967","killed_by":"Donu and Deca","ascension_level":0,"is_trial":false}