{"path_per_floor":["M","M","?","M","M","R","E","R","T","E","$","?","?","M","R","B",null,"M","M","?","?","$","R","E","M","T","?","$","M","T","M","R","B",null,"M","M","$","M","M","R","M","R","T","M","$","?","M","M","R","B"],"character_chosen":"IRONCLAD","items_purchased":["Mummified Hand","Shrug It Off","Master of Strategy","Ancient Potion"],"gold_per_floor":[113,126,126,145,164,164,195,195,267,292,2,2,2,15,15,135,135,153,173,173,173,76,76,111,124,124,49,49,70,95,110,110,235,235,254,275,67,80,105,105,118,118,118,133,45,45,59,78,78,78],"floor_reached":51,"campfire_rested":1,"playtime":5529,"current_hp_per_floor":[80,80,73,78,80,80,73,73,73,50,50,50,55,61,61,38,79,79,79,79,79,79,79,63,76,76,76,76,75,75,79,79,22,79,76,58,58,47,52,79,73,73,73,79,79,79,79,79,79,33],"items_purged":["Strike_R","Defend_R","Defend_R","Strike_R"],"gold":78,"play_id":"24214342-da6a-4b78-a4c9-31162ebf2c98","is_prod":false,"is_daily":false,"is_ascension_mode":false,"campfire_upgraded":7,"path_taken":["M","?","?","M","?","R","E","R","T","E","$","?","?","?","R","BOSS","M","M","?","?","$","R","E","M","T","?","$","?","?","M","R","BOSS","M","?","$","M","M","R","M","R","T","?","$","?","?","M","R","BOSS"],"build_version":"2018-02-01-PROD3","purchased_purges":4,"victory":true,"master_deck":["Strike_R+1","Defend_R+1","Bash+1","Iron Wave+1","Wild Strike+1","Feel No Pain+1","Evolve+1","Warcry+1","Battle Trance","Pommel Strike+1","True Grit+1","Fiend Fire+1","Infernal Blade+1","Whirlwind+1","Shrug It Off+1","Carnage+1","Impervious","True Grit+1","Inflame","Master of Strategy","Sever Soul+1","Pommel Strike+1","Thunderclap"],"max_hp_per_floor":[80,80,80,80,80,80,80,80,80,80,80,74,79,79,79,79,79,79,79,79,79,79,79,79,79,79,79,79,79,79,79,79,79,79,79,79,79,79,79,79,79,79,79,79,79,79,79,79,79,79],"relics":["Burning Blood","Regal Pillow","Smiling Mask","Anchor","Mummified Hand","Golden Idol","Velvet Choker","Letter Opener","The Courier","War Paint","White Beast Statue","Whetstone"],"card_choices":[{"not_picked":["Sentinel","Feel No Pain"],"picked":"Iron Wave"},{"not_picked":["Clash","Fire Breathing"],"picked":"Wild Strike"},{"not_picked":["Searing Blow","Corruption"],"picked":"Feel No Pain"},{"not_picked":["Thunderclap","Power Through"],"picked":"Evolve"},{"not_picked":["Juggernaut","Feel No Pain"],"picked":"Warcry"},{"not_picked":["Armaments","Wild Strike"],"picked":"Battle Trance"},{"not_picked":["Second Wind","Demon Form"],"picked":"Pommel Strike"},{"not_picked":["Thunderclap","Blood for Blood"],"picked":"True Grit"},{"not_picked":["Exhume","Double Tap"],"picked":"Fiend Fire"},{"not_picked":["Twin Strike","True Grit"],"picked":"Infernal Blade"},{"not_picked":["Heavy Blade","Cleave"],"picked":"Whirlwind"},{"not_picked":["Havoc","Heavy Blade"],"picked":"Carnage"},{"not_picked":["Limit Break","Double Tap"],"picked":"Impervious"},{"not_picked":["Warcry","Blood for Blood"],"picked":"True Grit"},{"not_picked":["Evolve","Body Slam"],"picked":"Inflame"},{"not_picked":["Barricade","Flame Barrier"],"picked":"Sever Soul"},{"not_picked":["Thunderclap","Entrench"],"picked":"Pommel Strike"},{"not_picked":["Perfected Strike","Shrug It Off"],"picked":"Thunderclap"}],"player_experience":671799,"potions_floor_usage":[38,38,39,41,47,50,50,50],"damage_taken":[{"damage":6.0,"enemies":"Blue Slaver","floor":1.0,"turns":6.0},{"damage":5.0,"enemies":"Small Slimes","floor":2.0,"turns":4.0},{"damage":1.0,"enemies":"2 Louse","floor":4.0,"turns":2.0},{"damage":3.0,"enemies":"Red Slaver","floor":5.0,"turns":5.0},{"damage":13.0,"enemies":"Gremlin Nob","floor":7.0,"turns":4.0},{"damage":29.0,"enemies":"Lagavulin","floor":10.0,"turns":5.0},{"damage":0.0,"enemies":"3 Louse","floor":14.0,"turns":3.0},{"damage":29.0,"enemies":"Slime Boss","floor":16.0,"turns":9.0},{"damage":5.0,"enemies":"Spheric Guardian","floor":18.0,"turns":3.0},{"damage":0.0,"enemies":"Shell Parasite","floor":19.0,"turns":3.0},{"damage":22.0,"enemies":"Gremlin Leader","floor":24.0,"turns":5.0},{"damage":5.0,"enemies":"Cultist and Chosen","floor":25.0,"turns":5.0},{"damage":7.0,"enemies":"Snecko","floor":29.0,"turns":3.0},{"damage":0.0,"enemies":"Snake Plant","floor":31.0,"turns":2.0},{"damage":63.0,"enemies":"Collector","floor":33.0,"turns":11.0},{"damage":9,"enemies":"3 Shapes","floor":35,"turns":3},{"damage":24,"enemies":"3 Darklings","floor":36,"turns":6},{"damage":17,"enemies":"4 Shapes","floor":38,"turns":5},{"damage":1,"enemies":"Maw","floor":39,"turns":6},{"damage":12,"enemies":"Sphere and 2 Shapes","floor":41,"turns":6},{"damage":0,"enemies":"3 Darklings","floor":44,"turns":4},{"damage":0,"enemies":"Maw","floor":47,"turns":5},{"damage":4,"enemies":"4 Shapes","floor":48,"turns":4},{"damage":52,"enemies":"Donu and Deca","floor":50,"turns":10}],"event_choices":[{"event_name":"Golden Wing","player_choice":"Card Removal","floor":3.0,"damage_taken":0.0},{"event_name":"Golden Idol","player_choice":"Lose Max HP","floor":12.0,"damage_taken":0.0},{"event_name":"Big Fish","player_choice":"Donut","floor":13.0,"damage_taken":0.0},{"event_name":"Back to Basics","player_choice":"Simplicity","floor":20.0,"damage_taken":0.0},{"event_name":"Drug Dealer","player_choice":"Ignored","floor":21.0,"damage_taken":0.0},{"event_name":"Beggar","player_choice":"Gave Gold","floor":27.0,"damage_taken":0.0}],"boss_relics":[{"not_picked":["Astrolabe","Calling Bell"],"picked":"White Beast Statue"}],"potions_floor_spawned":[2,5,14,16,18,24,25,35,36,38,39,41,44,47,48],"seed_played":"4017033909487606006","ascension_level":0,"is_trial":false}