{"path_per_floor":["M","?","?","?","$","R","?","R","T","M","M","M","M","E","R","B",null,"M","M","M","?","?","M","$","M","T","R","?","R","M","M","R","B",null,"M","?","M","?","?","R","M","?","T","M","M","R","$","M","R","B"],"character_chosen":"IRONCLAD","items_purchased":["Inflame","Uppercut","Finesse","Dexterity Potion","Ancient Potion"],"gold_per_floor":[110,110,110,110,41,41,41,41,41,56,73,86,98,132,132,229,229,248,262,278,278,278,290,44,57,82,82,82,82,101,120,120,218,218,230,230,244,244,244,244,255,255,255,272,290,290,89,102,102,102],"floor_reached":51,"campfire_rested":1,"playtime":3050,"current_hp_per_floor":[80,80,72,56,56,56,56,56,56,64,64,62,57,44,68,30,80,77,72,75,59,59,49,49,77,77,77,77,77,82,82,82,25,84,73,73,84,84,73,73,61,61,61,63,81,81,81,91,91,50],"items_purged":["Strike_R","Writhe"],"gold":102,"score":476,"play_id":"3904d134-5e77-4ed3-9ce1-69eead0ddfd2","is_prod":false,"is_daily":false,"is_ascension_mode":false,"campfire_upgraded":8,"path_taken":["M","?","?","?","$","R","?","R","T","M","M","?","M","E","R","BOSS","M","M","M","?","?","M","$","M","T","R","?","R","M","M","R","BOSS","M","?","?","?","?","R","M","?","T","M","M","R","$","M","R","BOSS"],"build_version":"2018-02-08-PROD1","purchased_purges":2,"victory":true,"master_deck":["Strike_R+1","Strike_R+1","Strike_R+1","Defend_R+1","Defend_R+1","Defend_R+1","Defend_R+1","Bash+1","Limit Break+1","Inflame+1","Intimidate","Pummel+1","Twin Strike","Offering","Flame Barrier+1","Shrug It Off+1","Battle Trance","Shrug It Off","Seeing Red+1","Headbutt","Cleave","Havoc+1","Necronomicurse","Reaper","Uppercut+1","Finesse","Sword Boomerang+1","Pommel Strike+1","Clothesline+1","Madness","Madness"],"max_hp_per_floor":[80,80,80,80,80,80,80,80,80,80,80,80,80,80,80,80,80,80,80,80,80,80,80,80,80,80,80,80,80,82,82,82,84,84,84,84,84,84,84,84,86,86,86,88,90,90,90,92,92,92],"relics":["Black Blood","Bird Faced Urn","Art of War","Orrery","Necronomicon","Oddly Smooth Stone","Singing Bowl","Shuriken"],"card_choices":[{"not_picked":["Infernal Blade","Twin Strike"],"picked":"Limit Break"},{"not_picked":["Dual Wield","Headbutt"],"picked":"Intimidate"},{"not_picked":["Heavy Blade","Clash"],"picked":"Pummel"},{"not_picked":["Clothesline","Carnage"],"picked":"Twin Strike"},{"not_picked":["Intimidate","Burning Pact"],"picked":"Offering"},{"not_picked":["Dark Embrace","Twin Strike"],"picked":"Flame Barrier"},{"not_picked":["Thunderclap","Body Slam"],"picked":"Shrug It Off"},{"not_picked":["Thunderclap","Shrug It Off"],"picked":"Battle Trance"},{"not_picked":["Infernal Blade","Rage"],"picked":"Shrug It Off"},{"not_picked":["Anger","Rage"],"picked":"Seeing Red"},{"not_picked":["Battle Trance","Perfected Strike"],"picked":"Headbutt"},{"not_picked":["Twin Strike","Seeing Red"],"picked":"Cleave"},{"not_picked":["Second Wind","Armaments"],"picked":"Havoc"},{"not_picked":["Disarm","Armaments"],"picked":"Reaper"},{"not_picked":["Clash","Feel No Pain"],"picked":"Sword Boomerang"},{"not_picked":["Flex","Sword Boomerang"],"picked":"Pommel Strike"},{"not_picked":["Ghostly Armor","Cleave"],"picked":"Clothesline"}],"player_experience":702369,"potions_floor_usage":[10,14,20,23,33,33,37,37,50,50,50],"damage_taken":[{"damage":4,"enemies":"Small Slimes","floor":1,"turns":4},{"damage":0,"enemies":"Blue Slaver","floor":10,"turns":3},{"damage":8,"enemies":"Jaw Worm","floor":11,"turns":2},{"damage":10,"enemies":"2 Fungi Beasts","floor":12,"turns":4},{"damage":13,"enemies":"Lots of Slimes","floor":13,"turns":4},{"damage":21,"enemies":"3 Sentries","floor":14,"turns":4},{"damage":46,"enemies":"Hexaghost","floor":16,"turns":8},{"damage":11,"enemies":"2 Thieves","floor":18,"turns":5},{"damage":13,"enemies":"Shell Parasite","floor":19,"turns":5},{"damage":17,"enemies":"Centurion and Healer","floor":20,"turns":5},{"damage":18,"enemies":"Snake Plant","floor":23,"turns":4},{"damage":17,"enemies":"3 Cultists","floor":25,"turns":4},{"damage":4,"enemies":"Chosen and Byrds","floor":30,"turns":4},{"damage":0,"enemies":"Snake Plant","floor":31,"turns":4},{"damage":87,"enemies":"Champ","floor":33,"turns":13},{"damage":23,"enemies":"3 Shapes","floor":35,"turns":6},{"damage":16,"enemies":"3 Darklings","floor":37,"turns":6},{"damage":40,"enemies":"Maw","floor":41,"turns":9},{"damage":58,"enemies":"4 Shapes","floor":44,"turns":6},{"damage":32,"enemies":"3 Darklings","floor":45,"turns":5},{"damage":4,"enemies":"Sphere and 2 Shapes","floor":48,"turns":4},{"damage":95,"enemies":"Donu and Deca","floor":50,"turns":8}],"event_choices":[{"event_name":"The Woman in Blue","player_choice":"Bought 0 Potions","floor":2,"damage_taken":0},{"event_name":"Wheel of Change","player_choice":"Damage","floor":3,"damage_taken":0},{"event_name":"Shining Light","player_choice":"Entered Light","floor":4,"damage_taken":0},{"event_name":"Upgrade Shrine","player_choice":"Upgraded","floor":7,"damage_taken":0},{"event_name":"Cursed Tome","player_choice":"Obtained Book","floor":21,"damage_taken":0},{"event_name":"Back to Basics","player_choice":"Simplicity","floor":22,"damage_taken":0},{"event_name":"The Mausoleum","player_choice":"Yes","floor":28,"damage_taken":0},{"event_name":"Transmorgrifier","player_choice":"Skipped","floor":36,"damage_taken":0},{"event_name":"Tomb of Lord Red Mask","player_choice":"Ignored","floor":38,"damage_taken":0},{"event_name":"Winding Halls","player_choice":"Embrace Madness","floor":39,"damage_taken":0},{"event_name":"Mysterious Sphere","player_choice":"Ignore","floor":42,"damage_taken":0}],"boss_relics":[{"not_picked":["Black Star","Snecko Eye"],"picked":"Orrery"},{"not_picked":["Question Card","Eternal Feather"],"picked":"Black Blood"}],"potions_floor_spawned":[1,13,16,18,30,31,33,35,48],"seed_played":"-4469713693802208981","ascension_level":0,"is_trial":false}