{"path_per_floor":["M","M","?","$","?","E","R","$","T","M","$","M","E","M","R","B",null,"M","$","M","?","M","R","?","R","T","E","R","?","?","M","R","B",null,"M","?","M","M"],"character_chosen":"IRONCLAD","items_purchased":["Flex","Whirlwind","Headbutt","Bag of Marbles"],"gold_per_floor":[111,129,129,7,7,42,42,42,42,62,16,41,80,101,101,229,229,229,11,11,11,11,11,11,11,11,11,11,11,11,11,11,11,11,11,11,11,11],"floor_reached":39,"campfire_rested":2,"playtime":1866,"current_hp_per_floor":[80,79,59,59,52,36,60,60,60,65,65,58,42,39,63,29,80,80,80,80,80,68,68,68,68,68,80,80,80,80,80,80,55,80,72,72,65,40],"items_purged":["Strike_R"],"gold":11,"score":359,"play_id":"35debc8d-feb6-474f-bfeb-58fa8e8aa31b","is_prod":false,"is_daily":false,"is_ascension_mode":false,"campfire_upgraded":3,"path_taken":["M","M","?","?","?","E","R","$","T","?","?","M","E","M","R","BOSS","M","$","M","?","M","R","?","R","T","E","R","?","?","M","R","BOSS","M","?","M","M","M"],"build_version":"2018-02-22-PROD1","purchased_purges":3,"victory":false,"master_deck":["Strike_R","Strike_R","Strike_R","Defend_R","Defend_R","Defend_R","Defend_R","Bash","Limit Break+1","Shrug It Off","Rampage","Flex","Whirlwind","Inflame","Sword Boomerang","Headbutt","Uppercut","Disarm+1","Shockwave","Flame Barrier","Shrug It Off","True Grit+1","Demon Form","Clothesline+1","Spot Weakness+1","Shrug It Off"],"max_hp_per_floor":[80,80,80,80,80,80,80,80,80,80,80,80,80,80,80,80,80,80,80,80,80,80,80,80,80,80,80,80,80,80,80,80,80,80,80,80,80,80],"relics":["Burning Blood","Golden Idol","Charon\u0027s Ashes","Sundial","Ancient Tea Set","Ectoplasm","Bag of Marbles","Champion Belt","Shovel","Regal Pillow","Eternal Feather"],"card_choices":[{"not_picked":["Sword Boomerang","Perfected Strike"],"picked":"Shrug It Off"},{"not_picked":["Limit Break","Warcry"],"picked":"Rampage"},{"not_picked":["Dual Wield","Rage"],"picked":"Inflame"},{"not_picked":["Clash","Inflame"],"picked":"Sword Boomerang"},{"not_picked":["Cleave","Perfected Strike"],"picked":"Uppercut"},{"not_picked":["Pummel","Clothesline"],"picked":"Disarm"},{"not_picked":["Thunderclap","Feel No Pain"],"picked":"Shockwave"},{"not_picked":["Carnage","Entrench"],"picked":"Shrug It Off"},{"not_picked":["Rage","Dual Wield"],"picked":"True Grit"},{"not_picked":["Barricade","Immolate"],"picked":"Demon Form"},{"not_picked":["Headbutt","Body Slam"],"picked":"Clothesline"},{"not_picked":["Headbutt","Fire Breathing"],"picked":"Spot Weakness"},{"not_picked":["Flex","Clothesline"],"picked":"Shrug It Off"}],"player_experience":759025,"potions_floor_usage":[12,16,22,27,31,33,37,37,38,39],"damage_taken":[{"damage":0.0,"enemies":"Small Slimes","floor":1.0,"turns":4.0},{"damage":7.0,"enemies":"2 Louse","floor":2.0,"turns":3.0},{"damage":22.0,"enemies":"3 Sentries","floor":6.0,"turns":5.0},{"damage":1.0,"enemies":"Cultist","floor":10.0,"turns":3.0},{"damage":13,"enemies":"Exordium Thugs","floor":12,"turns":4},{"damage":22,"enemies":"Gremlin Nob","floor":13,"turns":4},{"damage":9,"enemies":"Large Slime","floor":14,"turns":4},{"damage":40,"enemies":"Hexaghost","floor":16,"turns":14},{"damage":3,"enemies":"3 Byrds","floor":18,"turns":3},{"damage":4,"enemies":"Chosen","floor":20,"turns":4},{"damage":18,"enemies":"Slaver and Parasite","floor":22,"turns":5},{"damage":6,"enemies":"Book of Stabbing","floor":27,"turns":5},{"damage":3,"enemies":"Centurion and Healer","floor":31,"turns":5},{"damage":31,"enemies":"Automaton","floor":33,"turns":12},{"damage":14,"enemies":"Orb Walker","floor":35,"turns":4},{"damage":13,"enemies":"3 Darklings","floor":37,"turns":4},{"damage":31,"enemies":"4 Shapes","floor":38,"turns":6},{"damage":29,"enemies":"Sphere and 2 Shapes","floor":39,"turns":5}],"event_choices":[{"event_name":"Golden Idol","player_choice":"Take Damage","floor":3.0,"damage_taken":0.0},{"event_name":"Golden Wing","player_choice":"Card Removal","floor":5.0,"damage_taken":0.0},{"event_name":"The Library","player_choice":"Read","floor":21,"damage_taken":0},{"event_name":"N\u0027loth","player_choice":"Ignored","floor":24,"damage_taken":0},{"event_name":"Drug Dealer","player_choice":"Ignored","floor":29,"damage_taken":0},{"event_name":"The Lab","player_choice":"Got Potions","floor":30,"damage_taken":0},{"event_name":"Golden Shrine","player_choice":"Pray","floor":36,"damage_taken":0}],"boss_relics":[{"not_picked":["Black Star","Calling Bell"],"picked":"Ectoplasm"},{"not_picked":["Snecko Eye","Runic Dome"],"picked":"Eternal Feather"}],"potions_floor_spawned":[10,14,16,22,33,35,37],"seed_played":"8479522625918732331","killed_by":"Sphere and 2 Shapes","ascension_level":0,"is_trial":false}