{"path_per_floor":["M","?","?","M","M","E","?","M","T","$","R","$","M","E","R","B",null,"M","?","?","?","?","R","M","M","T","$","E","R","$","M","R"],"character_chosen":"IRONCLAD","items_purchased":["Apotheosis","Inflame"],"gold_per_floor":[115,215,215,227,241,270,330,346,346,22,22,22,36,62,62,165,165,176,176,176,176,76,76,95,109,134,34,89,89,89,105,105],"floor_reached":33,"campfire_rested":2,"playtime":1625,"current_hp_per_floor":[80,80,80,80,80,67,29,31,31,31,55,55,55,62,62,59,80,73,73,73,73,73,73,70,80,80,80,42,80,80,62,62],"items_purged":["Defend_R","Strike_R"],"gold":105,"score":273,"play_id":"0dd8e305-d8a5-4739-a5b9-068f7b9c6736","is_prod":false,"is_daily":false,"is_ascension_mode":false,"campfire_upgraded":3,"path_taken":["M","?","?","?","M","E","?","M","T","$","R","$","M","E","R","BOSS","M","?","?","?","?","R","M","M","T","$","E","R","?","M","R","BOSS"],"build_version":"2018-02-22-PROD2","purchased_purges":2,"victory":false,"master_deck":["Strike_R","Strike_R","Defend_R","Defend_R","Defend_R","Bash","Pummel","Iron Wave","Rampage","Armaments","Metallicize+1","Flame Barrier","Apotheosis+1","Inflame+1","Warcry","Shockwave","Reaper","Wild Strike","Warcry","J.A.X.","Cleave+1","Heavy Blade","Battle Trance"],"max_hp_per_floor":[80,80,80,80,80,80,80,80,80,80,80,80,80,80,80,80,80,80,80,80,80,80,80,80,80,80,80,80,80,80,80,80],"relics":["Burning Blood","NeowsBlessing","Matryoshka","Art of War","Red Skull","Juzu Bracelet","Champion Belt","Lizard Tail","Regal Pillow","Mercury Hourglass","Tiny Chest"],"card_choices":[{"not_picked":["Flex","Evolve"],"picked":"Pummel"},{"not_picked":["True Grit","Pommel Strike"],"picked":"Iron Wave"},{"not_picked":["Perfected Strike","Thunderclap"],"picked":"Rampage"},{"not_picked":["Thunderclap","Pummel"],"picked":"Armaments"},{"not_picked":["Pummel","Blood for Blood"],"picked":"Metallicize"},{"not_picked":["Iron Wave","Berserk"],"picked":"Flame Barrier"},{"not_picked":["Anger","Armaments"],"picked":"Warcry"},{"not_picked":["Corruption","Seeing Red"],"picked":"Shockwave"},{"not_picked":["Barricade","Immolate"],"picked":"Reaper"},{"not_picked":["Perfected Strike","Clothesline"],"picked":"Wild Strike"},{"not_picked":["Double Tap","Pummel"],"picked":"Cleave"},{"not_picked":["Rampage","Flex"],"picked":"Heavy Blade"},{"not_picked":["Warcry","Havoc"],"picked":"Battle Trance"}],"player_experience":803982,"potions_floor_usage":[6,8,14,16,24,28,28,31],"damage_taken":[{"damage":0,"enemies":"2 Louse","floor":1,"turns":1},{"damage":0,"enemies":"Cultist","floor":4,"turns":1},{"damage":0,"enemies":"Small Slimes","floor":5,"turns":1},{"damage":19,"enemies":"Lagavulin","floor":6,"turns":6},{"damage":44,"enemies":"Lagavulin Event","floor":7,"turns":6},{"damage":4,"enemies":"Looter","floor":8,"turns":4},{"damage":6,"enemies":"Lots of Slimes","floor":13,"turns":4},{"damage":8,"enemies":"Gremlin Nob","floor":14,"turns":4},{"damage":9,"enemies":"The Guardian","floor":16,"turns":10},{"damage":27,"enemies":"2 Thieves","floor":18,"turns":5},{"damage":9,"enemies":"Shell Parasite","floor":24,"turns":3},{"damage":9,"enemies":"Centurion and Healer","floor":25,"turns":7},{"damage":56,"enemies":"Gremlin Leader","floor":28,"turns":6},{"damage":24,"enemies":"Sentry and Sphere","floor":31,"turns":6},{"damage":76,"enemies":"Automaton","floor":33,"turns":10}],"event_choices":[{"event_name":"Wheel of Change","player_choice":"Gold","floor":2,"damage_taken":0},{"event_name":"Bonfire Elementals","player_choice":"BASIC","floor":3,"damage_taken":0},{"event_name":"Dead Adventurer","player_choice":"Searched \u00272\u0027 times","floor":7,"damage_taken":0},{"event_name":"N\u0027loth","player_choice":"Ignored","floor":19,"damage_taken":0},{"event_name":"Transmorgrifier","player_choice":"Transform","floor":20,"damage_taken":0},{"event_name":"Vampires","player_choice":"Ignored","floor":21,"damage_taken":0},{"event_name":"Drug Dealer","player_choice":"Got JAXXED","floor":22,"damage_taken":0}],"boss_relics":[{"not_picked":["Runic Dome","Philosopher\u0027s Stone"],"picked":"Lizard Tail"}],"potions_floor_spawned":[1,6,7,8,13,16,18,28],"seed_played":"-392175903872530361","killed_by":"Automaton","ascension_level":0,"is_trial":false}