{"path_per_floor":["M","M","M","?","?","E","$","R","T","?","?","M","R","M","R","B",null,"M","M","$","?","M","E","R","?","T","R","M","M","R","M","R","B",null,"M","$","?","M","M","R","M","R","T","R","M","?","R","M","R","B"],"character_chosen":"IRONCLAD","items_purchased":["Apotheosis","Dramatic Entrance"],"gold_per_floor":[112,131,146,146,221,246,171,171,194,369,369,383,383,401,401,504,504,520,507,106,21,31,59,59,59,59,59,78,93,93,109,109,212,212,231,106,106,124,138,138,150,150,150,150,163,163,163,173,173,173],"floor_reached":51,"campfire_rested":3,"playtime":3185,"current_hp_per_floor":[80,80,80,80,69,57,57,57,57,57,50,53,77,80,80,44,82,81,64,64,64,59,48,73,57,57,57,43,48,75,77,77,32,91,91,91,91,92,81,81,87,87,87,87,92,80,80,93,93,64],"items_purged":["Defend_R","Doubt","Strike_R"],"gold":173,"score":519,"play_id":"85401b5a-72f3-48cd-8065-8a2be6d3a183","is_prod":false,"is_daily":false,"is_ascension_mode":false,"campfire_upgraded":9,"path_taken":["M","M","M","?","?","E","$","R","T","?","?","?","R","M","R","BOSS","M","M","$","?","M","E","R","?","T","R","?","M","R","M","R","BOSS","M","$","?","M","M","R","M","R","T","R","M","?","R","?","R","BOSS"],"build_version":"2018-02-22-PROD2","purchased_purges":3,"victory":true,"master_deck":["Strike_R","Strike_R","Strike_R","Defend_R","Defend_R","Defend_R+1","Bash","Uppercut+1","Iron Wave+1","Carnage+1","Shockwave+1","True Grit+1","Shrug It Off","Apotheosis+1","Dramatic Entrance+1","Metallicize+1","Impervious","Flex+1","Rampage+1","Reaper","Clothesline+1","Impervious","Offering","Madness","Madness","Metallicize+1"],"max_hp_per_floor":[80,80,80,80,80,80,80,80,80,80,80,80,80,80,80,82,82,84,84,84,84,84,84,84,89,89,89,89,91,91,91,91,91,91,91,91,91,93,93,93,95,95,95,95,95,95,95,95,95,95],"relics":["Burning Blood","Bag of Marbles","Pantograph","Singing Bowl","Toolbox","Runic Cube","Gambling Chip","War Paint","Calipers","Snecko Eye","Torii"],"card_choices":[{"not_picked":["Corruption","Iron Wave"],"picked":"Uppercut"},{"not_picked":["Headbutt","Blood for Blood"],"picked":"Iron Wave"},{"not_picked":["Body Slam","Hemokinesis"],"picked":"Shockwave"},{"not_picked":["Dual Wield","Shockwave"],"picked":"True Grit"},{"not_picked":["Searing Blow","Sword Boomerang"],"picked":"Shrug It Off"},{"not_picked":["Ghostly Armor","Seeing Red"],"picked":"Metallicize"},{"not_picked":["Uppercut","Fire Breathing"],"picked":"Impervious"},{"not_picked":["Rampage","Uppercut"],"picked":"Flex"},{"not_picked":["Rage","Hemokinesis"],"picked":"Rampage"},{"not_picked":["Limit Break","Demon Form"],"picked":"Reaper"},{"not_picked":["Searing Blow","Anger"],"picked":"Clothesline"},{"not_picked":["Sword Boomerang","Thunderclap"],"picked":"Impervious"},{"not_picked":["Armaments","Rage"],"picked":"Offering"},{"not_picked":["Shrug It Off","Flex"],"picked":"Metallicize"}],"player_experience":794001,"potions_floor_usage":[6,6,22,33,33,35,39,41,48,50],"damage_taken":[{"damage":2,"enemies":"Small Slimes","floor":1,"turns":4},{"damage":1,"enemies":"Jaw Worm","floor":2,"turns":4},{"damage":0,"enemies":"Cultist","floor":3,"turns":3},{"damage":18,"enemies":"3 Sentries","floor":6,"turns":8},{"damage":3,"enemies":"Large Slime","floor":12,"turns":3},{"damage":0,"enemies":"2 Fungi Beasts","floor":14,"turns":2},{"damage":44,"enemies":"The Guardian","floor":16,"turns":12},{"damage":9,"enemies":"Shell Parasite","floor":18,"turns":5},{"damage":23,"enemies":"2 Thieves","floor":19,"turns":4},{"damage":11,"enemies":"3 Cultists","floor":22,"turns":7},{"damage":17,"enemies":"Slavers","floor":23,"turns":6},{"damage":20,"enemies":"Sentry and Sphere","floor":28,"turns":9},{"damage":7,"enemies":"Slaver and Parasite","floor":29,"turns":9},{"damage":4,"enemies":"Snake Plant","floor":31,"turns":4},{"damage":65,"enemies":"Champ","floor":33,"turns":15},{"damage":6,"enemies":"3 Darklings","floor":35,"turns":3},{"damage":7,"enemies":"3 Shapes","floor":38,"turns":4},{"damage":17,"enemies":"Sphere and 2 Shapes","floor":39,"turns":6},{"damage":32,"enemies":"4 Shapes","floor":41,"turns":6},{"damage":22,"enemies":"3 Darklings","floor":45,"turns":7},{"damage":6,"enemies":"Maw","floor":48,"turns":7},{"damage":54,"enemies":"Donu and Deca","floor":50,"turns":11}],"event_choices":[{"event_name":"Living Wall","player_choice":"Change","floor":4,"damage_taken":0},{"event_name":"World of Goop","player_choice":"Gather Gold","floor":5,"damage_taken":0},{"event_name":"Liars Game","player_choice":"agreed","floor":10,"damage_taken":0},{"event_name":"Scrap Ooze","player_choice":"success","floor":11,"damage_taken":7},{"event_name":"Addict","player_choice":"Obtained Relic","floor":21,"damage_taken":0},{"event_name":"Forgotten Altar","player_choice":"Shed Blood","floor":25,"damage_taken":0},{"event_name":"The Lab","player_choice":"Got Potions","floor":37,"damage_taken":0},{"event_name":"Winding Halls","player_choice":"Embrace Madness","floor":46,"damage_taken":0}],"boss_relics":[{"not_picked":["Lizard Tail","Orrery"],"picked":"Runic Cube"},{"not_picked":["Question Card","Astrolabe"],"picked":"Snecko Eye"}],"potions_floor_spawned":[1,2,19,23,31,33,35,39],"seed_played":"-808369467660265827","ascension_level":0,"is_trial":false}