{"path_per_floor":["M","M","M","?","M","R","E","R","T","$","T","M","?","E","R","B",null,"M","?","M","?","$","R","M","R","T","M","M","M","?","$","R","B",null,"M","$","M","$","?","R","M","R","T","R","E","$","M","$","R","B"],"character_chosen":"IRONCLAD","items_purchased":["Good Instincts","Pen Nib","Reaper","Trip","Twin Strike","Strength Potion","Evolve","Regen Potion","Energy Potion"],"gold_per_floor":[118,135,145,145,158,158,229,229,253,77,123,147,177,510,510,630,630,654,654,679,594,168,168,181,181,233,246,271,287,187,88,88,219,219,234,109,122,122,122,122,147,147,147,147,187,16,34,34,34,34],"floor_reached":51,"campfire_rested":2,"playtime":2630,"current_hp_per_floor":[80,79,79,79,80,80,66,66,66,66,66,72,72,65,65,79,80,80,80,49,49,49,49,60,60,60,70,67,66,66,66,66,20,83,71,71,70,70,70,70,55,55,55,79,52,52,45,45,69,34],"items_purged":["Injury","Defend_R","Feed"],"gold":34,"score":585,"play_id":"94eb52cf-7d83-412f-8f77-6562b16fc281","is_prod":false,"is_daily":false,"is_ascension_mode":false,"campfire_upgraded":8,"path_taken":["M","?","M","?","M","R","E","R","T","$","?","M","?","E","R","BOSS","M","?","M","?","$","R","M","R","T","M","M","M","?","$","R","BOSS","M","$","M","?","?","R","M","R","T","R","E","$","M","?","R","BOSS"],"build_version":"2018-02-22-PROD2","purchased_purges":6,"victory":true,"master_deck":["Strike_R","Strike_R","Strike_R","Strike_R","Defend_R","Defend_R+1","Defend_R","Bash+1","Perfected Strike+1","Warcry","Pommel Strike+1","Ghostly Armor+1","Good Instincts","Metallicize+1","Disarm+1","Pommel Strike","Armaments+1","Wild Strike","Headbutt+1","Reaper","Trip+1","Intimidate","Metallicize+1","Iron Wave","Wild Strike+1","J.A.X.","Twin Strike","Offering","True Grit+1","Shrug It Off+1","Inflame+1","Evolve","Perfected Strike+1"],"max_hp_per_floor":[80,80,80,80,80,80,80,80,80,80,80,80,80,80,80,80,80,80,80,80,80,80,80,80,80,80,80,80,83,83,83,83,83,83,83,83,83,83,83,83,83,83,83,83,83,83,83,83,83,83],"relics":["Burning Blood","Bag of Marbles","Golden Idol","Tiny Chest","War Paint","Omamori","Sundial","Old Coin","Orrery","Juzu Bracelet","Pen Nib","Vajra","Mark of Pain","Bird Faced Urn","Happy Flower"],"card_choices":[{"not_picked":["Pommel Strike","Body Slam"],"picked":"Perfected Strike"},{"not_picked":["Sword Boomerang","Flex"],"picked":"Warcry"},{"not_picked":["Body Slam","Evolve"],"picked":"Pommel Strike"},{"not_picked":["Clothesline","Clash"],"picked":"Ghostly Armor"},{"not_picked":["Fiend Fire","Bludgeon"],"picked":"Feed"},{"not_picked":["Warcry","Body Slam"],"picked":"Metallicize"},{"not_picked":["Sword Boomerang","Immolate"],"picked":"Disarm"},{"not_picked":["Body Slam","Combust"],"picked":"Pommel Strike"},{"not_picked":["Anger","Clothesline"],"picked":"Armaments"},{"not_picked":["True Grit","Entrench"],"picked":"Wild Strike"},{"not_picked":["Iron Wave","Body Slam"],"picked":"Headbutt"},{"not_picked":["Carnage","Anger"],"picked":"Intimidate"},{"not_picked":["Clash","Rupture"],"picked":"Metallicize"},{"not_picked":["Reckless Charge","Headbutt"],"picked":"Iron Wave"},{"not_picked":["Heavy Blade","Iron Wave"],"picked":"Wild Strike"},{"not_picked":["Feed","Reaper"],"picked":"Offering"},{"not_picked":["Thunderclap","Anger"],"picked":"True Grit"},{"not_picked":["Iron Wave","Feed"],"picked":"Shrug It Off"},{"not_picked":["Cleave","Infernal Blade"],"picked":"Inflame"},{"not_picked":["Battle Trance","Ghostly Armor"],"picked":"Perfected Strike"}],"player_experience":764161,"potions_floor_usage":[50,50,50],"damage_taken":[{"damage":1.0,"enemies":"Cultist","floor":1.0,"turns":3.0},{"damage":7.0,"enemies":"Small Slimes","floor":2.0,"turns":3.0},{"damage":6.0,"enemies":"Jaw Worm","floor":3.0,"turns":2.0},{"damage":0.0,"enemies":"Large Slime","floor":5.0,"turns":3.0},{"damage":20.0,"enemies":"3 Sentries","floor":7.0,"turns":8.0},{"damage":0.0,"enemies":"Red Slaver","floor":12.0,"turns":1.0},{"damage":13.0,"enemies":"Lagavulin","floor":14.0,"turns":3.0},{"damage":7.0,"enemies":"Slime Boss","floor":16.0,"turns":10.0},{"damage":6.0,"enemies":"Shell Parasite","floor":18.0,"turns":7.0},{"damage":37.0,"enemies":"Spheric Guardian","floor":20.0,"turns":6.0},{"damage":5.0,"enemies":"3 Cultists","floor":24.0,"turns":6.0},{"damage":10.0,"enemies":"Centurion and Healer","floor":27.0,"turns":6.0},{"damage":14.0,"enemies":"Snecko","floor":28.0,"turns":5.0},{"damage":10.0,"enemies":"Chosen and Byrds","floor":29.0,"turns":5.0},{"damage":62.0,"enemies":"Champ","floor":33.0,"turns":12.0},{"damage":34.0,"enemies":"3 Darklings","floor":35.0,"turns":4.0},{"damage":7.0,"enemies":"3 Shapes","floor":37.0,"turns":7.0},{"damage":36.0,"enemies":"Maw","floor":41.0,"turns":8.0},{"damage":39.0,"enemies":"Nemesis","floor":45.0,"turns":5.0},{"damage":16.0,"enemies":"Sphere and 2 Shapes","floor":47.0,"turns":3.0},{"damage":65,"enemies":"Awakened One","floor":50,"turns":13}],"event_choices":[{"event_name":"Golden Idol","player_choice":"Take Wound","floor":4.0,"damage_taken":0.0},{"event_name":"Dead Adventurer","player_choice":"Searched \u00272\u0027 times","floor":13.0,"damage_taken":0.0},{"event_name":"Vampires","player_choice":"Ignored","floor":19.0,"damage_taken":0.0},{"event_name":"Addict","player_choice":"Obtained Relic","floor":21.0,"damage_taken":0.0},{"event_name":"Drug Dealer","player_choice":"Got JAXXED","floor":30.0,"damage_taken":0.0}],"boss_relics":[],"potions_floor_spawned":[1,3,5,20,28,29,33,37,47],"seed_played":"-3463603985255645304","ascension_level":0,"is_trial":false}