{"path_per_floor":["M","?","?","M","$","R","?","M","T","M","R","E","R","E","R","B",null,"M","?","$","M","M","R","E","R","T","M","M","R","M","M","R"],"character_chosen":"IRONCLAD","items_purchased":["Demon Form","Good Instincts","Flex","Blind"],"gold_per_floor":[112,287,362,373,33,33,33,43,43,55,55,86,86,120,120,222,222,234,134,29,40,57,57,84,84,84,95,107,107,125,137,137],"floor_reached":33,"campfire_rested":3,"playtime":1576,"current_hp_per_floor":[80,80,69,65,65,65,65,71,71,75,75,64,64,59,80,46,80,80,80,80,80,80,80,64,64,64,65,54,78,43,21,45],"items_purged":["Doubt"],"gold":137,"score":277,"play_id":"f2d3c64c-3b7e-4297-b142-286ef4ed17f5","is_prod":false,"is_daily":false,"is_ascension_mode":false,"campfire_upgraded":5,"path_taken":["M","?","?","M","$","R","?","M","T","M","R","E","R","E","R","BOSS","M","?","$","M","M","R","E","R","T","M","M","R","M","?","R","BOSS"],"build_version":"2018-02-22-PROD2","purchased_purges":1,"victory":false,"master_deck":["Strike_R","Strike_R","Strike_R","Strike_R","Defend_R","Defend_R","Defend_R","Defend_R","Bash","Battle Trance","Rampage+1","Double Tap+1","Demon Form","Good Instincts","Flex+1","Whirlwind","Headbutt","Combust+1","Fire Breathing+1","Reaper","J.A.X.","Blind+1","Flame Barrier+1","Inflame+1","True Grit+1","Heavy Blade","Offering","Shrug It Off"],"max_hp_per_floor":[80,80,80,80,80,80,80,80,80,80,80,80,80,80,80,80,80,80,80,80,80,80,80,80,80,80,80,80,80,80,80,80],"relics":["Burning Blood","Sundial","Frozen Egg 2","Blue Candle","Sozu","Pen Nib","Bronze Scales"],"card_choices":[{"not_picked":["Twin Strike","Intimidate"],"picked":"Battle Trance"},{"not_picked":["Anger","Pommel Strike"],"picked":"Rampage"},{"not_picked":["Clothesline","Hemokinesis"],"picked":"Double Tap"},{"not_picked":["Metallicize","Heavy Blade"],"picked":"Whirlwind"},{"not_picked":["Anger","Inflame"],"picked":"Headbutt"},{"not_picked":["Havoc","Ghostly Armor"],"picked":"Combust"},{"not_picked":["Armaments","Sever Soul"],"picked":"Fire Breathing"},{"not_picked":["Juggernaut","Demon Form"],"picked":"Reaper"},{"not_picked":["Wild Strike","Warcry"],"picked":"Flame Barrier"},{"not_picked":["True Grit","Clothesline"],"picked":"Inflame"},{"not_picked":["Anger","Flex"],"picked":"True Grit"},{"not_picked":["Uppercut","Entrench"],"picked":"Heavy Blade"},{"not_picked":["Blood for Blood","Searing Blow"],"picked":"Offering"},{"not_picked":["Burning Pact","Seeing Red"],"picked":"Shrug It Off"}],"player_experience":816234,"potions_floor_usage":[14,16],"damage_taken":[{"damage":2,"enemies":"Small Slimes","floor":1,"turns":4},{"damage":10,"enemies":"Jaw Worm","floor":4,"turns":5},{"damage":0,"enemies":"2 Louse","floor":8,"turns":4},{"damage":2,"enemies":"2 Fungi Beasts","floor":10,"turns":2},{"damage":17,"enemies":"3 Sentries","floor":12,"turns":6},{"damage":11,"enemies":"Gremlin Nob","floor":14,"turns":4},{"damage":40,"enemies":"The Guardian","floor":16,"turns":6},{"damage":0,"enemies":"2 Thieves","floor":18,"turns":1},{"damage":11,"enemies":"Shell Parasite","floor":21,"turns":4},{"damage":6,"enemies":"Chosen and Byrds","floor":22,"turns":4},{"damage":22,"enemies":"Gremlin Leader","floor":24,"turns":4},{"damage":18,"enemies":"Centurion and Healer","floor":27,"turns":6},{"damage":17,"enemies":"Cultist and Chosen","floor":28,"turns":4},{"damage":41,"enemies":"Slaver and Parasite","floor":30,"turns":5},{"damage":28,"enemies":"Snake Plant","floor":31,"turns":2},{"damage":26,"enemies":"Automaton","floor":33,"turns":6}],"event_choices":[{"event_name":"Liars Game","player_choice":"agreed","floor":2,"damage_taken":0},{"event_name":"World of Goop","player_choice":"Gather Gold","floor":3,"damage_taken":0},{"event_name":"Living Wall","player_choice":"Forget","floor":7,"damage_taken":0},{"event_name":"Drug Dealer","player_choice":"Got JAXXED","floor":19,"damage_taken":0}],"boss_relics":[{"not_picked":["Pandora\u0027s Box","Black Star"],"picked":"Sozu"}],"potions_floor_spawned":[10,14,21,28],"seed_played":"5755552227038079475","killed_by":"Automaton","ascension_level":0,"is_trial":false}