{"path_per_floor":["M","?","M","M","M","E","R","M","T","R","$","?","E","M","R","B",null,"M","?","M","M","$","E","R","M","T","M","$","M","M","M","R","B",null,"M","?","?","?","?","R","M","R","T","$","E","?","$","M","R"],"character_chosen":"IRONCLAD","items_purchased":["Blind","True Grit","Whirlwind","Trip","Strength Potion","Sadistic Nature","Inflame"],"gold_per_floor":[109,109,121,140,156,186,186,204,204,204,30,30,62,74,74,177,177,187,187,206,223,53,85,85,104,130,144,46,64,79,93,93,194,224,237,237,237,237,284,284,301,301,301,72,104,104,23,36,36],"floor_reached":50,"campfire_rested":1,"playtime":3644,"current_hp_per_floor":[78,78,80,80,80,78,78,77,77,77,77,77,72,76,76,53,80,72,72,71,69,69,45,69,80,80,73,73,80,80,80,80,52,85,70,70,59,59,79,79,85,85,85,85,95,95,95,95,95],"items_purged":["Strike_R","Injury","Doubt"],"gold":36,"score":479,"play_id":"15d1afe5-c447-47d2-ba8f-1e295b7ee364","is_prod":false,"is_daily":false,"is_ascension_mode":false,"campfire_upgraded":7,"path_taken":["M","?","?","?","M","E","R","M","T","R","$","?","E","M","R","BOSS","M","?","M","M","$","E","R","M","T","M","$","M","M","M","R","BOSS","M","?","?","?","?","R","M","R","T","$","E","?","?","M","R","BOSS"],"build_version":"2018-02-22-PROD2","purchased_purges":4,"victory":false,"master_deck":["Strike_R","Strike_R","Strike_R","Defend_R","Defend_R","Defend_R","Defend_R","Bash","Hemokinesis+1","Headbutt","Thunderclap","Seeing Red+1","Double Tap+1","Blind+1","True Grit+1","Shrug It Off+1","Reaper","Metallicize+1","Reaper+1","Warcry+1","Whirlwind+1","Trip+1","Blood for Blood+1","Uppercut","Shockwave+1","Power Through+1","Flame Barrier+1","Madness","Madness","Sentinel+1","Sadistic Nature","Burning Pact","Inflame","Warcry+1"],"max_hp_per_floor":[80,80,80,80,80,80,80,80,80,80,80,80,80,80,80,80,80,80,80,80,80,80,80,80,80,80,80,80,80,80,80,80,80,85,85,85,85,85,85,85,85,85,85,85,95,95,95,95,95],"relics":["Burning Blood","Smiling Mask","Thread and Needle","Mercury Hourglass","Cursed Key","Pen Nib","Ancient Tea Set","Tiny House","Sundial","Red Skull","Pear"],"card_choices":[{"not_picked":["Sentinel","Twin Strike"],"picked":"Hemokinesis"},{"not_picked":["Twin Strike","Anger"],"picked":"Headbutt"},{"not_picked":["Wild Strike","Twin Strike"],"picked":"Thunderclap"},{"not_picked":["Sword Boomerang","Intimidate"],"picked":"Seeing Red"},{"not_picked":["Feel No Pain","Cleave"],"picked":"Double Tap"},{"not_picked":["Armaments","Sever Soul"],"picked":"Shrug It Off"},{"not_picked":["Fiend Fire","Brutality"],"picked":"Reaper"},{"not_picked":["Clash","Armaments"],"picked":"Metallicize"},{"not_picked":["Infernal Blade","Armaments"],"picked":"Warcry"},{"not_picked":["Wild Strike","Reckless Charge"],"picked":"Warcry"},{"not_picked":["Uppercut","Hemokinesis"],"picked":"Blood for Blood"},{"not_picked":["Intimidate","Iron Wave"],"picked":"Uppercut"},{"not_picked":["True Grit","Havoc"],"picked":"Shockwave"},{"not_picked":["Headbutt","Sword Boomerang"],"picked":"Power Through"},{"not_picked":["Body Slam","Pommel Strike"],"picked":"Flame Barrier"},{"not_picked":["Armaments","Combust"],"picked":"Sentinel"},{"not_picked":["Reaper","Sword Boomerang"],"picked":"Burning Pact"},{"not_picked":["Clothesline","Rage"],"picked":"Warcry"}],"player_experience":808920,"potions_floor_usage":[5,6,14,23,33,33,35,39,45,45,45,50],"damage_taken":[{"damage":8,"enemies":"Jaw Worm","floor":1,"turns":3},{"damage":2,"enemies":"Cultist","floor":3,"turns":2},{"damage":2,"enemies":"2 Louse","floor":4,"turns":2},{"damage":2,"enemies":"Red Slaver","floor":5,"turns":4},{"damage":8,"enemies":"Gremlin Nob","floor":6,"turns":3},{"damage":7,"enemies":"Gremlin Gang","floor":8,"turns":3},{"damage":11,"enemies":"3 Sentries","floor":13,"turns":4},{"damage":2,"enemies":"Looter","floor":14,"turns":3},{"damage":29,"enemies":"The Guardian","floor":16,"turns":10},{"damage":17,"enemies":"3 Byrds","floor":18,"turns":5},{"damage":7,"enemies":"Spheric Guardian","floor":20,"turns":3},{"damage":12,"enemies":"Chosen and Byrds","floor":21,"turns":7},{"damage":31,"enemies":"Book of Stabbing","floor":23,"turns":6},{"damage":8,"enemies":"Centurion and Healer","floor":25,"turns":6},{"damage":13,"enemies":"Slaver and Parasite","floor":27,"turns":5},{"damage":9,"enemies":"Snecko","floor":29,"turns":5},{"damage":2,"enemies":"Centurion and Healer","floor":30,"turns":5},{"damage":12,"enemies":"Chosen and Byrds","floor":31,"turns":5},{"damage":57,"enemies":"Automaton","floor":33,"turns":10},{"damage":21,"enemies":"3 Darklings","floor":35,"turns":6},{"damage":20,"enemies":"Mysterious Sphere","floor":39,"turns":5},{"damage":13,"enemies":"3 Shapes","floor":41,"turns":5},{"damage":25,"enemies":"2 Orb Walkers","floor":45,"turns":5},{"damage":16,"enemies":"Maw","floor":48,"turns":8},{"damage":106,"enemies":"Donu and Deca","floor":50,"turns":8}],"event_choices":[{"event_name":"Accursed Blacksmith","player_choice":"Forge","floor":2,"damage_taken":0},{"event_name":"Bonfire Elementals","player_choice":"BASIC","floor":12,"damage_taken":0},{"event_name":"Duplicator","player_choice":"One dupe","floor":19,"damage_taken":0},{"event_name":"Match and Keep!","player_choice":"0 cards matched","floor":36,"damage_taken":0},{"event_name":"Winding Halls","player_choice":"Embrace Madness","floor":37,"damage_taken":0},{"event_name":"Upgrade Shrine","player_choice":"Upgraded","floor":38,"damage_taken":0},{"event_name":"Mysterious Sphere","player_choice":"Fight","floor":39,"damage_taken":0}],"boss_relics":[{"not_picked":["Runic Pyramid","Lizard Tail"],"picked":"Cursed Key"},{"not_picked":["Orrery","Mark of Pain"],"picked":"Tiny House"}],"potions_floor_spawned":[1,3,8,21,30,31,33,35,39,45],"seed_played":"-1513047224269947955","killed_by":"Donu and Deca","ascension_level":0,"is_trial":false}