{"path_per_floor":["M","M","M","?","M","R","E","?","T","R","E","?","T","?","R","B",null,"M","?","?","M","M","E","R","M","T","R","$","M","R","E","R","B",null,"M","M","M","?","M","E","R","M","T","R","$","?","M","M","R","B"],"character_chosen":"IRONCLAD","items_purchased":["Gremlin Horn","Happy Flower","Rupture"],"gold_per_floor":[119,130,144,144,154,154,182,132,178,178,207,207,207,207,207,308,308,328,328,328,346,361,388,388,404,431,431,21,31,31,62,62,159,159,175,193,204,204,224,252,252,267,290,290,135,135,148,168,168,168],"floor_reached":51,"campfire_rested":2,"playtime":2842,"current_hp_per_floor":[80,80,74,74,77,77,71,71,71,71,77,77,77,77,77,80,80,80,80,80,80,80,80,80,80,80,80,80,74,74,73,73,55,80,80,80,80,70,72,25,49,51,51,76,76,76,81,85,85,20],"items_purged":["Madness"],"gold":168,"score":577,"play_id":"2e6e958e-2d08-453a-b739-90cf1054930a","is_prod":false,"is_daily":false,"is_ascension_mode":false,"campfire_upgraded":8,"path_taken":["M","M","M","?","M","R","E","?","T","R","E","?","?","?","R","BOSS","M","?","?","M","M","E","R","M","T","R","$","?","R","E","R","BOSS","M","M","M","?","M","E","R","M","T","R","$","?","M","M","R","BOSS"],"build_version":"2018-02-22-PROD2","purchased_purges":1,"victory":true,"master_deck":["Strike_R","Strike_R","Strike_R","Strike_R","Defend_R","Defend_R","Defend_R","Bash","Perfected Strike+1","Flame Barrier+1","Shrug It Off+1","Mind Blast","Pommel Strike+1","Wild Strike+1","Combust+1","Twin Strike","Evolve+1","Offering","Iron Wave","Shrug It Off+1","Perfected Strike+1","Flame Barrier","Perfected Strike+1","Madness","Disarm+1","Warcry","Rupture","Wild Strike+1"],"max_hp_per_floor":[80,80,80,80,80,80,80,80,80,80,80,80,80,80,80,80,80,80,80,80,80,80,80,80,80,80,80,80,80,80,80,80,80,80,80,80,80,80,80,82,82,84,84,84,84,84,84,86,86,86],"relics":["Burning Blood","Orichalcum","Vajra","Bag of Preparation","Thread and Needle","Mark of Pain","Anchor","Omamori","Gremlin Horn","Happy Flower","Blood Vial","Sozu","Singing Bowl","Dream Catcher"],"card_choices":[{"not_picked":["Twin Strike","Infernal Blade"],"picked":"Perfected Strike"},{"not_picked":["Flex","Wild Strike"],"picked":"Flame Barrier"},{"not_picked":["Rampage","Corruption"],"picked":"Shrug It Off"},{"not_picked":["Clash","Shockwave"],"picked":"Pommel Strike"},{"not_picked":["Reckless Charge","Berserk"],"picked":"Wild Strike"},{"not_picked":["Second Wind","Havoc"],"picked":"Combust"},{"not_picked":["Body Slam","Iron Wave"],"picked":"Twin Strike"},{"not_picked":["Thunderclap","Rampage"],"picked":"Evolve"},{"not_picked":["Twin Strike","Headbutt"],"picked":"Offering"},{"not_picked":["Heavy Blade","Sword Boomerang"],"picked":"Iron Wave"},{"not_picked":["Armaments","Sword Boomerang"],"picked":"Shrug It Off"},{"not_picked":["Uppercut","Reaper"],"picked":"Perfected Strike"},{"not_picked":["Sword Boomerang","Second Wind"],"picked":"Flame Barrier"},{"not_picked":["Thunderclap","Heavy Blade"],"picked":"Perfected Strike"},{"not_picked":["Perfected Strike","Infernal Blade"],"picked":"Disarm"},{"not_picked":["Second Wind","Twin Strike"],"picked":"Warcry"},{"not_picked":["Hemokinesis","Warcry"],"picked":"Wild Strike"}],"player_experience":812598,"potions_floor_usage":[7,7,16,23,23,29,31,33,39],"damage_taken":[{"damage":2,"enemies":"2 Louse","floor":1,"turns":4},{"damage":1,"enemies":"Cultist","floor":2,"turns":3},{"damage":12,"enemies":"Jaw Worm","floor":3,"turns":4},{"damage":3,"enemies":"Large Slime","floor":5,"turns":10},{"damage":12,"enemies":"Lagavulin","floor":7,"turns":4},{"damage":0,"enemies":"Gremlin Nob","floor":11,"turns":3},{"damage":1,"enemies":"Slime Boss","floor":16,"turns":4},{"damage":1,"enemies":"Shell Parasite","floor":18,"turns":2},{"damage":1,"enemies":"Spheric Guardian","floor":21,"turns":2},{"damage":2,"enemies":"3 Cultists","floor":22,"turns":4},{"damage":6,"enemies":"Slavers","floor":23,"turns":5},{"damage":6,"enemies":"Centurion and Healer","floor":25,"turns":3},{"damage":12,"enemies":"Snake Plant","floor":29,"turns":4},{"damage":7,"enemies":"Gremlin Leader","floor":31,"turns":4},{"damage":26,"enemies":"Collector","floor":33,"turns":7},{"damage":5,"enemies":"3 Shapes","floor":35,"turns":2},{"damage":1,"enemies":"Orb Walker","floor":36,"turns":2},{"damage":0,"enemies":"Sphere and 2 Shapes","floor":37,"turns":3},{"damage":6,"enemies":"4 Shapes","floor":39,"turns":2},{"damage":57,"enemies":"Nemesis","floor":40,"turns":5},{"damage":8,"enemies":"Maw","floor":42,"turns":6},{"damage":3,"enemies":"3 Darklings","floor":47,"turns":3},{"damage":6,"enemies":"4 Shapes","floor":48,"turns":4},{"damage":72,"enemies":"Donu and Deca","floor":50,"turns":8}],"event_choices":[{"event_name":"Match and Keep!","player_choice":"2 cards matched","floor":4,"damage_taken":0},{"event_name":"The Cleric","player_choice":"Card Removal","floor":8,"damage_taken":0},{"event_name":"Purifier","player_choice":"One Purge","floor":12,"damage_taken":0},{"event_name":"Liars Game","player_choice":"disagreed","floor":14,"damage_taken":0},{"event_name":"Vampires","player_choice":"Ignored","floor":19,"damage_taken":0},{"event_name":"Purifier","player_choice":"One Purge","floor":20,"damage_taken":0},{"event_name":"Winding Halls","player_choice":"Embrace Madness","floor":38,"damage_taken":0},{"event_name":"Mysterious Sphere","player_choice":"Ignore","floor":46,"damage_taken":0}],"boss_relics":[{"not_picked":["Snecko Eye","Astrolabe"],"picked":"Mark of Pain"},{"not_picked":["Philosopher\u0027s Stone","Pandora\u0027s Box"],"picked":"Sozu"}],"potions_floor_spawned":[2,5,7,11,21,22,25,29,33,36,47,48],"seed_played":"1226359017090493226","ascension_level":0,"is_trial":false}