{"path_per_floor":["M","M","$","M","?","R","E","M","T","R","M","M","M","M","R","B",null,"M","?","$","?","?","R","M","M","T","M","M","R","?","M","R"],"character_chosen":"IRONCLAD","items_purchased":["Uppercut","Flash of Steel","True Grit","Apotheosis","Inflame"],"gold_per_floor":[217,237,18,33,33,33,68,81,163,163,179,194,207,222,222,318,318,329,329,72,72,72,72,89,109,109,121,135,135,135,146,146],"floor_reached":33,"campfire_rested":2,"playtime":3962,"current_hp_per_floor":[80,80,80,80,80,80,76,74,74,74,68,70,73,58,58,33,80,71,71,71,71,71,71,64,37,37,19,15,39,39,28,52],"items_purged":[],"gold":146,"score":253,"play_id":"07dda3fb-e44e-4a7f-8628-8ddf195d12e7","local_time":"20180309213909","is_prod":false,"is_daily":false,"is_ascension_mode":false,"campfire_upgraded":4,"timestamp":1520627949,"path_taken":["M","M","$","M","?","R","E","?","T","R","M","?","M","M","R","BOSS","M","?","$","?","?","R","M","M","T","?","M","R","?","?","R","BOSS"],"build_version":"2018-03-01-PROD1","purchased_purges":0,"victory":false,"master_deck":["Strike_R+1","Strike_R+1","Strike_R+1","Strike_R+1","Defend_R+1","Defend_R+1","Defend_R+1","Defend_R+1","Bash","Clothesline","Dropkick","Uppercut+1","Flash of Steel","True Grit","Armaments+1","Warcry","Thunderclap","Disarm+1","Cleave","Offering","Iron Wave","Apotheosis+1","Inflame","Flex","Rampage"],"max_hp_per_floor":[80,80,80,80,80,80,80,80,80,80,80,80,80,80,80,80,80,80,80,80,80,80,80,80,80,80,80,80,80,80,80,80],"relics":["Burning Blood"],"card_choices":[{"not_picked":["Havoc","Twin Strike"],"picked":"Clothesline"},{"not_picked":["Sentinel","Wild Strike"],"picked":"Dropkick"},{"not_picked":["Sentinel","Perfected Strike"],"picked":"Armaments"},{"not_picked":["Body Slam","Perfected Strike"],"picked":"Warcry"},{"not_picked":["Warcry","Evolve"],"picked":"Thunderclap"},{"not_picked":["Anger","Havoc"],"picked":"Disarm"},{"not_picked":["Limit Break","Carnage"],"picked":"Cleave"},{"not_picked":["Double Tap","Demon Form"],"picked":"Offering"},{"not_picked":["Hemokinesis","Headbutt"],"picked":"Flex"},{"not_picked":["Pommel Strike","Reckless Charge"],"picked":"Rampage"}],"player_experience":736057,"potions_floor_usage":[7,8,13,16,18,24,27,31],"damage_taken":[{"damage":1,"enemies":"Jaw Worm","floor":1,"turns":5},{"damage":3,"enemies":"Small Slimes","floor":2,"turns":4},{"damage":0,"enemies":"2 Louse","floor":4,"turns":3},{"damage":10,"enemies":"Gremlin Nob","floor":7,"turns":4},{"damage":8,"enemies":"Lots of Slimes","floor":8,"turns":5},{"damage":12,"enemies":"Gremlin Gang","floor":11,"turns":5},{"damage":4,"enemies":"Looter","floor":12,"turns":3},{"damage":3,"enemies":"Red Slaver","floor":13,"turns":4},{"damage":21,"enemies":"Lots of Slimes","floor":14,"turns":5},{"damage":31,"enemies":"Hexaghost","floor":16,"turns":16},{"damage":15,"enemies":"Chosen","floor":18,"turns":4},{"damage":13,"enemies":"3 Byrds","floor":24,"turns":5},{"damage":33,"enemies":"Sentry and Sphere","floor":25,"turns":6},{"damage":24,"enemies":"Slaver and Parasite","floor":27,"turns":5},{"damage":10,"enemies":"Snecko","floor":28,"turns":5},{"damage":17,"enemies":"3 Cultists","floor":31,"turns":5},{"damage":61,"enemies":"Automaton","floor":33,"turns":6}],"event_choices":[{"event_name":"Scrap Ooze","player_choice":"unsuccessful","floor":5,"damage_taken":0},{"event_name":"Transmorgrifier","player_choice":"Transform","floor":19,"damage_taken":0},{"event_name":"Vampires","player_choice":"Ignored","floor":21,"damage_taken":0},{"event_name":"Back to Basics","player_choice":"Simplicity","floor":22,"damage_taken":0},{"event_name":"Addict","player_choice":"Ignored","floor":30,"damage_taken":0}],"boss_relics":[{"not_picked":["Mark of Pain","Runic Cube","Question Card"]}],"potions_floor_spawned":[2,4,7,12,16,18,25,28],"seed_played":"-7989380567017374714","killed_by":"Automaton","ascension_level":0,"is_trial":false}