{"path_per_floor":["M","M","M","M","$","R","E","R","T","R","$","?","E","$","R","B",null,"M","M","?","?","M","E","R","M","T","M","?","R","$","M","R","B",null,"M","M","?","?","T","E","R","$","T","M","R","M","R","M","R","B"],"character_chosen":"IRONCLAD","items_purchased":["Barricade","Shrug It Off","Meat on the Bone"],"gold_per_floor":[109,129,149,160,18,18,44,44,44,44,44,44,74,74,74,178,178,190,200,100,100,111,140,140,152,179,198,298,298,223,233,233,330,330,347,361,361,361,412,442,442,56,56,66,66,77,77,94,94,94],"floor_reached":51,"campfire_rested":3,"playtime":3000,"current_hp_per_floor":[80,80,80,59,59,59,45,45,45,69,69,51,64,64,64,50,80,80,80,80,80,80,75,75,80,80,80,80,80,80,80,80,80,80,80,80,80,80,80,16,40,40,40,55,79,76,76,80,80,75],"items_purged":["Doubt","Doubt"],"gold":94,"score":555,"play_id":"efa90a10-cb74-4b79-9405-b0a4c91d1be7","local_time":"20180309154202","is_prod":false,"is_daily":false,"is_ascension_mode":false,"campfire_upgraded":8,"timestamp":1520606522,"path_taken":["M","?","M","M","$","R","E","R","T","R","$","?","E","?","R","BOSS","M","M","?","?","M","E","R","M","T","M","?","R","$","M","R","BOSS","M","?","?","?","?","E","R","$","T","M","R","M","R","M","R","BOSS"],"build_version":"2018-03-01-PROD1","purchased_purges":2,"victory":true,"master_deck":["Strike_R+1","Strike_R+1","Strike_R+1","Strike_R+1","Strike_R+1","Defend_R+1","Defend_R+1","Defend_R+1","Defend_R+1","Bash","Disarm","Entrench+1","Armaments+1","Impervious+1","Barricade+1","Inflame+1","Reaper","Ghostly Armor+1","Thunderclap","J.A.X.+1","Shrug It Off","Body Slam+1","Body Slam+1","Dramatic Entrance","Ghostly Armor","Shrug It Off","Uppercut+1","Impervious"],"max_hp_per_floor":[80,80,80,80,80,80,80,80,80,80,80,80,80,80,80,80,80,80,80,80,80,80,80,80,80,80,80,80,80,80,80,80,80,80,80,80,80,80,80,80,80,80,80,80,80,80,80,80,80,80],"relics":["Black Blood","Anchor","Vajra","Bird Faced Urn","Ice Cream","Ancient Tea Set","Cursed Key","Bag of Preparation","Bag of Marbles","Dream Catcher","Centennial Puzzle","Meat on the Bone"],"card_choices":[{"not_picked":["Pommel Strike","Warcry"],"picked":"Disarm"},{"not_picked":["Heavy Blade","Carnage"],"picked":"Entrench"},{"not_picked":["Warcry","Disarm"],"picked":"Armaments"},{"not_picked":["Pummel","Rage"],"picked":"Impervious"},{"not_picked":["Combust","Reaper"],"picked":"Inflame"},{"not_picked":["Berserk","Bludgeon"],"picked":"Reaper"},{"not_picked":["Sever Soul","Clothesline"],"picked":"Ghostly Armor"},{"not_picked":["Wild Strike","Heavy Blade"],"picked":"Thunderclap"},{"not_picked":["Blood for Blood","Demon Form"],"picked":"Shrug It Off"},{"not_picked":["Perfected Strike","Wild Strike"],"picked":"Body Slam"},{"not_picked":["Dropkick","Anger"],"picked":"Body Slam"},{"not_picked":["Uppercut","Flex"],"picked":"Ghostly Armor"},{"not_picked":["Heavy Blade","Armaments"],"picked":"Uppercut"},{"not_picked":["Armaments","Iron Wave"],"picked":"Impervious"}],"player_experience":726572,"potions_floor_usage":[35,40,40,40,50,50],"damage_taken":[{"damage":5.0,"enemies":"Cultist","floor":1.0,"turns":4.0},{"damage":1.0,"enemies":"Jaw Worm","floor":2.0,"turns":3.0},{"damage":1.0,"enemies":"2 Louse","floor":3.0,"turns":3.0},{"damage":27.0,"enemies":"Exordium Thugs","floor":4.0,"turns":7.0},{"damage":20.0,"enemies":"3 Sentries","floor":7.0,"turns":26.0},{"damage":10.0,"enemies":"Lagavulin","floor":13.0,"turns":8.0},{"damage":24.0,"enemies":"Slime Boss","floor":16.0,"turns":13.0},{"damage":6.0,"enemies":"Chosen","floor":18.0,"turns":6.0},{"damage":0.0,"enemies":"Spheric Guardian","floor":19.0,"turns":7.0},{"damage":3.0,"enemies":"Centurion and Healer","floor":22.0,"turns":7.0},{"damage":22.0,"enemies":"Book of Stabbing","floor":23.0,"turns":8.0},{"damage":9.0,"enemies":"Snake Plant","floor":25.0,"turns":5.0},{"damage":3.0,"enemies":"3 Cultists","floor":27.0,"turns":6.0},{"damage":3.0,"enemies":"Centurion and Healer","floor":31.0,"turns":5.0},{"damage":3.0,"enemies":"Automaton","floor":33.0,"turns":11.0},{"damage":9,"enemies":"3 Shapes","floor":35,"turns":5},{"damage":3,"enemies":"3 Darklings","floor":36,"turns":5},{"damage":89,"enemies":"Giant Head","floor":40,"turns":11},{"damage":11,"enemies":"Sphere and 2 Shapes","floor":44,"turns":5},{"damage":16,"enemies":"4 Shapes","floor":46,"turns":6},{"damage":3,"enemies":"Maw","floor":48,"turns":5},{"damage":43,"enemies":"Donu and Deca","floor":50,"turns":13}],"event_choices":[{"event_name":"Scrap Ooze","player_choice":"success","floor":12.0,"damage_taken":18.0},{"event_name":"Drug Dealer","player_choice":"Got JAXXED","floor":20.0,"damage_taken":0.0},{"event_name":"Back to Basics","player_choice":"Simplicity","floor":21.0,"damage_taken":0.0},{"event_name":"Golden Shrine","player_choice":"Pray","floor":28.0,"damage_taken":0.0},{"event_name":"Match and Keep!","player_choice":"1 cards matched","floor":37,"damage_taken":0},{"event_name":"Tomb of Lord Red Mask","player_choice":"Ignored","floor":38,"damage_taken":0}],"boss_relics":[{"not_picked":["Snecko Eye","Eternal Feather"],"picked":"Black Blood"}],"potions_floor_spawned":[3,7,13,23,25,31,33,36,44,46],"seed_played":"-153578369767146302","ascension_level":0,"is_trial":false}