{"path_per_floor":["M","?","$","M","M","R","M","E","T","M","R","?","?","M","R","B",null,"M","?","?","M","$","R","M"],"character_chosen":"IRONCLAD","items_purchased":["Limit Break","Medical Kit"],"gold_per_floor":[365,365,138,152,169,169,184,209,209,228,228,257,257,267,267,368,368,368,283,283,223,63,63,63],"floor_reached":25,"campfire_rested":1,"playtime":1161,"current_hp_per_floor":[80,80,80,78,75,75,64,50,50,35,59,38,38,44,44,18,80,80,80,65,58,58,58,25],"items_purged":["Injury"],"gold":63,"score":203,"play_id":"5b99add4-b44c-4230-8a82-7c7daf018214","local_time":"20180303154559","is_prod":false,"is_daily":false,"is_ascension_mode":false,"campfire_upgraded":3,"timestamp":1520088359,"path_taken":["M","?","$","M","M","R","M","E","T","M","R","?","?","M","R","BOSS","M","?","?","M","$","R","M","M"],"build_version":"2018-03-01-PROD1","purchased_purges":1,"victory":false,"master_deck":["Strike_R","Strike_R","Strike_R","Strike_R","Defend_R","Defend_R","Defend_R","Defend_R","Bash+1","Warcry","Limit Break+1","Thunderclap","Sword Boomerang","Inflame","True Grit+1","Cleave","Shrug It Off+1","Twin Strike","Double Tap+1","Heavy Blade","Fire Breathing+1"],"max_hp_per_floor":[80,80,80,80,80,80,80,80,80,80,80,80,80,80,80,80,80,80,80,85,85,85,85,85],"relics":["Burning Blood","War Paint","The Courier","Odd Mushroom","Ectoplasm","Blood Vial","Medical Kit"],"card_choices":[{"not_picked":["Clothesline","Heavy Blade"],"picked":"Warcry"},{"not_picked":["Cleave","Burning Pact"],"picked":"Thunderclap"},{"not_picked":["Fire Breathing","Clothesline"],"picked":"Sword Boomerang"},{"not_picked":["Headbutt","Anger"],"picked":"Inflame"},{"not_picked":["Pommel Strike","Hemokinesis"],"picked":"True Grit"},{"not_picked":["Havoc","Reckless Charge"],"picked":"Cleave"},{"not_picked":["Evolve","Clash"],"picked":"Shrug It Off"},{"not_picked":["Exhume","Iron Wave"],"picked":"Twin Strike"},{"not_picked":["Bludgeon","Barricade"],"picked":"Double Tap"},{"not_picked":["Rage","Power Through"],"picked":"Heavy Blade"},{"not_picked":["True Grit","Pommel Strike"],"picked":"Fire Breathing"}],"player_experience":836841,"potions_floor_usage":[7,8,12,21,25],"damage_taken":[{"damage":2,"enemies":"2 Louse","floor":1,"turns":3},{"damage":8,"enemies":"Cultist","floor":4,"turns":6},{"damage":9,"enemies":"Small Slimes","floor":5,"turns":3},{"damage":17,"enemies":"3 Louse","floor":7,"turns":5},{"damage":20,"enemies":"Gremlin Nob","floor":8,"turns":4},{"damage":21,"enemies":"Gremlin Gang","floor":10,"turns":7},{"damage":39,"enemies":"The Mushroom Lair","floor":12,"turns":5},{"damage":0,"enemies":"Exordium Wildlife","floor":14,"turns":3},{"damage":32,"enemies":"The Guardian","floor":16,"turns":11},{"damage":5,"enemies":"Shell Parasite","floor":18,"turns":5},{"damage":15,"enemies":"2 Thieves","floor":21,"turns":4},{"damage":41,"enemies":"3 Cultists","floor":24,"turns":6},{"damage":20,"enemies":"Centurion and Healer","floor":25,"turns":6}],"event_choices":[{"event_name":"The Woman in Blue","player_choice":"Bought 0 Potions","floor":2,"damage_taken":0},{"event_name":"Mushrooms","player_choice":"Fought Mushrooms","floor":12,"damage_taken":0},{"event_name":"Bonfire Elementals","player_choice":"BASIC","floor":13,"damage_taken":0},{"event_name":"Addict","player_choice":"Obtained Relic","floor":19,"damage_taken":0},{"event_name":"Forgotten Altar","player_choice":"Shed Blood","floor":20,"damage_taken":0}],"boss_relics":[{"not_picked":["Lizard Tail","Runic Dome"],"picked":"Ectoplasm"}],"potions_floor_spawned":[5,7,10,16,24],"seed_played":"7099091835420589169","killed_by":"Centurion and Healer","ascension_level":0,"is_trial":false}