{"path_per_floor":["M","M","?","$","M","R","?","E","T","M","M","R","E","M","R","B",null,"M","M","?","M","?","R","M","R","T","E","R","?","$","?","R","B",null,"M","M","M","?","?","R","$","R","T","M","M","M","R","$","R","B"],"character_chosen":"IRONCLAD","items_purchased":["Happy Flower","Sadistic Nature","Battle Trance","Finesse"],"gold_per_floor":[118,132,307,85,104,104,104,135,135,154,165,165,192,209,209,310,310,328,345,345,364,264,264,282,282,307,338,338,253,65,65,65,163,163,180,193,206,206,252,252,77,77,77,87,99,113,113,22,22,22],"floor_reached":51,"campfire_rested":2,"playtime":3791,"current_hp_per_floor":[80,80,80,80,80,80,80,85,85,91,96,96,82,88,88,71,106,109,112,112,112,112,112,112,112,112,111,111,111,111,95,95,51,115,115,102,89,89,87,87,87,124,124,120,116,106,106,106,134,101],"items_purged":["Doubt","Writhe"],"gold":22,"score":527,"play_id":"98483ea9-2e23-434d-8f70-8aff8423d743","local_time":"20180304202032","is_prod":false,"is_daily":false,"is_ascension_mode":false,"campfire_upgraded":9,"timestamp":1520191232,"path_taken":["M","M","?","$","M","R","?","E","T","M","M","R","E","?","R","BOSS","M","?","?","M","?","R","?","R","T","E","R","?","$","?","R","BOSS","M","M","M","?","?","R","$","R","T","M","M","M","R","$","R","BOSS"],"build_version":"2018-03-01-PROD1","purchased_purges":2,"victory":true,"master_deck":["Strike_R","Strike_R","Strike_R","Strike_R","Strike_R","Defend_R","Defend_R","Defend_R","Defend_R","Bash","Thunderclap+1","Pommel Strike+1","Uppercut+1","Feed","Shockwave+1","Warcry+1","True Grit+1","Double Tap+1","Wild Strike","Shrug It Off+1","J.A.X.+1","Flex+1","Sadistic Nature+1","Brutality+1","Disarm","Armaments+1","Cleave+1","Battle Trance","Intimidate+1","True Grit+1","Finesse"],"max_hp_per_floor":[80,80,80,80,80,80,80,94,94,97,100,100,100,103,103,106,106,109,112,112,112,112,112,112,112,112,115,115,115,115,115,115,115,115,115,118,118,118,124,124,124,124,124,127,134,134,134,134,134,138],"relics":["Burning Blood","Bag of Preparation","Happy Flower","Mango","Champion Belt","Orichalcum","Velvet Choker","Bronze Scales","Anchor","Vajra","Frozen Egg 2","Nilry\u0027s Codex","White Beast Statue","Ginger","Shovel","Thread and Needle"],"card_choices":[{"not_picked":["Headbutt","Warcry"],"picked":"Thunderclap"},{"not_picked":["Corruption","Havoc"],"picked":"Pommel Strike"},{"not_picked":["Blood for Blood","Searing Blow"],"picked":"Uppercut"},{"not_picked":["Sever Soul","Whirlwind"],"picked":"Feed"},{"not_picked":["Sword Boomerang","Searing Blow"],"picked":"Shockwave"},{"not_picked":["Carnage","Havoc"],"picked":"Warcry"},{"not_picked":["Headbutt","Iron Wave"],"picked":"True Grit"},{"not_picked":["Barricade","Exhume"],"picked":"Double Tap"},{"not_picked":["Heavy Blade","Corruption"],"picked":"Wild Strike"},{"not_picked":["True Grit","Iron Wave"],"picked":"Shrug It Off"},{"not_picked":["Anger","Uppercut"],"picked":"Flex"},{"not_picked":["Dark Embrace","Double Tap"],"picked":"Brutality"},{"not_picked":["Dropkick","Armaments"],"picked":"Disarm"},{"not_picked":["Hemokinesis","Infernal Blade"],"picked":"Armaments"},{"not_picked":["Flex","Corruption"],"picked":"Cleave"},{"not_picked":["Sword Boomerang","Clothesline"],"picked":"Intimidate"},{"not_picked":["Infernal Blade","Spot Weakness"],"picked":"True Grit"}],"player_experience":847829,"potions_floor_usage":[16,24,27,33,33,37,39,50,50,50],"damage_taken":[{"damage":5,"enemies":"Jaw Worm","floor":1,"turns":4},{"damage":5,"enemies":"Small Slimes","floor":2,"turns":3},{"damage":1,"enemies":"Cultist","floor":5,"turns":3},{"damage":15,"enemies":"3 Sentries","floor":8,"turns":6},{"damage":3,"enemies":"3 Louse","floor":10,"turns":2},{"damage":4,"enemies":"Gremlin Gang","floor":11,"turns":4},{"damage":20,"enemies":"Gremlin Nob","floor":13,"turns":4},{"damage":3,"enemies":"Exordium Thugs","floor":14,"turns":3},{"damage":26,"enemies":"Slime Boss","floor":16,"turns":13},{"damage":1,"enemies":"Shell Parasite","floor":18,"turns":3},{"damage":0,"enemies":"3 Byrds","floor":19,"turns":4},{"damage":3,"enemies":"Centurion and Healer","floor":21,"turns":4},{"damage":4,"enemies":"Chosen and Byrds","floor":24,"turns":3},{"damage":10,"enemies":"Slavers","floor":27,"turns":5},{"damage":50,"enemies":"Automaton","floor":33,"turns":10},{"damage":4,"enemies":"Orb Walker","floor":35,"turns":2},{"damage":22,"enemies":"3 Shapes","floor":36,"turns":3},{"damage":19,"enemies":"Maw","floor":37,"turns":6},{"damage":14,"enemies":"Mysterious Sphere","floor":39,"turns":4},{"damage":13,"enemies":"Sphere and 2 Shapes","floor":44,"turns":7},{"damage":17,"enemies":"4 Shapes","floor":45,"turns":7},{"damage":16,"enemies":"Maw","floor":46,"turns":6},{"damage":43,"enemies":"Awakened One","floor":50,"turns":14}],"event_choices":[{"event_name":"Liars Game","player_choice":"agreed","floor":3,"damage_taken":0},{"event_name":"Upgrade Shrine","player_choice":"Upgraded","floor":7,"damage_taken":0},{"event_name":"The Mausoleum","player_choice":"Yes","floor":20,"damage_taken":0},{"event_name":"Drug Dealer","player_choice":"Got JAXXED","floor":22,"damage_taken":0},{"event_name":"Addict","player_choice":"Obtained Relic","floor":29,"damage_taken":0},{"event_name":"Cursed Tome","player_choice":"Obtained Book","floor":31,"damage_taken":0},{"event_name":"Wheel of Change","player_choice":"Relic","floor":38,"damage_taken":0},{"event_name":"Mysterious Sphere","player_choice":"Fight","floor":39,"damage_taken":0}],"boss_relics":[{"not_picked":["Runic Pyramid","Runic Cube"],"picked":"Velvet Choker"},{"not_picked":["Cursed Key","Runic Dome"],"picked":"White Beast Statue"}],"potions_floor_spawned":[8,10,13,19,24,35,36,37,39,44,45,46],"seed_played":"-7620080278789326724","ascension_level":0,"is_trial":false}