{"path_per_floor":["M","M","$","M","$","E","R","?","T","R","M","M","$","M","R","B",null,"M","M","M","M","?","R","E","M","T","R","M","$","M","$","R","B",null,"M","$","?","M","T","E","R","?","T","M","M","R","M","M","R","B"],"character_chosen":"IRONCLAD","items_purchased":["Oddly Smooth Stone","Whirlwind","Metallicize","Shrug It Off","Trip","Pummel","Good Instincts","Block Potion","War Paint"],"gold_per_floor":[359,372,43,62,15,48,48,106,106,106,126,143,11,21,21,119,119,139,151,161,172,172,172,203,215,215,215,235,44,62,12,12,110,140,156,6,56,76,76,109,109,109,109,122,133,133,146,164,164,164],"floor_reached":51,"campfire_rested":3,"playtime":2948,"current_hp_per_floor":[80,80,80,79,79,46,70,28,28,52,63,66,66,72,72,77,80,80,80,80,80,80,80,79,80,80,80,80,80,80,80,80,80,85,85,85,85,85,85,46,71,85,85,70,77,77,78,72,72,27],"items_purged":["Doubt","Pain"],"gold":164,"score":553,"play_id":"93ae79e3-b744-4449-843e-ff50e4b1f3f7","local_time":"20180303181902","is_prod":false,"is_daily":false,"is_ascension_mode":false,"campfire_upgraded":5,"timestamp":1520097542,"path_taken":["M","M","$","M","?","E","R","?","T","R","?","M","?","M","R","BOSS","M","M","?","M","?","R","E","M","T","R","?","?","M","$","R","BOSS","M","$","?","M","?","E","R","?","T","?","M","R","M","M","R","BOSS"],"build_version":"2018-03-01-PROD1","purchased_purges":2,"victory":true,"master_deck":["Strike_R","Strike_R","Strike_R","Strike_R+1","Strike_R","Defend_R","Defend_R","Defend_R+1","Defend_R","Bash","Thunderclap","Spot Weakness+1","Whirlwind","Metallicize","Pummel","Shrug It Off","Intimidate","Battle Trance","Armaments+1","Trip+1","Pummel","Heavy Blade+1","Impervious+1","Uppercut","Iron Wave+1","Decay","Pommel Strike","Shockwave+1","Good Instincts","Flex+1","Writhe","Clumsy","Fire Breathing+1","Evolve+1"],"max_hp_per_floor":[80,80,80,80,80,80,80,80,80,80,80,80,80,80,80,80,80,80,80,80,80,80,80,80,80,80,80,80,80,80,80,80,80,85,85,85,85,85,85,85,85,85,85,85,85,85,85,85,85,85],"relics":["Burning Blood","Oddly Smooth Stone","Du-Vu Doll","Paper Frog","Thread and Needle","Cursed Key","Torii","Champion Belt","Tiny House","War Paint","Bird Faced Urn","Peace Pipe","Kunai","Calipers"],"card_choices":[{"not_picked":["Sword Boomerang","Blood for Blood"],"picked":"Thunderclap"},{"not_picked":["Uppercut","Perfected Strike"],"picked":"Spot Weakness"},{"not_picked":["Perfected Strike","Wild Strike"],"picked":"Pummel"},{"not_picked":["Power Through","Warcry"],"picked":"Intimidate"},{"not_picked":["Bloodletting","Evolve"],"picked":"Battle Trance"},{"not_picked":["Pommel Strike","Spot Weakness"],"picked":"Armaments"},{"not_picked":["Shrug It Off","Warcry"],"picked":"Heavy Blade"},{"not_picked":["Exhume","Berserk"],"picked":"Impervious"},{"not_picked":["Feel No Pain","Headbutt"],"picked":"Uppercut"},{"not_picked":["Searing Blow","Thunderclap"],"picked":"Iron Wave"},{"not_picked":["Clothesline","Corruption"],"picked":"Pommel Strike"},{"not_picked":["Iron Wave","Dual Wield"],"picked":"Shockwave"},{"not_picked":["Second Wind","Fire Breathing"],"picked":"Flex"},{"not_picked":["Armaments","Second Wind"],"picked":"Fire Breathing"},{"not_picked":["Burning Pact","Bloodletting"],"picked":"Evolve"}],"player_experience":838002,"potions_floor_usage":[11,12,16,24,24,25,28,35,37,40,50,50,50],"damage_taken":[{"damage":1,"enemies":"Cultist","floor":1,"turns":4},{"damage":6,"enemies":"2 Louse","floor":2,"turns":3},{"damage":7,"enemies":"Small Slimes","floor":4,"turns":3},{"damage":39,"enemies":"Gremlin Nob","floor":6,"turns":5},{"damage":48,"enemies":"Gremlin Nob","floor":8,"turns":6},{"damage":1,"enemies":"Gremlin Gang","floor":11,"turns":3},{"damage":3,"enemies":"Exordium Thugs","floor":12,"turns":3},{"damage":0,"enemies":"2 Fungi Beasts","floor":14,"turns":2},{"damage":1,"enemies":"Slime Boss","floor":16,"turns":4},{"damage":6,"enemies":"2 Thieves","floor":18,"turns":3},{"damage":0,"enemies":"Shell Parasite","floor":19,"turns":4},{"damage":0,"enemies":"Centurion and Healer","floor":20,"turns":7},{"damage":1,"enemies":"3 Cultists","floor":21,"turns":4},{"damage":7,"enemies":"Gremlin Leader","floor":24,"turns":4},{"damage":0,"enemies":"Snake Plant","floor":25,"turns":3},{"damage":4,"enemies":"Centurion and Healer","floor":28,"turns":5},{"damage":0,"enemies":"Cultist and Chosen","floor":30,"turns":5},{"damage":4,"enemies":"Champ","floor":33,"turns":9},{"damage":2,"enemies":"3 Shapes","floor":35,"turns":5},{"damage":2,"enemies":"Mysterious Sphere","floor":37,"turns":3},{"damage":1,"enemies":"Orb Walker","floor":38,"turns":3},{"damage":45,"enemies":"2 Orb Walkers","floor":40,"turns":5},{"damage":23,"enemies":"Sphere and 2 Shapes","floor":44,"turns":6},{"damage":1,"enemies":"Maw","floor":45,"turns":6},{"damage":5,"enemies":"3 Darklings","floor":47,"turns":4},{"damage":14,"enemies":"4 Shapes","floor":48,"turns":2},{"damage":57,"enemies":"Donu and Deca","floor":50,"turns":10}],"event_choices":[{"event_name":"Dead Adventurer","player_choice":"Searched \u00271\u0027 times","floor":8,"damage_taken":0},{"event_name":"Forgotten Altar","player_choice":"Smashed Altar","floor":22,"damage_taken":0},{"event_name":"Mysterious Sphere","player_choice":"Fight","floor":37,"damage_taken":0},{"event_name":"Winding Halls","player_choice":"Writhe","floor":42,"damage_taken":0}],"boss_relics":[{"not_picked":["Black Star","Eternal Feather"],"picked":"Cursed Key"},{"not_picked":["Orrery","Question Card"],"picked":"Tiny House"}],"potions_floor_spawned":[6,11,12,16,20,24,25,37,44,45,47],"seed_played":"3350227231386371201","ascension_level":0,"is_trial":false}