{"path_per_floor":["M","M","M","M","?","E","R","M","T","M","M","R","M","$","R","B",null,"M","?","$","M","M","M","R","M","T","?","?","M","R","M","R","B",null,"M","M","M","?","M","R","T","R","T","M","?","$","M","$","R","B"],"character_chosen":"IRONCLAD","items_purchased":["Apotheosis","Uppercut","Shrug It Off","Headbutt","Inflame","War Paint","Lee\u0027s Waffle"],"gold_per_floor":[114,133,144,163,263,289,289,308,308,325,335,335,353,60,60,156,156,175,175,6,26,41,53,53,69,69,69,69,87,87,103,103,198,198,215,234,246,246,261,261,261,261,561,573,573,259,277,79,79,79],"floor_reached":51,"campfire_rested":2,"playtime":2539,"current_hp_per_floor":[78,80,80,73,73,59,59,47,61,58,61,61,61,61,61,24,94,77,58,58,64,55,51,51,51,51,51,35,40,69,71,99,59,99,83,83,85,85,81,81,81,81,81,83,83,83,85,106,106,83],"items_purged":["Power Through","Strike_R","Strike_R"],"gold":79,"score":732,"play_id":"06b62c46-ad77-4a41-a5cc-0bb3fcb8596e","local_time":"20180317180525","is_prod":false,"is_daily":false,"is_ascension_mode":false,"campfire_upgraded":7,"timestamp":1521306325,"path_taken":["M","M","M","M","?","E","R","M","T","M","?","R","M","$","R","BOSS","M","?","$","M","M","M","R","M","T","?","?","M","R","?","R","BOSS","M","?","M","?","M","R","?","R","T","?","?","$","M","$","R","BOSS"],"build_version":"2018-03-15v2","purchased_purges":3,"victory":true,"master_deck":["Strike_R","Strike_R","Strike_R","Defend_R+1","Defend_R","Defend_R","Bash","Rampage+1","Rampage+1","Battle Trance","Iron Wave","Warcry","Shrug It Off+1","Apotheosis+1","Uppercut","Offering","Shrug It Off+1","Headbutt","Flame Barrier+1","Flex","Whirlwind+1","Impervious+1","Metallicize+1","Inflame+1"],"max_hp_per_floor":[80,80,80,80,80,80,80,80,94,94,94,94,94,94,94,94,94,94,99,99,99,99,99,99,99,99,99,99,99,99,99,99,99,99,99,99,99,99,99,99,99,99,99,99,99,99,99,106,106,106],"relics":["Burning Blood","Paper Frog","Mango","Sozu","Pen Nib","Enchiridion","Question Card","Gambling Chip","Old Coin","War Paint","Lee\u0027s Waffle"],"card_choices":[{"not_picked":["Flex","True Grit"],"picked":"Rampage"},{"not_picked":["Iron Wave","Rupture"],"picked":"Rampage"},{"not_picked":["Body Slam","Intimidate"],"picked":"Battle Trance"},{"not_picked":["Sentinel","Clothesline"],"picked":"Iron Wave"},{"not_picked":["Pommel Strike","Anger"],"picked":"Power Through"},{"not_picked":["Twin Strike","Clash"],"picked":"Warcry"},{"not_picked":["Exhume","Dropkick"],"picked":"Shrug It Off"},{"not_picked":["Double Tap","Berserk"],"picked":"Offering"},{"not_picked":["Carnage","Body Slam"],"picked":"Flame Barrier"},{"not_picked":["Heavy Blade","Clothesline"],"picked":"Flex"},{"not_picked":["Warcry","Headbutt"],"picked":"Whirlwind"},{"not_picked":["Demon Form","Barricade"],"picked":"Impervious"},{"not_picked":["Clothesline","Impervious","Carnage"],"picked":"Metallicize"}],"player_experience":886208,"potions_floor_usage":[],"damage_taken":[{"damage":8.0,"enemies":"Jaw Worm","floor":1.0,"turns":4.0},{"damage":1.0,"enemies":"Cultist","floor":2.0,"turns":4.0},{"damage":2.0,"enemies":"2 Louse","floor":3.0,"turns":3.0},{"damage":13.0,"enemies":"Red Slaver","floor":4.0,"turns":3.0},{"damage":20.0,"enemies":"Gremlin Nob","floor":6.0,"turns":4.0},{"damage":18.0,"enemies":"3 Louse","floor":8.0,"turns":4.0},{"damage":9.0,"enemies":"Blue Slaver","floor":10.0,"turns":4.0},{"damage":18.0,"enemies":"Exordium Thugs","floor":11.0,"turns":6.0},{"damage":6.0,"enemies":"Large Slime","floor":13.0,"turns":8.0},{"damage":58.0,"enemies":"Hexaghost","floor":16.0,"turns":10.0},{"damage":23.0,"enemies":"2 Thieves","floor":18.0,"turns":4.0},{"damage":0.0,"enemies":"Spheric Guardian","floor":21.0,"turns":4.0},{"damage":15.0,"enemies":"Cultist and Chosen","floor":22.0,"turns":5.0},{"damage":10.0,"enemies":"Centurion and Healer","floor":23.0,"turns":6.0},{"damage":6.0,"enemies":"Chosen and Byrds","floor":25.0,"turns":6.0},{"damage":1.0,"enemies":"3 Cultists","floor":29.0,"turns":6.0},{"damage":4.0,"enemies":"Snecko","floor":31.0,"turns":2.0},{"damage":46.0,"enemies":"Automaton","floor":33.0,"turns":10.0},{"damage":22.0,"enemies":"3 Darklings","floor":35.0,"turns":4.0},{"damage":6.0,"enemies":"Orb Walker","floor":36.0,"turns":4.0},{"damage":4.0,"enemies":"4 Shapes","floor":37.0,"turns":5.0},{"damage":10.0,"enemies":"Maw","floor":39.0,"turns":9.0},{"damage":4.0,"enemies":"Sphere and 2 Shapes","floor":44.0,"turns":1.0},{"damage":4,"enemies":"4 Shapes","floor":47,"turns":6},{"damage":29,"enemies":"Time Eater","floor":50,"turns":11}],"event_choices":[{"event_name":"Golden Shrine","player_choice":"Pray","floor":5.0,"damage_taken":0.0},{"event_name":"Forgotten Altar","player_choice":"Shed Blood","floor":19.0,"damage_taken":0.0},{"event_name":"Vampires","player_choice":"Ignored","floor":27.0,"damage_taken":0.0},{"event_name":"Cursed Tome","player_choice":"Obtained Book","floor":28.0,"damage_taken":0.0},{"event_name":"Tomb of Lord Red Mask","player_choice":"Ignored","floor":38.0,"damage_taken":0.0},{"event_name":"Mysterious Sphere","player_choice":"Ignore","floor":45,"damage_taken":0}],"boss_relics":[],"potions_floor_spawned":[1,2,10,13,21,22,25,31,35,39,44,47],"seed_played":"-4833279699669882376","ascension_level":0,"is_trial":false}