{"path_per_floor":["M","$","?","M","$","R","E","?","T","$","E","M","E","M","R","B",null,"M","?","$","M","?","R","M","R","T","M","M","M","?","M","R","B",null,"M","M","M","?","M","R","?","M","T","M","$","R","?","M","R","B"],"character_chosen":"IRONCLAD","items_purchased":["Bag of Marbles","Whirlwind","Rage","Disarm","Armaments","Vajra"],"gold_per_floor":[369,72,72,84,84,84,119,119,119,11,43,60,95,113,113,213,213,213,213,11,11,11,11,11,11,11,11,11,11,11,11,11,11,11,11,11,11,11,11,11,0,0,0,0,0,0,0,0,0,0],"floor_reached":51,"campfire_rested":0,"playtime":3458,"current_hp_per_floor":[80,80,80,80,80,80,78,78,78,78,64,70,61,67,67,71,80,80,80,80,80,80,80,77,77,77,77,80,80,80,70,70,67,80,80,80,80,80,80,80,80,78,78,80,80,80,80,80,80,34],"items_purged":["Writhe"],"gold":0,"score":646,"play_id":"eaa96d9f-c107-498e-abbd-ab5565ced60e","local_time":"20180316133717","is_prod":false,"is_daily":false,"is_ascension_mode":false,"campfire_upgraded":8,"timestamp":1521203837,"path_taken":["M","$","?","M","$","R","E","?","T","$","E","M","E","M","R","BOSS","M","?","$","M","?","R","M","R","T","M","M","M","?","M","R","BOSS","M","M","M","?","M","R","?","M","T","M","$","R","?","M","R","BOSS"],"build_version":"2018-03-15","purchased_purges":4,"victory":true,"master_deck":["Strike_R+1","Strike_R+1","Strike_R+1","Defend_R+1","Defend_R+1","Defend_R+1","Defend_R+1","Bash","Sword Boomerang+1","Whirlwind+1","Bloodletting","Clothesline","Rage+1","Disarm+1","Hemokinesis+1","Clash","Flex","Offering","Anger","Armaments+1","Fire Breathing","Inflame+1","Limit Break+1","Intimidate","Rage+1","Demon Form+1","Shrug It Off+1"],"max_hp_per_floor":[80,80,80,80,80,80,80,80,80,80,80,80,80,80,80,80,80,80,80,80,80,80,80,80,80,80,80,80,80,80,80,80,80,80,80,80,80,80,80,80,80,80,80,80,80,80,80,80,80,80],"relics":["Black Blood","Bag of Marbles","Oddly Smooth Stone","Pen Nib","Juzu Bracelet","War Paint","Ectoplasm","Mummified Hand","Vajra","Bag of Preparation","Red Mask","Tiny Chest"],"card_choices":[{"not_picked":["Havoc","Headbutt"],"picked":"Sword Boomerang"},{"not_picked":["Sword Boomerang","Cleave"],"picked":"Bloodletting"},{"not_picked":["Rage","Iron Wave"],"picked":"Hemokinesis"},{"not_picked":["Heavy Blade","Exhume"],"picked":"Clash"},{"not_picked":["Pommel Strike","Shockwave"],"picked":"Flex"},{"not_picked":["Fiend Fire","Bludgeon"],"picked":"Offering"},{"not_picked":["Sword Boomerang","Havoc"],"picked":"Anger"},{"not_picked":["Anger","Headbutt"],"picked":"Fire Breathing"},{"not_picked":["Rampage","Thunderclap"],"picked":"Inflame"},{"not_picked":["Bludgeon","Juggernaut"],"picked":"Limit Break"},{"not_picked":["Second Wind","Infernal Blade"],"picked":"Intimidate"},{"not_picked":["Ghostly Armor","Power Through"],"picked":"Demon Form"},{"not_picked":["Dropkick","Hemokinesis"],"picked":"Shrug It Off"}],"player_experience":864363,"potions_floor_usage":[50,50],"damage_taken":[{"damage":4.0,"enemies":"2 Louse","floor":1.0,"turns":4.0},{"damage":1.0,"enemies":"Cultist","floor":4.0,"turns":3.0},{"damage":8.0,"enemies":"3 Sentries","floor":7.0,"turns":2.0},{"damage":20.0,"enemies":"Lagavulin","floor":11.0,"turns":6.0},{"damage":0.0,"enemies":"Small Slimes","floor":12.0,"turns":1.0},{"damage":15.0,"enemies":"Gremlin Nob","floor":13.0,"turns":4.0},{"damage":0.0,"enemies":"3 Louse","floor":14.0,"turns":1.0},{"damage":17.0,"enemies":"Slime Boss","floor":16.0,"turns":8.0},{"damage":4.0,"enemies":"2 Thieves","floor":18.0,"turns":1.0},{"damage":4.0,"enemies":"Chosen","floor":21.0,"turns":2.0},{"damage":9.0,"enemies":"Snecko","floor":24.0,"turns":3.0},{"damage":6.0,"enemies":"Sentry and Sphere","floor":27.0,"turns":3.0},{"damage":0.0,"enemies":"Snake Plant","floor":28.0,"turns":2.0},{"damage":0.0,"enemies":"Chosen and Byrds","floor":29.0,"turns":1.0},{"damage":16.0,"enemies":"Sentry and Sphere","floor":31.0,"turns":3.0},{"damage":9.0,"enemies":"Champ","floor":33.0,"turns":5.0},{"damage":4.0,"enemies":"Orb Walker","floor":35.0,"turns":3.0},{"damage":4.0,"enemies":"3 Shapes","floor":36.0,"turns":1.0},{"damage":7.0,"enemies":"Sphere and 2 Shapes","floor":37.0,"turns":2.0},{"damage":3.0,"enemies":"3 Darklings","floor":39.0,"turns":1.0},{"damage":12.0,"enemies":"Maw","floor":42.0,"turns":6.0},{"damage":7.0,"enemies":"Sphere and 2 Shapes","floor":44.0,"turns":1.0},{"damage":4.0,"enemies":"4 Shapes","floor":48.0,"turns":1.0},{"damage":56,"enemies":"Donu and Deca","floor":50,"turns":7}],"event_choices":[{"event_name":"Accursed Blacksmith","player_choice":"Ignore","floor":3.0,"damage_taken":0.0},{"event_name":"Transmorgrifier","player_choice":"Transform","floor":8.0,"damage_taken":0.0},{"event_name":"The Mausoleum","player_choice":"Yes","floor":19.0,"damage_taken":0.0},{"event_name":"Purifier","player_choice":"One Purge","floor":22.0,"damage_taken":0.0},{"event_name":"Back to Basics","player_choice":"Simplicity","floor":30.0,"damage_taken":0.0},{"event_name":"Duplicator","player_choice":"One dupe","floor":38.0,"damage_taken":0.0},{"event_name":"Tomb of Lord Red Mask","player_choice":"Paid","floor":41.0,"damage_taken":0.0},{"event_name":"Match and Keep!","player_choice":"0 cards matched","floor":47.0,"damage_taken":0.0}],"boss_relics":[],"potions_floor_spawned":[1,4,11,16,27,29,31,37,42],"seed_played":"-4758600002285499349","ascension_level":0,"is_trial":false}