{"path_per_floor":["M","M","?","$","M","R","E","R","T","$","M","M","?","M","R","B",null,"M","M","?","M","M","R","M","R","T","E","$","M","M","?","R","B",null,"M","?","M","M","$","T","R","M","T","M","R","M","?","M","R","B"],"character_chosen":"IRONCLAD","items_purchased":["Shrug It Off","Metallicize","Rage"],"gold_per_floor":[117,135,135,13,23,23,48,48,73,1,19,37,137,148,148,243,243,243,243,243,243,243,243,243,243,243,243,103,103,103,18,18,18,18,18,18,18,18,18,18,18,18,18,18,18,18,18,18,18,18],"floor_reached":51,"campfire_rested":1,"playtime":3730,"current_hp_per_floor":[88,88,88,88,88,88,55,55,55,55,64,68,68,76,76,62,88,88,88,88,88,88,88,88,88,88,69,69,72,80,80,80,79,88,88,88,88,71,71,71,71,80,80,88,88,78,67,64,88,88],"items_purged":["Strike_R","Strike_R"],"gold":18,"score":650,"play_id":"a25665bc-e5b1-44c8-a66c-38368463efd0","local_time":"20180316201403","is_prod":false,"is_daily":false,"is_ascension_mode":false,"campfire_upgraded":8,"timestamp":1521227643,"path_taken":["M","M","?","$","M","R","E","R","T","$","M","M","?","M","R","BOSS","M","M","?","?","?","R","M","R","T","E","$","M","M","?","R","BOSS","M","?","?","M","?","?","R","M","T","?","R","M","?","M","R","BOSS"],"build_version":"2018-03-15v2","purchased_purges":3,"victory":true,"master_deck":["Strike_R","Strike_R","Strike_R","Defend_R","Defend_R","Defend_R","Bash","Thunderclap+1","Barricade+1","Shrug It Off+1","Flex","Armaments+1","Metallicize","Shrug It Off","Flame Barrier+1","Body Slam+1","Entrench+1","Iron Wave","Entrench+1","Rage+1","Whirlwind+1","Iron Wave+1","Cleave+1","Madness+1","Madness+1"],"max_hp_per_floor":[88,88,88,88,88,88,88,88,88,88,88,88,88,88,88,88,88,88,88,88,88,88,88,88,88,88,88,88,88,88,88,88,88,88,88,88,88,88,88,88,88,88,88,88,88,88,88,88,88,88],"relics":["Burning Blood","Magic Flower","Anchor","Ectoplasm","Shovel","Toxic Egg 2","Charon\u0027s Ashes","Runic Cube","Du-Vu Doll","Champion Belt"],"card_choices":[{"not_picked":["Fire Breathing","Flex"],"picked":"Thunderclap"},{"not_picked":["Evolve","Wild Strike"],"picked":"Flex"},{"not_picked":["Clash","Dual Wield"],"picked":"Armaments"},{"not_picked":["Dual Wield","Warcry"],"picked":"Shrug It Off"},{"not_picked":["Bloodletting","Feel No Pain"],"picked":"Flame Barrier"},{"not_picked":["Iron Wave","Thunderclap"],"picked":"Body Slam"},{"not_picked":["True Grit","Second Wind"],"picked":"Iron Wave"},{"not_picked":["Anger","Twin Strike"],"picked":"Entrench"},{"not_picked":["Twin Strike","Perfected Strike"],"picked":"Whirlwind"},{"not_picked":["Clothesline","Havoc"],"picked":"Iron Wave"},{"not_picked":["Havoc","True Grit"],"picked":"Cleave"}],"player_experience":874711,"potions_floor_usage":[],"damage_taken":[{"damage":5.0,"enemies":"Small Slimes","floor":1.0,"turns":3.0},{"damage":6.0,"enemies":"Cultist","floor":2.0,"turns":3.0},{"damage":3.0,"enemies":"Jaw Worm","floor":5.0,"turns":3.0},{"damage":39.0,"enemies":"Gremlin Nob","floor":7.0,"turns":6.0},{"damage":0.0,"enemies":"Large Slime","floor":11.0,"turns":9.0},{"damage":5.0,"enemies":"Gremlin Gang","floor":12.0,"turns":7.0},{"damage":1.0,"enemies":"2 Fungi Beasts","floor":14.0,"turns":4.0},{"damage":23.0,"enemies":"Slime Boss","floor":16.0,"turns":20.0},{"damage":0.0,"enemies":"Spheric Guardian","floor":18.0,"turns":7.0},{"damage":0.0,"enemies":"Chosen","floor":19.0,"turns":4.0},{"damage":3.0,"enemies":"Centurion and Healer","floor":21.0,"turns":11.0},{"damage":0.0,"enemies":"Sentry and Sphere","floor":22.0,"turns":9.0},{"damage":5.0,"enemies":"Chosen and Byrds","floor":24.0,"turns":8.0},{"damage":28.0,"enemies":"Book of Stabbing","floor":27.0,"turns":8.0},{"damage":6.0,"enemies":"Snecko","floor":29.0,"turns":7.0},{"damage":1.0,"enemies":"Sentry and Sphere","floor":30.0,"turns":18.0},{"damage":10.0,"enemies":"Champ","floor":33.0,"turns":13.0},{"damage":6.0,"enemies":"3 Darklings","floor":35.0,"turns":15.0},{"damage":3.0,"enemies":"Orb Walker","floor":37.0,"turns":6.0},{"damage":26.0,"enemies":"Sphere and 2 Shapes","floor":38.0,"turns":8.0},{"damage":0.0,"enemies":"3 Darklings","floor":42.0,"turns":6.0},{"damage":0.0,"enemies":"4 Shapes","floor":44.0,"turns":6.0},{"damage":19.0,"enemies":"Maw","floor":46.0,"turns":8.0},{"damage":12.0,"enemies":"Sphere and 2 Shapes","floor":48.0,"turns":6.0},{"damage":7,"enemies":"Awakened One","floor":50,"turns":17}],"event_choices":[{"event_name":"Match and Keep!","player_choice":"1 cards matched","floor":3.0,"damage_taken":0.0},{"event_name":"Golden Shrine","player_choice":"Pray","floor":13.0,"damage_taken":0.0},{"event_name":"The Library","player_choice":"Read","floor":20.0,"damage_taken":0.0},{"event_name":"Addict","player_choice":"Obtained Relic","floor":31.0,"damage_taken":0.0},{"event_name":"Winding Halls","player_choice":"Embrace Madness","floor":47.0,"damage_taken":0.0}],"boss_relics":[],"potions_floor_spawned":[1,12,14,21,30,33,38,44],"seed_played":"-6883038505543158136","ascension_level":0,"is_trial":false}