{"path_per_floor":["M","?","M","?","?","E","R","M","T","R","M","M","R","M","R","B",null,"M","M","M","$","M","R","M","R","T","M","?","?","M"],"character_chosen":"IRONCLAD","items_purchased":["Molten Egg 2","Uppercut"],"gold_per_floor":[114,114,125,125,125,155,155,175,231,231,241,252,252,271,271,375,375,391,401,421,38,56,56,69,69,69,86,11,11,21,21],"floor_reached":31,"campfire_rested":0,"playtime":1472,"current_hp_per_floor":[80,80,80,72,72,64,64,69,69,69,75,55,55,54,54,16,80,49,40,42,42,40,40,38,38,38,36,36,62,49,33],"items_purged":["Strike_R"],"gold":21,"score":241,"play_id":"a39e038a-2bac-469f-ab09-f8c632a34dca","local_time":"20180324141036","is_prod":false,"is_daily":false,"is_ascension_mode":false,"campfire_upgraded":6,"timestamp":1521897036,"path_taken":["M","?","M","?","?","E","R","M","T","R","M","M","R","M","R","BOSS","M","M","?","$","?","R","M","R","T","?","?","?","M","M"],"build_version":"2018-03-22v2","purchased_purges":1,"victory":false,"master_deck":["Strike_R","Strike_R","Strike_R","Defend_R","Defend_R","Defend_R","Bash+1","Combust+1","Pommel Strike","Intimidate","Headbutt","Metallicize+1","Cleave+1","Shockwave+1","Flex+1","Ghostly Armor+1","Battle Trance","Uppercut+1","Disarm"],"max_hp_per_floor":[80,80,80,80,80,80,80,80,80,80,80,80,80,80,80,80,80,80,80,80,80,80,80,80,80,80,80,80,80,80,80],"relics":["Burning Blood","Frozen Egg 2","Tiny Chest","Velvet Choker","Molten Egg 2","Dream Catcher"],"card_choices":[{"not_picked":["Seeing Red","Entrench"],"picked":"Combust","floor":1.0},{"not_picked":["True Grit","Perfected Strike"],"picked":"Pommel Strike","floor":3.0},{"not_picked":["Fire Breathing","Twin Strike"],"picked":"Metallicize","floor":6.0},{"not_picked":["Pommel Strike","True Grit"],"picked":"Cleave","floor":8.0},{"not_picked":["Feel No Pain","Clothesline"],"picked":"Shockwave","floor":11.0},{"not_picked":["Searing Blow","Corruption"],"picked":"Flex","floor":14.0},{"not_picked":["Heavy Blade","Cleave"],"picked":"Havoc","floor":18.0},{"not_picked":["Warcry","Clash"],"picked":"Ghostly Armor","floor":19.0},{"not_picked":["Perfected Strike","Warcry"],"picked":"Battle Trance","floor":20},{"not_picked":["Armaments","Twin Strike"],"picked":"Disarm","floor":30}],"player_experience":914786,"potions_floor_usage":[20,22,22],"damage_taken":[{"damage":5.0,"enemies":"Small Slimes","floor":1.0,"turns":4.0},{"damage":1.0,"enemies":"Cultist","floor":3.0,"turns":3.0},{"damage":29.0,"enemies":"3 Sentries","floor":6.0,"turns":6.0},{"damage":1.0,"enemies":"2 Louse","floor":8.0,"turns":2.0},{"damage":0.0,"enemies":"Gremlin Gang","floor":11.0,"turns":4.0},{"damage":26.0,"enemies":"Exordium Thugs","floor":12.0,"turns":5.0},{"damage":7.0,"enemies":"Looter","floor":14.0,"turns":3.0},{"damage":44.0,"enemies":"Slime Boss","floor":16.0,"turns":9.0},{"damage":37.0,"enemies":"2 Thieves","floor":18.0,"turns":4.0},{"damage":15.0,"enemies":"3 Byrds","floor":19.0,"turns":4.0},{"damage":4,"enemies":"Snecko","floor":20,"turns":5},{"damage":8,"enemies":"Snake Plant","floor":22,"turns":4},{"damage":8,"enemies":"Centurion and Healer","floor":24,"turns":6},{"damage":8,"enemies":"Snecko","floor":27,"turns":4},{"damage":19,"enemies":"Sentry and Sphere","floor":30,"turns":4},{"damage":16,"enemies":"Cultist and Chosen","floor":31,"turns":3}],"event_choices":[{"event_name":"Purifier","player_choice":"One Purge","floor":2.0,"damage_taken":0.0},{"event_name":"Wheel of Change","player_choice":"Damage","floor":4.0,"damage_taken":0.0},{"event_name":"Match and Keep!","player_choice":"2 cards matched","floor":5.0,"damage_taken":0.0},{"event_name":"Beggar","player_choice":"Gave Gold","floor":28,"damage_taken":0},{"event_name":"The Library","player_choice":"Heal","floor":29,"damage_taken":0}],"boss_relics":[],"potions_floor_spawned":[1,3,6,8,14,18,19,20],"seed_played":"-8891389298294676499","killed_by":"Cultist and Chosen","ascension_level":0,"is_trial":false}