{"path_per_floor":["M","M","?","M","$","R","E","R","T","M","?","M","M","E","R","B",null,"M","M","?","M","?","R","M","?","T","M","R","M","$","M","R","B",null,"M","M","M","M","M","R","M","$","T","R","M","?","?","?","R","B"],"character_chosen":"IRONCLAD","items_purchased":["Reaper"],"gold_per_floor":[209,229,229,246,10,10,37,37,37,57,57,70,82,112,112,209,209,209,209,209,209,209,209,209,209,209,209,209,209,209,209,209,209,209,209,209,209,209,209,209,209,109,109,109,109,109,109,109,109,109],"floor_reached":51,"campfire_rested":1,"playtime":2796,"current_hp_per_floor":[80,80,80,80,80,80,65,65,65,77,77,80,80,78,78,73,80,80,80,80,80,64,64,78,78,78,79,79,80,80,80,80,58,80,80,80,78,80,80,80,80,80,80,80,80,80,70,70,80,80],"items_purged":["Bash","Strike_R"],"gold":109,"score":640,"play_id":"8e215f5c-4557-4418-a82a-e21137fe5b1b","local_time":"20180321183755","is_prod":false,"is_daily":false,"is_ascension_mode":false,"campfire_upgraded":7,"timestamp":1521653875,"path_taken":["M","M","?","?","$","R","E","R","T","M","?","M","?","E","R","BOSS","M","M","?","M","?","R","M","?","T","M","R","M","$","?","R","BOSS","M","M","M","M","M","R","M","$","T","R","M","?","?","?","R","BOSS"],"build_version":"2018-03-15v3","purchased_purges":5,"victory":true,"master_deck":["Strike_R+1","Strike_R+1","Strike_R+1","Defend_R+1","Defend_R+1","Defend_R+1","Defend_R+1","Perfected Strike+1","Flex+1","Disarm+1","Reaper","Shockwave+1","Shrug It Off","Armaments+1","Offering","Intimidate","Clothesline","Necronomicurse","Uppercut+1","Rage+1","Pommel Strike","Twin Strike","Shrug It Off+1","Metallicize+1","Perfected Strike+1","Parasite","Madness","Madness"],"max_hp_per_floor":[80,80,80,80,80,80,80,80,80,80,80,80,80,80,80,80,80,80,80,80,80,80,80,80,80,80,80,80,80,80,80,80,80,80,80,80,80,80,80,80,80,80,80,80,80,80,80,80,80,80],"relics":["Burning Blood","Meat on the Bone","Thread and Needle","Pen Nib","Ectoplasm","Necronomicon","Shovel","Art of War","Cursed Key","Magic Flower"],"card_choices":[{"not_picked":["Thunderclap","Iron Wave"],"picked":"Perfected Strike"},{"not_picked":["Twin Strike","Iron Wave"],"picked":"Flex"},{"not_picked":["Wild Strike","Dropkick"],"picked":"Disarm"},{"not_picked":["Seeing Red","Immolate"],"picked":"Shockwave"},{"not_picked":["Evolve","Anger"],"picked":"Shrug It Off"},{"not_picked":["Flex","Carnage"],"picked":"Armaments"},{"not_picked":["Feed","Exhume"],"picked":"Offering"},{"not_picked":["Cleave","True Grit"],"picked":"Intimidate"},{"not_picked":["Heavy Blade","Sentinel"],"picked":"Clothesline"},{"not_picked":["Burning Pact","Headbutt"],"picked":"Uppercut"},{"not_picked":["Uppercut","Heavy Blade"],"picked":"Rage"},{"not_picked":["Second Wind","Headbutt"],"picked":"Pommel Strike"},{"not_picked":["Headbutt","Armaments"],"picked":"Twin Strike"},{"not_picked":["Seeing Red","Sentinel"],"picked":"Shrug It Off"},{"not_picked":["Wild Strike","Clash"],"picked":"Metallicize"},{"not_picked":["Cleave","Feel No Pain"],"picked":"Perfected Strike"}],"player_experience":902474,"potions_floor_usage":[50,50,50],"damage_taken":[{"damage":3.0,"enemies":"2 Louse","floor":1.0,"turns":3.0},{"damage":3.0,"enemies":"Small Slimes","floor":2.0,"turns":4.0},{"damage":0.0,"enemies":"Cultist","floor":4.0,"turns":2.0},{"damage":25.0,"enemies":"3 Sentries","floor":7.0,"turns":10.0},{"damage":0.0,"enemies":"3 Louse","floor":10.0,"turns":5.0},{"damage":1.0,"enemies":"Exordium Wildlife","floor":12.0,"turns":4.0},{"damage":1.0,"enemies":"Large Slime","floor":13.0,"turns":6.0},{"damage":12.0,"enemies":"Gremlin Nob","floor":14.0,"turns":5.0},{"damage":26.0,"enemies":"Slime Boss","floor":16.0,"turns":12.0},{"damage":9.0,"enemies":"Spheric Guardian","floor":18.0,"turns":3.0},{"damage":2.0,"enemies":"Chosen","floor":19.0,"turns":5.0},{"damage":4.0,"enemies":"Snake Plant","floor":21.0,"turns":5.0},{"damage":4.0,"enemies":"3 Cultists","floor":24.0,"turns":4.0},{"damage":5.0,"enemies":"Centurion and Healer","floor":27.0,"turns":4.0},{"damage":0.0,"enemies":"Snake Plant","floor":29.0,"turns":3.0},{"damage":0.0,"enemies":"Sentry and Sphere","floor":31.0,"turns":3.0},{"damage":46.0,"enemies":"Champ","floor":33.0,"turns":11.0},{"damage":5.0,"enemies":"Orb Walker","floor":35.0,"turns":3.0},{"damage":8.0,"enemies":"3 Darklings","floor":36.0,"turns":5.0},{"damage":8.0,"enemies":"4 Shapes","floor":37.0,"turns":6.0},{"damage":8.0,"enemies":"Maw","floor":38.0,"turns":6.0},{"damage":4.0,"enemies":"3 Darklings","floor":39.0,"turns":4.0},{"damage":0.0,"enemies":"Sphere and 2 Shapes","floor":41.0,"turns":5.0},{"damage":5.0,"enemies":"4 Shapes","floor":45.0,"turns":4.0},{"damage":31,"enemies":"Donu and Deca","floor":50,"turns":11}],"event_choices":[{"event_name":"Living Wall","player_choice":"Grow","floor":3.0,"damage_taken":0.0},{"event_name":"Liars Game","player_choice":"disagreed","floor":11.0,"damage_taken":0.0},{"event_name":"Back to Basics","player_choice":"Simplicity","floor":20.0,"damage_taken":0.0},{"event_name":"Cursed Tome","player_choice":"Obtained Book","floor":22.0,"damage_taken":0.0},{"event_name":"Vampires","player_choice":"Ignored","floor":25.0,"damage_taken":0.0},{"event_name":"Winding Halls","player_choice":"Embrace Madness","floor":47.0,"damage_taken":0.0},{"event_name":"Mysterious Sphere","player_choice":"Ignore","floor":48.0,"damage_taken":0.0}],"boss_relics":[],"potions_floor_spawned":[7,13,14,19,21,29,33,36,41,45],"seed_played":"2064380114654325674","ascension_level":0,"is_trial":false}