{"path_per_floor":["M","?","M","?","M","R","E","M","T","?","?","R","$","E","R","B",null,"M","M","?","M","$","R"],"character_chosen":"IRONCLAD","items_purchased":["Metallicize","Cleave","Whirlwind","Intimidate"],"gold_per_floor":[119,69,85,85,96,96,131,146,146,146,146,146,58,87,87,182,182,196,211,126,143,28,28,28],"floor_reached":24,"campfire_rested":0,"playtime":1086,"current_hp_per_floor":[80,80,80,80,80,80,63,49,49,80,80,80,80,70,70,33,80,80,76,76,63,63,63,5],"items_purged":[],"gold":28,"score":204,"play_id":"514caa64-2adb-4135-9244-e95ed1824819","local_time":"20180325222515","is_prod":false,"is_daily":false,"is_ascension_mode":false,"campfire_upgraded":4,"timestamp":1522009515,"path_taken":["M","?","?","?","M","R","E","?","T","?","?","R","$","E","R","BOSS","M","M","?","?","$","R","E"],"build_version":"2018-03-22v2","purchased_purges":1,"victory":false,"master_deck":["Strike_R","Strike_R","Strike_R","Defend_R","Defend_R","Defend_R","Bash+1","Flame Barrier","Combust","Sword Boomerang+1","Metallicize+1","Cleave","Demon Form","Thunderclap+1","Sword Boomerang+1","Pommel Strike","Whirlwind+1","Intimidate"],"max_hp_per_floor":[80,80,80,80,80,80,80,80,80,80,80,80,80,80,80,80,80,80,80,80,80,80,80,80],"relics":["Black Blood","Dream Catcher","Regal Pillow","Orichalcum","Blue Candle"],"card_choices":[{"not_picked":["Clash","Shrug It Off"],"picked":"Flame Barrier","floor":3},{"not_picked":["Anger","Clash"],"picked":"Combust","floor":5},{"not_picked":["Perfected Strike","Burning Pact"],"picked":"Carnage","floor":7},{"not_picked":["Sever Soul","Pummel"],"picked":"Sword Boomerang","floor":8},{"not_picked":["Juggernaut","Bludgeon"],"picked":"Demon Form","floor":16},{"not_picked":["Perfected Strike","Hemokinesis"],"picked":"Thunderclap","floor":18},{"not_picked":["Headbutt","Spot Weakness"],"picked":"Sword Boomerang","floor":19},{"not_picked":["Body Slam","Havoc"],"picked":"Pommel Strike","floor":21}],"player_experience":941055,"potions_floor_usage":[7,14,18,18],"damage_taken":[{"damage":5,"enemies":"Jaw Worm","floor":1,"turns":5},{"damage":4,"enemies":"2 Louse","floor":3,"turns":3},{"damage":5,"enemies":"Cultist","floor":5,"turns":4},{"damage":23,"enemies":"3 Sentries","floor":7,"turns":6},{"damage":20,"enemies":"Large Slime","floor":8,"turns":5},{"damage":16,"enemies":"Gremlin Nob","floor":14,"turns":4},{"damage":43,"enemies":"The Guardian","floor":16,"turns":12},{"damage":7,"enemies":"Chosen","floor":18,"turns":4},{"damage":14,"enemies":"Spheric Guardian","floor":19,"turns":4},{"damage":23,"enemies":"Snecko","floor":21,"turns":5},{"damage":58,"enemies":"Book of Stabbing","floor":24,"turns":7}],"event_choices":[{"event_name":"The Cleric","player_choice":"Card Removal","floor":2,"damage_taken":0},{"event_name":"Purifier","player_choice":"One Purge","floor":4,"damage_taken":0},{"event_name":"Bonfire Elementals","player_choice":"UNCOMMON","floor":10,"damage_taken":0},{"event_name":"Liars Game","player_choice":"disagreed","floor":11,"damage_taken":0},{"event_name":"Addict","player_choice":"Obtained Relic","floor":20,"damage_taken":0}],"boss_relics":[{"not_picked":["Lizard Tail","Black Star"],"picked":"Black Blood"}],"potions_floor_spawned":[5,7,8,16,21],"seed_played":"3804708682857026390","killed_by":"Book of Stabbing","ascension_level":0,"is_trial":false}