{"path_per_floor":["M","?","M","?","?","R","E","?","T","$","M","R","M","M","R","B",null,"M","?","M","$","M","R","M","?","T","?","R","M","M","M","R","B",null,"M","M","M","?","$","R","M","M","T","M","$","M","R","T","R","B"],"character_chosen":"IRONCLAD","items_purchased":["Toxic Egg 2","Flex","Dark Shackles"],"gold_per_floor":[115,115,127,127,77,77,105,180,256,7,20,20,32,45,45,141,141,112,112,123,23,35,35,46,46,98,98,98,112,123,138,138,241,241,253,265,284,284,78,78,96,108,108,122,122,136,136,190,190,190],"floor_reached":51,"campfire_rested":1,"playtime":2826,"current_hp_per_floor":[80,80,80,73,73,73,59,48,48,48,53,53,58,64,64,44,80,72,57,64,64,45,45,49,49,49,49,74,80,84,76,76,15,85,82,85,85,85,85,85,85,85,85,79,79,76,76,76,76,71],"items_purged":["Strike_R","Defend_R"],"gold":190,"score":653,"play_id":"500c911c-4e7d-4cc7-8dec-7970af72d9eb","local_time":"20180327200638","is_prod":false,"is_daily":false,"is_ascension_mode":false,"campfire_upgraded":8,"timestamp":1522173998,"path_taken":["M","?","M","?","?","R","E","?","T","$","M","R","?","M","R","BOSS","M","?","M","$","M","R","M","?","T","?","R","M","?","M","R","BOSS","M","M","M","?","$","R","M","M","T","M","?","M","R","?","R","BOSS"],"build_version":"2018-03-22v2","purchased_purges":4,"victory":true,"master_deck":["Strike_R","Strike_R","Defend_R","Defend_R","Defend_R","Bash+1","Demon Form+1","Twin Strike","Pummel+1","Flame Barrier+1","Pummel+1","Pommel Strike+1","Reaper","Shrug It Off+1","Armaments+1","True Grit+1","Uppercut+1","Ghostly Armor+1","Flex+1","Heavy Blade+1","Iron Wave+1","Limit Break+1","Dark Shackles+1","Seeing Red+1","Disarm+1"],"max_hp_per_floor":[80,80,80,80,80,80,80,80,80,80,80,80,80,80,80,80,80,80,85,85,85,85,85,85,85,85,85,85,85,85,85,85,85,85,85,85,85,85,85,85,85,85,85,85,85,85,85,85,85,85],"relics":["Burning Blood","Art of War","Self Forming Clay","Tiny Chest","Toxic Egg 2","Orrery","Vajra","Sozu","Gremlin Horn","Blood Vial"],"card_choices":[{"not_picked":["Warcry","Iron Wave"],"picked":"Twin Strike","floor":1.0},{"not_picked":["True Grit","Pommel Strike"],"picked":"Pummel","floor":3.0},{"not_picked":["Ghostly Armor","Iron Wave"],"picked":"Flame Barrier","floor":7.0},{"not_picked":["Warcry","Inflame"],"picked":"Pummel","floor":13.0},{"not_picked":["Rampage","Thunderclap"],"picked":"Pommel Strike","floor":14.0},{"not_picked":["Thunderclap","Disarm"],"picked":"Reaper","floor":17.0},{"not_picked":["Twin Strike","Anger"],"picked":"Shrug It Off","floor":17.0},{"not_picked":["Sword Boomerang","Warcry"],"picked":"Armaments","floor":17.0},{"not_picked":["Clothesline","Clash"],"picked":"True Grit","floor":17.0},{"not_picked":["Power Through","Anger"],"picked":"Uppercut","floor":17.0},{"not_picked":["Clothesline","Corruption"],"picked":"Ghostly Armor","floor":20.0},{"not_picked":["Havoc","Wild Strike"],"picked":"Heavy Blade","floor":22.0},{"not_picked":["Thunderclap","Armaments"],"picked":"Iron Wave","floor":29.0},{"not_picked":["Impervious","Juggernaut"],"picked":"Limit Break","floor":33.0},{"not_picked":["Twin Strike","Armaments"],"picked":"Seeing Red","floor":44},{"not_picked":["Clash","True Grit"],"picked":"Disarm","floor":46}],"player_experience":945230,"potions_floor_usage":[],"damage_taken":[{"damage":2.0,"enemies":"2 Louse","floor":1.0,"turns":4.0},{"damage":5.0,"enemies":"Small Slimes","floor":3.0,"turns":4.0},{"damage":20.0,"enemies":"3 Sentries","floor":7.0,"turns":6.0},{"damage":1.0,"enemies":"Cultist","floor":11.0,"turns":3.0},{"damage":1.0,"enemies":"3 Louse","floor":13.0,"turns":5.0},{"damage":0.0,"enemies":"2 Fungi Beasts","floor":14.0,"turns":3.0},{"damage":26.0,"enemies":"Slime Boss","floor":16.0,"turns":9.0},{"damage":21.0,"enemies":"2 Thieves","floor":18.0,"turns":5.0},{"damage":8.0,"enemies":"Chosen","floor":20.0,"turns":5.0},{"damage":25.0,"enemies":"3 Cultists","floor":22.0,"turns":7.0},{"damage":2.0,"enemies":"Cultist and Chosen","floor":24.0,"turns":5.0},{"damage":10.0,"enemies":"Centurion and Healer","floor":29.0,"turns":7.0},{"damage":2.0,"enemies":"Chosen and Byrds","floor":30.0,"turns":6.0},{"damage":18.0,"enemies":"Cultist and Chosen","floor":31.0,"turns":8.0},{"damage":93.0,"enemies":"Automaton","floor":33.0,"turns":11.0},{"damage":16.0,"enemies":"3 Shapes","floor":35.0,"turns":5.0},{"damage":42.0,"enemies":"3 Darklings","floor":36.0,"turns":8.0},{"damage":3.0,"enemies":"Sphere and 2 Shapes","floor":37.0,"turns":4.0},{"damage":10,"enemies":"4 Shapes","floor":41,"turns":9},{"damage":29,"enemies":"3 Darklings","floor":42,"turns":9},{"damage":27,"enemies":"Sphere and 2 Shapes","floor":44,"turns":9},{"damage":9,"enemies":"4 Shapes","floor":46,"turns":5},{"damage":37,"enemies":"Awakened One","floor":50,"turns":9}],"event_choices":[{"event_name":"Golden Idol","player_choice":"Ignored","floor":2.0,"damage_taken":0.0},{"event_name":"Scrap Ooze","player_choice":"success","floor":4.0,"damage_taken":7.0},{"event_name":"The Cleric","player_choice":"Card Removal","floor":5.0,"damage_taken":0.0},{"event_name":"World of Goop","player_choice":"Gather Gold","floor":8.0,"damage_taken":0.0},{"event_name":"Forgotten Altar","player_choice":"Shed Blood","floor":19.0,"damage_taken":0.0},{"event_name":"Match and Keep!","player_choice":"0 cards matched","floor":25.0,"damage_taken":0.0},{"event_name":"The Woman in Blue","player_choice":"Bought 0 Potions","floor":27.0,"damage_taken":0.0}],"boss_relics":[],"potions_floor_spawned":[3,7,11,16,22,29,30,36,37,41,44],"seed_played":"4937587680927618028","ascension_level":0,"is_trial":false}