{"path_per_floor":["M","?","M","?","M","R","M","R","T","?","$","M","R","?","R","B",null,"M","M","?","$","M","?","M","M","T","$","R","M","?","M","R","B",null,"M","M","$","?","?","R","E","R","T","M","M","$","R","M","R","B"],"character_chosen":"IRONCLAD","items_purchased":["Toxic Egg 2","Rage","Oddly Smooth Stone"],"gold_per_floor":[111,111,130,130,149,149,165,165,189,264,11,30,30,30,30,154,154,168,186,101,26,50,50,71,94,94,12,12,25,25,41,41,160,160,180,198,198,198,198,198,233,233,233,252,272,124,124,147,147,147],"floor_reached":51,"campfire_rested":2,"playtime":1842,"current_hp_per_floor":[80,80,80,60,66,66,70,70,70,59,59,65,65,49,49,30,80,80,80,80,80,74,74,76,80,80,80,80,80,80,80,80,82,82,84,86,86,86,75,75,79,79,93,101,104,104,106,108,108,108],"items_purged":["Strike_R"],"gold":147,"score":844,"play_id":"1c0e05f8-29ae-423d-899a-4dd692d8dc7b","local_time":"20180415171824","is_prod":false,"is_daily":false,"chose_seed":false,"is_ascension_mode":false,"campfire_upgraded":8,"timestamp":1523805504,"path_taken":["M","?","M","?","M","R","M","R","T","?","$","M","R","?","R","BOSS","M","M","?","$","M","?","M","M","T","$","R","M","?","M","R","BOSS","M","M","$","?","?","R","E","R","T","M","M","$","R","M","R","BOSS"],"build_version":"2018-04-13","seed_source_timestamp":21076882590417,"purchased_purges":4,"victory":true,"master_deck":["Defend_R+1","Defend_R+1","Defend_R+1","Defend_R+1","Bash+1","Barricade+1","Iron Wave+1","Body Slam+1","Cleave+1","Offering+1","Entrench+1","Flame Barrier+1","Flame Barrier+1","Offering+1","Body Slam+1","Shrug It Off+1","Rage+1","Iron Wave+1","True Grit+1","Headbutt+1","Cleave+1","Impervious+1","Madness+1","Madness+1"],"max_hp_per_floor":[80,80,80,80,80,80,80,80,80,80,80,80,80,80,80,80,80,80,80,80,80,80,80,80,80,80,80,80,80,80,80,80,82,82,84,86,86,86,86,86,88,88,102,104,106,106,106,108,108,108],"relics":["Black Blood","Golden Idol","Bag of Marbles","Toxic Egg 2","Du-Vu Doll","Ornamental Fan","Singing Bowl","Astrolabe","Bronze Scales","Mango","Oddly Smooth Stone"],"card_choices":[{"not_picked":["Cleave","Shrug It Off"],"picked":"Iron Wave","floor":1.0},{"not_picked":["Spot Weakness","Burning Pact"],"picked":"Body Slam","floor":3.0},{"not_picked":["Clash","Evolve"],"picked":"Cleave","floor":7},{"not_picked":["Barricade","Juggernaut"],"picked":"Offering","floor":16},{"not_picked":["Clothesline","Iron Wave"],"picked":"Entrench","floor":18},{"not_picked":["Power Through","Headbutt"],"picked":"Flame Barrier","floor":19},{"not_picked":["Sword Boomerang","Cleave"],"picked":"Flame Barrier","floor":22},{"not_picked":["Rupture","Iron Wave"],"picked":"Body Slam","floor":24},{"not_picked":["Warcry","Wild Strike"],"picked":"Shrug It Off","floor":25},{"not_picked":["Thunderclap","Battle Trance"],"picked":"Iron Wave","floor":29},{"not_picked":["Pommel Strike","Anger"],"picked":"True Grit","floor":31}],"player_experience":437080,"potions_floor_usage":[7,16,18,29,50],"damage_taken":[{"damage":5.0,"enemies":"Cultist","floor":1.0,"turns":4.0},{"damage":2.0,"enemies":"Small Slimes","floor":3.0,"turns":4.0},{"damage":0,"enemies":"2 Louse","floor":5,"turns":3},{"damage":2,"enemies":"Blue Slaver","floor":7,"turns":5},{"damage":0,"enemies":"Large Slime","floor":12,"turns":5},{"damage":25,"enemies":"The Guardian","floor":16,"turns":13},{"damage":4,"enemies":"Chosen","floor":18,"turns":2},{"damage":4,"enemies":"Shell Parasite","floor":19,"turns":5},{"damage":16,"enemies":"Snecko","floor":22,"turns":4},{"damage":8,"enemies":"Cultist and Chosen","floor":24,"turns":2},{"damage":4,"enemies":"Sentry and Sphere","floor":25,"turns":3},{"damage":5,"enemies":"Slaver and Parasite","floor":29,"turns":6},{"damage":4,"enemies":"Snake Plant","floor":31,"turns":1},{"damage":4,"enemies":"Champ","floor":33,"turns":10},{"damage":3,"enemies":"3 Shapes","floor":35,"turns":4},{"damage":8,"enemies":"Flame Bruiser 1 Orb","floor":36,"turns":2},{"damage":8,"enemies":"Giant Head","floor":41,"turns":2},{"damage":4,"enemies":"Sphere and 2 Shapes","floor":44,"turns":4},{"damage":9,"enemies":"4 Shapes","floor":45,"turns":7},{"damage":8,"enemies":"3 Darklings","floor":48,"turns":2},{"damage":4,"enemies":"Time Eater","floor":50,"turns":6}],"event_choices":[{"event_name":"Upgrade Shrine","player_choice":"Upgraded","floor":2.0,"damage_taken":0.0},{"event_name":"Golden Idol","player_choice":"Take Damage","floor":4.0,"damage_taken":0.0},{"event_name":"World of Goop","player_choice":"Gather Gold","floor":10,"damage_taken":0},{"event_name":"Shining Light","player_choice":"Entered Light","floor":14,"damage_taken":0},{"event_name":"Addict","player_choice":"Obtained Relic","floor":20,"damage_taken":0},{"event_name":"The Library","player_choice":"Read","floor":23,"damage_taken":0},{"event_name":"The Mausoleum","player_choice":"Yes","floor":30,"damage_taken":0},{"event_name":"The Woman in Blue","player_choice":"Bought 0 Potions","floor":38,"damage_taken":0},{"event_name":"Winding Halls","player_choice":"Embrace Madness","floor":39,"damage_taken":0}],"boss_relics":[{"not_picked":["Calling Bell","Eternal Feather"],"picked":"Black Blood"},{"not_picked":["Runic Pyramid","Velvet Choker"],"picked":"Astrolabe"}],"potions_floor_spawned":[3,12,16,24,29,36,41,44],"seed_played":"6217003230603803542","ascension_level":0,"is_trial":false}