{"path_per_floor":["M","M","M","$","M","E","R","?","T","E","?","?","$","M","R","B",null,"M","?","M","M","?","R","M","R","T","M","R","$","M","M","R","B",null,"M","$","M","M","M","R","M","M","T","R","M","M","?","M","R","B"],"character_chosen":"IRONCLAD","items_purchased":["Lantern","Disarm","Omamori"],"gold_per_floor":[109,129,149,74,87,113,113,133,159,186,186,286,42,57,57,154,154,172,172,191,211,246,246,265,265,265,276,276,151,169,183,183,281,281,297,106,126,136,152,152,172,183,183,183,199,214,436,449,449,449],"floor_reached":51,"campfire_rested":0,"playtime":3057,"current_hp_per_floor":[80,80,80,80,80,74,74,80,80,81,81,81,81,82,82,73,84,84,84,86,88,88,88,88,88,88,90,90,90,92,92,92,72,94,96,96,98,95,100,100,100,92,92,92,91,100,100,107,107,66],"items_purged":["Strike_R","Defend_R","Clumsy"],"gold":449,"score":692,"play_id":"dbc2e12c-de89-4b71-a78d-b94291bf7e23","local_time":"20180409180415","is_prod":false,"is_daily":false,"is_ascension_mode":false,"campfire_upgraded":9,"timestamp":1523289855,"path_taken":["M","M","?","$","M","E","R","?","T","E","?","?","?","M","R","BOSS","M","?","M","M","?","R","M","R","T","M","R","$","M","M","R","BOSS","M","$","M","M","M","R","M","M","T","R","M","M","?","M","R","BOSS"],"build_version":"2018-04-05","purchased_purges":4,"victory":true,"master_deck":["Strike_R","Strike_R","Strike_R","Strike_R","Defend_R","Defend_R","Bash","Metallicize+1","Infernal Blade+1","Iron Wave+1","Pommel Strike+1","Impervious","Shrug It Off+1","Perfected Strike+1","Body Slam+1","Shrug It Off","Pommel Strike+1","Thunderclap+1","Cleave+1","Disarm","Rage+1","Perfected Strike+1"],"max_hp_per_floor":[80,80,80,80,80,80,80,80,80,82,82,82,82,82,82,84,84,84,84,86,88,88,88,88,88,88,90,90,90,92,92,92,94,94,96,96,98,98,100,100,100,102,102,102,104,106,106,108,108,108],"relics":["Black Blood","Bag of Marbles","Odd Mushroom","Singing Bowl","Paper Frog","Lantern","Cursed Key","Red Mask","Kunai","Omamori","Frozen Egg 2"],"card_choices":[{"not_picked":["Armaments","Twin Strike"],"picked":"Metallicize","floor":1.0},{"not_picked":["Clothesline","Havoc"],"picked":"Infernal Blade","floor":2.0},{"not_picked":["Dropkick","Havoc"],"picked":"Iron Wave","floor":3.0},{"not_picked":["Body Slam","Perfected Strike"],"picked":"Pommel Strike","floor":5.0},{"not_picked":["Flex","Burning Pact"],"picked":"Impervious","floor":6.0},{"not_picked":["Twin Strike","Clothesline"],"picked":"Shrug It Off","floor":8.0},{"not_picked":["Armaments","Corruption"],"picked":"Body Slam","floor":14.0},{"not_picked":["Heavy Blade","True Grit"],"picked":"Shrug It Off","floor":18.0},{"not_picked":["Reckless Charge","Anger"],"picked":"Pommel Strike","floor":22.0},{"not_picked":["Dropkick","Armaments"],"picked":"Thunderclap","floor":24.0},{"not_picked":["Armaments","True Grit"],"picked":"Cleave","floor":31.0},{"not_picked":["Thunderclap","Anger"],"picked":"Rage","floor":38.0},{"not_picked":["Twin Strike","Flex"],"picked":"Perfected Strike","floor":41.0}],"player_experience":419968,"potions_floor_usage":[50,50,50],"damage_taken":[{"damage":6.0,"enemies":"Cultist","floor":1.0,"turns":4.0},{"damage":4.0,"enemies":"Jaw Worm","floor":2.0,"turns":5.0},{"damage":1.0,"enemies":"2 Louse","floor":3.0,"turns":3.0},{"damage":5.0,"enemies":"2 Fungi Beasts","floor":5.0,"turns":4.0},{"damage":12.0,"enemies":"3 Sentries","floor":6.0,"turns":8.0},{"damage":0.0,"enemies":"The Mushroom Lair","floor":8.0,"turns":3.0},{"damage":7.0,"enemies":"Gremlin Nob","floor":10.0,"turns":4.0},{"damage":0.0,"enemies":"3 Louse","floor":14.0,"turns":2.0},{"damage":17.0,"enemies":"The Guardian","floor":16.0,"turns":13.0},{"damage":5.0,"enemies":"2 Thieves","floor":18.0,"turns":2.0},{"damage":0.0,"enemies":"Chosen","floor":20.0,"turns":3.0},{"damage":2.0,"enemies":"Sentry and Sphere","floor":21.0,"turns":4.0},{"damage":6.0,"enemies":"Masked Bandits","floor":22.0,"turns":4.0},{"damage":0.0,"enemies":"Centurion and Healer","floor":24.0,"turns":4.0},{"damage":3.0,"enemies":"3 Cultists","floor":27.0,"turns":3.0},{"damage":0.0,"enemies":"Snake Plant","floor":30.0,"turns":2.0},{"damage":0.0,"enemies":"Snecko","floor":31.0,"turns":3.0},{"damage":28.0,"enemies":"Champ","floor":33.0,"turns":6.0},{"damage":0.0,"enemies":"3 Darklings","floor":35.0,"turns":2.0},{"damage":1.0,"enemies":"3 Shapes","floor":37.0,"turns":4.0},{"damage":13.0,"enemies":"Spire Growth","floor":38.0,"turns":4.0},{"damage":0.0,"enemies":"Flame Bruiser 2 Orb","floor":39.0,"turns":2.0},{"damage":9.0,"enemies":"4 Shapes","floor":41.0,"turns":2.0},{"damage":20,"enemies":"Spire Growth","floor":42,"turns":3},{"damage":13,"enemies":"Flame Bruiser 2 Orb","floor":45,"turns":5},{"damage":3,"enemies":"3 Darklings","floor":46,"turns":5},{"damage":5,"enemies":"Maw","floor":48,"turns":8},{"damage":66,"enemies":"Time Eater","floor":50,"turns":13}],"event_choices":[{"event_name":"Mushrooms","player_choice":"Fought Mushrooms","floor":8.0,"damage_taken":0.0},{"event_name":"Living Wall","player_choice":"Change","floor":11.0,"damage_taken":0.0},{"event_name":"Golden Shrine","player_choice":"Pray","floor":12.0,"damage_taken":0.0},{"event_name":"Vampires","player_choice":"Ignored","floor":19.0,"damage_taken":0.0},{"event_name":"Masked Bandits","player_choice":"Fought over 211 gold","floor":22.0,"damage_taken":0.0},{"event_name":"Tomb of Lord Red Mask","player_choice":"Wore Mask","floor":47,"damage_taken":0}],"boss_relics":[],"potions_floor_spawned":[1,6,10,16,20,27,30,31,33,35,38,39,46],"seed_played":"-7089678973791072577","ascension_level":0,"is_trial":false}