{"path_per_floor":["M","?","M","$","M","E","R","E","T","M","R","M","M","?","R","B",null,"M","M","M","M"],"character_chosen":"IRONCLAD","items_purchased":["Flame Barrier"],"gold_per_floor":[117,117,134,20,37,62,62,94,171,188,188,200,212,287,287,382,382,392,408,426,436,436],"floor_reached":22,"campfire_rested":1,"playtime":1057,"current_hp_per_floor":[80,80,80,80,80,73,73,51,51,54,54,57,55,44,70,23,87,57,47,51,39,26],"items_purged":["Defend_R"],"gold":436,"score":200,"play_id":"d351fa3d-8cc7-4b98-a2c2-d7ee4b53b36c","local_time":"20180416223411","is_prod":false,"is_daily":false,"chose_seed":false,"is_ascension_mode":false,"campfire_upgraded":2,"timestamp":1523910851,"path_taken":["M","?","?","$","M","E","R","E","T","M","R","M","M","?","R","BOSS","M","M","?","M","M"],"build_version":"2018-04-13","seed_source_timestamp":19547844439200,"purchased_purges":1,"victory":false,"master_deck":["Strike_R","Strike_R","Strike_R","Strike_R","Defend_R+1","Defend_R+1","Defend_R","Bash","Cleave","Heavy Blade","Flame Barrier+1","Hemokinesis","Warcry","Impervious","Rupture+1","Sword Boomerang","Flex","Metallicize","Pommel Strike+1","Whirlwind"],"max_hp_per_floor":[80,80,80,80,80,87,87,87,87,87,87,87,87,87,87,87,87,87,87,87,87,87],"relics":["Burning Blood","Bronze Scales","Strawberry","War Paint","Centennial Puzzle","Eternal Feather"],"card_choices":[{"not_picked":["Flex","Headbutt"],"picked":"Cleave","floor":1.0},{"not_picked":["Flex","Entrench"],"picked":"Heavy Blade","floor":3.0},{"not_picked":["True Grit","Clash"],"picked":"Hemokinesis","floor":5.0},{"not_picked":["Clash","Shockwave"],"picked":"Warcry","floor":6.0},{"not_picked":["Shrug It Off","Body Slam"],"picked":"Impervious","floor":8.0},{"not_picked":["Disarm","Shrug It Off"],"picked":"Rupture","floor":10.0},{"not_picked":["Thunderclap","True Grit"],"picked":"Sword Boomerang","floor":12.0},{"not_picked":["Havoc","Pommel Strike"],"picked":"Flex","floor":13.0},{"not_picked":["Perfected Strike","Shockwave"],"picked":"Metallicize","floor":18},{"not_picked":["Corruption","Infernal Blade"],"picked":"Pommel Strike","floor":20},{"not_picked":["Warcry","Pommel Strike"],"picked":"Whirlwind","floor":21}],"player_experience":444545,"potions_floor_usage":[16,20,21,22],"damage_taken":[{"damage":0.0,"enemies":"2 Louse","floor":1.0,"turns":2.0},{"damage":1.0,"enemies":"Cultist","floor":3.0,"turns":3.0},{"damage":2.0,"enemies":"Jaw Worm","floor":5.0,"turns":3.0},{"damage":20.0,"enemies":"Lagavulin","floor":6.0,"turns":5.0},{"damage":28.0,"enemies":"3 Sentries","floor":8.0,"turns":5.0},{"damage":3.0,"enemies":"2 Fungi Beasts","floor":10.0,"turns":4.0},{"damage":3.0,"enemies":"Lots of Slimes","floor":12.0,"turns":2.0},{"damage":8.0,"enemies":"Exordium Thugs","floor":13.0,"turns":3.0},{"damage":53,"enemies":"The Guardian","floor":16,"turns":10},{"damage":36,"enemies":"2 Thieves","floor":18,"turns":4},{"damage":16,"enemies":"Spheric Guardian","floor":19,"turns":4},{"damage":2,"enemies":"Snecko","floor":20,"turns":5},{"damage":18,"enemies":"Snake Plant","floor":21,"turns":4},{"damage":25,"enemies":"Chosen and Byrds","floor":22,"turns":5}],"event_choices":[{"event_name":"Bonfire Elementals","player_choice":"BASIC","floor":2.0,"damage_taken":0.0},{"event_name":"World of Goop","player_choice":"Gather Gold","floor":14.0,"damage_taken":0.0}],"boss_relics":[{"not_picked":["Runic Pyramid","Runic Dome"],"picked":"Eternal Feather"}],"potions_floor_spawned":[3,6,10,12,19,20,21],"seed_played":"7583975571992758124","killed_by":"Chosen and Byrds","ascension_level":0,"is_trial":false}