{"path_per_floor":["M","?","?","M","$","E","M","R","T","R","?","$","M","M","R","B",null,"M","?","M","M","?","R","M","?","T","R","?","M","M","M","R","B",null,"M","M","$","?","$","M","R","M","T","R","?","R","?","M","R","B"],"character_chosen":"IRONCLAD","items_purchased":["Whirlwind","Metallicize","Ice Cream","Omamori"],"gold_per_floor":[119,194,194,205,130,157,174,174,174,174,174,68,88,103,103,198,198,218,418,435,448,448,448,459,459,459,459,459,478,492,506,506,609,609,622,640,87,87,87,98,98,116,116,116,116,116,116,127,127,127],"floor_reached":51,"campfire_rested":2,"playtime":2267,"current_hp_per_floor":[80,69,53,58,58,52,58,58,58,58,58,58,57,63,63,27,80,66,66,68,53,53,53,59,59,59,59,59,65,67,64,80,31,80,70,59,59,59,59,67,67,53,53,53,53,53,53,59,80,54],"items_purged":["Defend_R","Strike_R"],"gold":127,"score":649,"play_id":"d2a56cf3-2849-45ba-a6d9-17a590656458","local_time":"20180411215638","is_prod":false,"is_daily":false,"chose_seed":false,"is_ascension_mode":false,"campfire_upgraded":8,"timestamp":1523476598,"path_taken":["M","?","?","?","$","E","M","R","T","R","?","$","M","M","R","BOSS","M","?","M","M","?","R","M","?","T","R","?","?","M","M","R","BOSS","M","M","$","?","$","M","R","M","T","R","?","R","?","M","R","BOSS"],"build_version":"2018-04-10","seed_source_timestamp":0,"purchased_purges":2,"victory":true,"master_deck":["Strike_R+1","Defend_R+1","Defend_R","Defend_R","Bash","Rage+1","Body Slam+1","Pommel Strike+1","Whirlwind+1","Metallicize","Cleave","Double Tap+1","Disarm+1","Intimidate","Flex","Shrug It Off","Inflame+1","Pommel Strike+1","Uppercut+1","Trip+1","Evolve+1","Ghostly Armor+1","Impervious","Shockwave+1"],"max_hp_per_floor":[80,80,80,80,80,80,80,80,80,80,80,80,80,80,80,80,80,80,80,80,80,80,80,80,80,80,80,80,80,80,80,80,80,80,80,80,80,80,80,80,80,80,80,80,80,80,80,80,80,80],"relics":["Burning Blood","Art of War","Unceasing Top","Lantern","Cursed Key","Blue Candle","Mark of Pain","Ice Cream","Omamori","Ginger"],"card_choices":[{"not_picked":["Wild Strike","Bloodletting"],"picked":"Rage","floor":4.0},{"not_picked":["Cleave","True Grit"],"picked":"Body Slam","floor":6.0},{"not_picked":["True Grit","Warcry"],"picked":"Pommel Strike","floor":7.0},{"not_picked":["Berserk","Clothesline"],"picked":"Cleave","floor":13.0},{"not_picked":["Reaper","Bludgeon"],"picked":"Double Tap","floor":16.0},{"not_picked":["Iron Wave","Corruption"],"picked":"Disarm","floor":18.0},{"not_picked":["Rage","Iron Wave"],"picked":"Intimidate","floor":20.0},{"not_picked":["Clothesline","Cleave"],"picked":"Flex","floor":29.0},{"not_picked":["Warcry","Anger"],"picked":"Shrug It Off","floor":30.0},{"not_picked":["Havoc","Armaments"],"picked":"Inflame","floor":31.0},{"not_picked":["Berserk","Dark Embrace"],"picked":"Brutality","floor":33.0},{"not_picked":["Headbutt","Heavy Blade"],"picked":"Pommel Strike","floor":35.0},{"not_picked":["Battle Trance","Pommel Strike"],"picked":"Uppercut","floor":36.0},{"not_picked":["Blind","Panacea"],"picked":"Trip","floor":38},{"not_picked":["Anger","Twin Strike"],"picked":"Evolve","floor":40},{"not_picked":["Dual Wield","Wild Strike"],"picked":"Ghostly Armor","floor":42},{"not_picked":["Whirlwind","Sword Boomerang"],"picked":"Shockwave","floor":48}],"player_experience":423531,"potions_floor_usage":[40,42,50],"damage_taken":[{"damage":5.0,"enemies":"Cultist","floor":1.0,"turns":4.0},{"damage":1.0,"enemies":"Jaw Worm","floor":4.0,"turns":4.0},{"damage":12.0,"enemies":"Gremlin Nob","floor":6.0,"turns":4.0},{"damage":0.0,"enemies":"Small Slimes","floor":7.0,"turns":3.0},{"damage":7.0,"enemies":"Blue Slaver","floor":13.0,"turns":2.0},{"damage":0.0,"enemies":"3 Louse","floor":14.0,"turns":3.0},{"damage":42.0,"enemies":"Slime Boss","floor":16.0,"turns":11.0},{"damage":20.0,"enemies":"2 Thieves","floor":18.0,"turns":2.0},{"damage":4.0,"enemies":"3 Byrds","floor":20.0,"turns":4.0},{"damage":21.0,"enemies":"Snake Plant","floor":21.0,"turns":5.0},{"damage":0.0,"enemies":"Snecko","floor":24.0,"turns":4.0},{"damage":0.0,"enemies":"Cultist and Chosen","floor":29.0,"turns":3.0},{"damage":4.0,"enemies":"Snake Plant","floor":30.0,"turns":3.0},{"damage":9.0,"enemies":"Centurion and Healer","floor":31.0,"turns":6.0},{"damage":55.0,"enemies":"Collector","floor":33.0,"turns":9.0},{"damage":16.0,"enemies":"3 Shapes","floor":35.0,"turns":4.0},{"damage":17.0,"enemies":"Flame Bruiser 1 Orb","floor":36.0,"turns":5.0},{"damage":1,"enemies":"3 Darklings","floor":40,"turns":2},{"damage":20,"enemies":"Spire Growth","floor":42,"turns":4},{"damage":0,"enemies":"Maw","floor":48,"turns":5},{"damage":32,"enemies":"Donu and Deca","floor":50,"turns":9}],"event_choices":[{"event_name":"World of Goop","player_choice":"Gather Gold","floor":2.0,"damage_taken":0.0},{"event_name":"Shining Light","player_choice":"Entered Light","floor":3.0,"damage_taken":0.0},{"event_name":"Purifier","player_choice":"One Purge","floor":11.0,"damage_taken":0.0},{"event_name":"Wheel of Change","player_choice":"Gold","floor":19.0,"damage_taken":0.0},{"event_name":"Purifier","player_choice":"One Purge","floor":22.0,"damage_taken":0.0},{"event_name":"Ghosts","player_choice":"Ignored","floor":25.0,"damage_taken":0.0},{"event_name":"Purifier","player_choice":"One Purge","floor":28.0,"damage_taken":0.0},{"event_name":"SensoryStone","player_choice":"Memory 1","floor":38,"damage_taken":0},{"event_name":"Transmorgrifier","player_choice":"Transform","floor":45,"damage_taken":0}],"boss_relics":[],"potions_floor_spawned":[1,4,21,24,29,31,35,36,48],"seed_played":"-6495650849148850322","ascension_level":0,"is_trial":false}