{"path_per_floor":["M","M","?","?","?","R","$","E","T","R","M","M","$","?","R","B",null,"M","?","M","?","?","R","$","R","T","E","M","E","M","E","R"],"character_chosen":"THE_SILENT","items_purchased":["Apotheosis","Matryoshka","Strength Potion","Bottled Lightning","Regen Potion","Acrobatics"],"gold_per_floor":[111,131,206,206,456,456,3,37,37,37,57,67,19,194,194,298,298,316,346,364,364,364,364,15,15,15,43,57,84,95,127,127],"floor_reached":33,"campfire_rested":4,"playtime":2516,"current_hp_per_floor":[70,70,59,59,59,70,70,70,70,70,70,70,70,70,70,50,70,49,49,47,47,33,54,54,70,70,66,70,57,43,30,51],"items_purged":[],"gold":127,"play_id":"e3965c20-9f2e-45ab-a894-4135fecf3f5f","is_prod":false,"is_daily":false,"campfire_rituals":0,"campfire_upgraded":2,"is_hardmode":false,"path_taken":["M","M","?","?","?","R","$","E","T","R","M","?","?","?","R","BOSS","M","?","M","?","?","R","?","R","T","E","M","E","M","E","R","BOSS"],"build_version":"2018-01-11-PROD2","purchased_purges":0,"victory":false,"master_deck":["Defend_G","Defend_G","Defend_G","Defend_G","Defend_G","Survivor","Neutralize","Backflip","Dagger Throw","Regret","Apotheosis","Slice","Distraction","Doubt","Envenom","Clumsy","Regret","Regret","Accuracy","Catalyst","Bite_G","Bite_G","Bite_G","Bite_G","Bite_G","Trip","Acrobatics","Caltrops","Wraith Form"],"max_hp_per_floor":[70,70,70,70,70,70,70,70,70,70,70,70,70,70,70,70,70,70,70,70,70,70,70,70,70,70,70,70,70,70,70,70],"relics":["Ring of the Snake","NeowsBlessing","Matryoshka","Toolbox","Art of War","Ice Cream","Calling Bell","Mercury Hourglass","Mummified Hand","Tiny Chest","Bottled Lightning","Bag of Marbles","Shovel","Anchor","Frozen Egg","Orichalcum"],"campfire_meditates":0,"card_choices":[{"not_picked":["Quick Slash","Flying Knee"],"picked":"Backflip"},{"not_picked":["Dagger Spray","Dash"],"picked":"Dagger Throw"},{"not_picked":["Quick Slash","PiercingWail"],"picked":"Slice"},{"not_picked":["Riddle With Holes","Malaise"],"picked":"Distraction"},{"not_picked":["Wraith Form","Unload"],"picked":"Envenom"},{"not_picked":["Underhanded Strike","Poisoned Stab"],"picked":"Accuracy"},{"not_picked":["Deflect","Blur"],"picked":"Catalyst"},{"not_picked":["Deadly Poison","Heel Hook"],"picked":"Caltrops"},{"not_picked":["Finisher","Dodge and Roll"],"picked":"Wraith Form"}],"player_experience":106680,"potions_floor_usage":[16,16,27,27,28,29,30,33],"damage_taken":[{"damage":0,"enemies":"Blue Slaver","floor":1,"turns":1},{"damage":0,"enemies":"Cultist","floor":2,"turns":1},{"damage":0,"enemies":"3 Sentries","floor":8,"turns":1},{"damage":0,"enemies":"2 Louse","floor":11,"turns":2},{"damage":0,"enemies":"Large Slime","floor":12,"turns":3},{"damage":20,"enemies":"The Guardian","floor":16,"turns":12},{"damage":21,"enemies":"3 Byrds","floor":18,"turns":5},{"damage":4,"enemies":"Shell Parasite","floor":20,"turns":8},{"damage":25,"enemies":"Book of Stabbing","floor":27,"turns":7},{"damage":3,"enemies":"Snake Plant","floor":28,"turns":3},{"damage":32,"enemies":"Gremlin Leader","floor":29,"turns":8},{"damage":35,"enemies":"Slaver and Parasite","floor":30,"turns":6},{"damage":34,"enemies":"Book of Stabbing","floor":31,"turns":5},{"damage":85,"enemies":"Collector","floor":33,"turns":8}],"event_choices":[{"event_name":"World of Goop","player_choice":"Gather Gold","floor":3,"damage_taken":0},{"event_name":"Golden Wing","player_choice":"Ignored","floor":4,"damage_taken":0},{"event_name":"Golden Shrine","player_choice":"Desecrate","floor":5,"damage_taken":0},{"event_name":"Liars Game","player_choice":"agreed","floor":14,"damage_taken":0},{"event_name":"The Mausoleum","player_choice":"Yes","floor":19,"damage_taken":0},{"event_name":"Vampires","player_choice":"Became a vampire (Vial)","floor":21,"damage_taken":0},{"event_name":"Knowing Skull","player_choice":"CARD ","floor":22,"damage_taken":0}],"boss_relics":[{"not_picked":["Tiny House","Lizard Tail"],"picked":"Calling Bell"}],"potions_floor_spawned":[8,11,20,27,30],"seed_played":"-3764788129687275474","killed_by":"Collector","is_trial":false}