{"path_per_floor":["M","?","M","?","T","R","M","M","T","?","?","M","M","E","R","B",null,"M","?","$","M","M","R","M","R","T","?","M","M","$","E","R","B",null,"M","?","?","M","M"],"character_chosen":"THE_SILENT","items_purchased":["Noxious Fumes","Kunai","Tiny Chest","Lee\u0027s Waffle","Paper Crane"],"gold_per_floor":[116,291,301,376,450,450,470,488,566,566,566,578,593,620,620,724,724,735,660,62,77,95,95,111,111,111,361,373,385,123,152,152,255,255,275,275,275,289,299],"floor_reached":40,"campfire_rested":4,"playtime":3849,"current_hp_per_floor":[70,70,70,59,59,70,70,46,46,46,46,43,47,47,68,23,70,59,59,77,74,56,56,41,64,64,64,43,26,26,20,43,35,77,56,56,56,53,49],"items_purged":[],"gold":299,"play_id":"8cfa2b28-cc2a-4d9d-bb98-8d2895678949","is_prod":false,"is_daily":false,"campfire_rituals":0,"campfire_upgraded":1,"is_hardmode":false,"path_taken":["M","?","M","?","?","R","?","M","T","?","?","M","?","E","R","BOSS","M","?","?","M","M","R","M","R","T","?","?","M","?","E","R","BOSS","M","?","?","?","M","E"],"build_version":"2018-01-11-PROD2","purchased_purges":0,"victory":false,"master_deck":["Defend_G","Defend_G","Defend_G","Defend_G","Strike_G","Strike_G","Strike_G","Strike_G","Survivor","Neutralize","Acrobatics","Cloak And Dagger","Footwork","Acrobatics","Dagger Throw","Envenom","Infinite Blades","Prepared","A Thousand Cuts","Escape Plan","Noxious Fumes","Dagger Spray","Regret","Footwork","Dodge and Roll","Tools of the Trade","Noxious Fumes","Outmaneuver","Prepared","Endless Agony"],"max_hp_per_floor":[70,70,70,70,70,70,70,70,70,70,70,70,70,70,70,70,70,70,70,77,77,77,77,77,77,77,77,77,77,77,77,77,77,77,77,77,77,77,77],"relics":["Ring of the Snake","Ornamental Fan","Mummified Hand","Frozen Egg","The Specimen","Kunai","Tiny Chest","Lee\u0027s Waffle","Meat on the Bone","Paper Crane","Gremlin Horn","Orrery"],"campfire_meditates":0,"card_choices":[{"not_picked":["Deadly Poison","Flying Knee"],"picked":"Cloak And Dagger"},{"not_picked":["Malaise","Quick Slash"],"picked":"Footwork"},{"not_picked":["Doppelganger","Riddle With Holes"],"picked":"Acrobatics"},{"not_picked":["Underhanded Strike","Bane"],"picked":"Dagger Throw"},{"not_picked":["Dodge and Roll","Eviscerate"],"picked":"Infinite Blades"},{"not_picked":["Malaise","Heel Hook"],"picked":"Prepared"},{"not_picked":["Die Die Die","Unload"],"picked":"A Thousand Cuts"},{"not_picked":["Underhanded Strike","PiercingWail"],"picked":"Escape Plan"},{"not_picked":["PiercingWail","Well Laid Plans"],"picked":"Dagger Spray"},{"not_picked":["Caltrops","Sucker Punch"],"picked":"Footwork"},{"not_picked":["Backstab","Quick Slash"],"picked":"Backflip"},{"not_picked":["Underhanded Strike","Storm of Steel"],"picked":"Dodge and Roll"},{"not_picked":["Night Terror","Burst"],"picked":"Tools of the Trade"},{"not_picked":["Quick Slash","Cloak And Dagger"],"picked":"Noxious Fumes"},{"not_picked":["Flying Knee","Doppelganger"],"picked":"Outmaneuver"},{"not_picked":["Flying Knee","Quick Slash"],"picked":"Prepared"},{"not_picked":["Backflip","Flying Knee"],"picked":"Endless Agony"}],"player_experience":101853,"potions_floor_usage":[13,13,14,22,28,29,31,39],"damage_taken":[{"damage":0,"enemies":"2 Louse","floor":1,"turns":2},{"damage":0,"enemies":"Jaw Worm","floor":3,"turns":4},{"damage":0,"enemies":"Small Slimes","floor":7,"turns":5},{"damage":24,"enemies":"Exordium Wildlife","floor":8,"turns":9},{"damage":3,"enemies":"2 Fungi Beasts","floor":12,"turns":4},{"damage":11,"enemies":"Exordium Thugs","floor":13,"turns":7},{"damage":0,"enemies":"Lagavulin","floor":14,"turns":6},{"damage":45,"enemies":"Hexaghost","floor":16,"turns":10},{"damage":11,"enemies":"3 Byrds","floor":18,"turns":6},{"damage":3,"enemies":"Shell Parasite","floor":21,"turns":6},{"damage":18,"enemies":"Centurion and Healer","floor":22,"turns":7},{"damage":15,"enemies":"Snecko","floor":24,"turns":6},{"damage":21,"enemies":"Snake Plant","floor":28,"turns":5},{"damage":29,"enemies":"Chosen and Byrds","floor":29,"turns":6},{"damage":18,"enemies":"Book of Stabbing","floor":31,"turns":7},{"damage":20,"enemies":"Champ","floor":33,"turns":13},{"damage":21,"enemies":"3 Darklings","floor":35,"turns":5},{"damage":3,"enemies":"3 Shapes","floor":38,"turns":5},{"damage":16,"enemies":"3 Darklings","floor":39,"turns":5},{"damage":55,"enemies":"2 Orb Walkers","floor":40,"turns":3}],"event_choices":[{"event_name":"Liars Game","player_choice":"agreed","floor":2,"damage_taken":0},{"event_name":"World of Goop","player_choice":"Gather Gold","floor":4,"damage_taken":0},{"event_name":"Golden Wing","player_choice":"Ignored","floor":10,"damage_taken":0},{"event_name":"Living Wall","player_choice":"Change","floor":11,"damage_taken":0},{"event_name":"Beggar","player_choice":"Gave Gold","floor":19,"damage_taken":0},{"event_name":"Golden Shrine","player_choice":"Desecrate","floor":27,"damage_taken":0},{"event_name":"Tomb of Lord Red Mask","player_choice":"Ignored","floor":36,"damage_taken":0}],"boss_relics":[{"not_picked":["Tiny House","Snecko Eye"],"picked":"The Specimen"},{"not_picked":["Velvet Choker","White Beast Statue"],"picked":"Orrery"}],"potions_floor_spawned":[3,7,12,13,18,22,24,31,38],"seed_played":"1708545028676182080","killed_by":"2 Orb Walkers","is_trial":false}