{"path_per_floor":["M","?","M","M","M","E","R","$","T","?","M","M","M","M","R"],"character_chosen":"THE_SILENT","items_purchased":["Deflect","Fire Potion"],"gold_per_floor":[115,115,133,143,158,186,186,91,118,118,128,143,158,175,175],"floor_reached":16,"campfire_rested":1,"playtime":1147,"current_hp_per_floor":[70,70,69,69,69,44,67,67,67,67,54,54,54,54,54],"items_purged":[],"gold":175,"play_id":"829b08ce-9c34-449f-8678-c2e4951fcb2b","is_prod":false,"is_daily":false,"campfire_rituals":0,"campfire_upgraded":1,"is_hardmode":false,"path_taken":["M","?","M","M","M","E","R","?","T","?","?","M","M","M","R","BOSS"],"build_version":"2018-01-11-PROD2","purchased_purges":0,"victory":false,"master_deck":["Defend_G","Defend_G","Defend_G","Defend_G","Defend_G","Strike_G","Strike_G","Strike_G","Strike_G","Strike_G","Survivor","Neutralize","Calculated Gamble","Sucker Punch","Dagger Throw","Escape Plan","Underhanded Strike","Deflect","Dodge and Roll","Underhanded Strike","Underhanded Strike","Outmaneuver","Distraction"],"max_hp_per_floor":[70,77,77,77,77,77,77,77,77,77,77,77,77,77,77],"relics":["Ring of the Snake","Strawberry","Ice Cream","Bag of Marbles"],"campfire_meditates":0,"card_choices":[{"not_picked":["PiercingWail","Malaise"],"picked":"Calculated Gamble"},{"not_picked":["Flechettes","Bane"],"picked":"Sucker Punch"},{"not_picked":["Wraith Form","Sucker Punch"],"picked":"Dagger Throw"},{"not_picked":["Prepared","Catalyst"],"picked":"Escape Plan"},{"not_picked":["Dodge and Roll","Malaise"],"picked":"Underhanded Strike"},{"not_picked":["Deflect","Quick Slash"],"picked":"Underhanded Strike"},{"not_picked":["Heel Hook","Leg Sweep"],"picked":"Underhanded Strike"},{"not_picked":["Flechettes","Slice"],"picked":"Outmaneuver"},{"not_picked":["Outmaneuver","Escape Plan"],"picked":"Distraction"}],"player_experience":100706,"potions_floor_usage":[5,6,6,13,16],"damage_taken":[{"damage":0,"enemies":"2 Louse","floor":1,"turns":3},{"damage":1,"enemies":"Jaw Worm","floor":3,"turns":6},{"damage":0,"enemies":"Blue Slaver","floor":4,"turns":7},{"damage":0,"enemies":"2 Fungi Beasts","floor":5,"turns":4},{"damage":25,"enemies":"Lagavulin","floor":6,"turns":11},{"damage":13,"enemies":"Lots of Slimes","floor":11,"turns":4},{"damage":0,"enemies":"3 Louse","floor":12,"turns":3},{"damage":0,"enemies":"Red Slaver","floor":13,"turns":3},{"damage":0,"enemies":"Looter","floor":14,"turns":3},{"damage":69,"enemies":"Slime Boss","floor":16,"turns":9}],"event_choices":[{"event_name":"Scrap Ooze","player_choice":"success","floor":2,"damage_taken":7},{"event_name":"Match and Keep!","player_choice":"1 cards matched","floor":10,"damage_taken":0}],"boss_relics":[],"potions_floor_spawned":[1,4,5,6],"seed_played":"-3151922629829030612","killed_by":"Slime Boss","is_trial":false}