{"path_per_floor":["M","?","$","?","M","R","M","M","T","M","?","E","M","?","R","B",null,"M","M","?","?","?","E","R","M","T","M","M","M","M","M","R","B",null,"M","$","?","$","M","E","R"],"character_chosen":"THE_SILENT","items_purchased":["Dramatic Entrance","Sundial","Infinite Blades","Poison Potion","Backflip"],"gold_per_floor":[111,111,9,9,19,19,34,46,46,62,62,93,112,112,112,208,208,219,238,238,238,238,273,273,293,293,308,327,341,359,378,378,482,482,500,64,0,0,11,44,44],"floor_reached":42,"campfire_rested":5,"playtime":2718,"current_hp_per_floor":[65,51,51,33,33,54,51,45,45,45,45,18,18,18,39,19,70,56,46,46,46,37,16,38,35,35,33,23,23,6,6,28,11,75,45,45,45,45,34,2,24],"items_purged":[],"gold":44,"play_id":"32c4f6c7-b58f-46e0-87f1-6107b55cdaab","is_prod":false,"is_daily":false,"campfire_rituals":0,"campfire_upgraded":0,"is_hardmode":false,"path_taken":["M","?","$","?","M","R","?","?","T","M","?","E","M","?","R","BOSS","M","?","?","?","?","E","R","M","T","M","M","M","M","M","R","BOSS","M","$","?","?","M","E","R","E"],"build_version":"2018-01-11-PROD2","purchased_purges":0,"victory":false,"master_deck":["Defend_G","Defend_G","Defend_G","Defend_G","Defend_G","Strike_G","Strike_G","Strike_G","Strike_G","Strike_G","Survivor","Neutralize","Bane","Dramatic Entrance","Distraction","Poisoned Stab","Poisoned Stab","Backstab","Noxious Fumes","Catalyst","Phantasmal Killer","Parasite","Writhe","Flying Knee","Slice","Deflect","Acrobatics","Adrenaline","Catalyst","Deflect","Poisoned Stab","Wraith Form","Flying Knee","Infinite Blades","Backflip","Crippling Poison","Crippling Poison"],"max_hp_per_floor":[70,70,70,70,70,70,70,70,70,70,70,70,70,70,70,70,70,70,70,70,70,75,75,75,75,75,75,75,75,75,75,75,75,75,75,75,75,75,75,75,75],"relics":["Ring of the Snake","Letter Opener","Pantograph","Omamori","Bag of Marbles","Calling Bell","Ancient Tea Set","Shovel","Pen Nib","Peace Pipe","Matryoshka","The Specimen","Sundial","Red Mask","Dream Catcher"],"campfire_meditates":0,"card_choices":[{"not_picked":["Acrobatics","Distraction"],"picked":"Bane"},{"not_picked":["Dash","Dodge and Roll"],"picked":"Distraction"},{"not_picked":["Underhanded Strike","Terror"],"picked":"Poisoned Stab"},{"not_picked":["Bane","Eviscerate"],"picked":"Poisoned Stab"},{"not_picked":["Terror","Masterful Stab"],"picked":"Backstab"},{"not_picked":["Dagger Throw","Poisoned Stab"],"picked":"Noxious Fumes"},{"not_picked":["Terror","Skewer"],"picked":"Catalyst"},{"not_picked":["Corpse Explosion","Glass Knife"],"picked":"Phantasmal Killer"},{"not_picked":["Outmaneuver","Quick Slash"],"picked":"Flying Knee"},{"not_picked":["Underhanded Strike","Endless Agony"],"picked":"Slice"},{"not_picked":["Poisoned Stab","Slice"],"picked":"Deflect"},{"not_picked":["Dagger Spray","Masterful Stab"],"picked":"Acrobatics"},{"not_picked":["Poisoned Stab","Choke"],"picked":"Adrenaline"},{"not_picked":["Dagger Spray","Outmaneuver"],"picked":"Catalyst"},{"not_picked":["Slice","Backflip"],"picked":"Deflect"},{"not_picked":["PiercingWail","Crippling Poison"],"picked":"Poisoned Stab"},{"not_picked":["Doppelganger","Corpse Explosion"],"picked":"Wraith Form"},{"not_picked":["Endless Agony","Leg Sweep"],"picked":"Flying Knee"},{"not_picked":["Deadly Poison","Well Laid Plans"],"picked":"Crippling Poison"},{"not_picked":["Dagger Spray","Prepared"],"picked":"Crippling Poison"}],"player_experience":85071,"potions_floor_usage":[18,23,23,23,27,31,33,39,40,40],"damage_taken":[{"damage":5,"enemies":"2 Louse","floor":1,"turns":2},{"damage":0,"enemies":"Cultist","floor":5,"turns":3},{"damage":3,"enemies":"Jaw Worm","floor":7,"turns":5},{"damage":6,"enemies":"3 Louse","floor":8,"turns":4},{"damage":0,"enemies":"Lots of Slimes","floor":10,"turns":2},{"damage":27,"enemies":"3 Sentries","floor":12,"turns":7},{"damage":0,"enemies":"Gremlin Gang","floor":13,"turns":2},{"damage":45,"enemies":"The Guardian","floor":16,"turns":9},{"damage":14,"enemies":"2 Thieves","floor":18,"turns":4},{"damage":10,"enemies":"3 Byrds","floor":19,"turns":4},{"damage":21,"enemies":"Book of Stabbing","floor":23,"turns":5},{"damage":3,"enemies":"3 Cultists","floor":25,"turns":5},{"damage":14,"enemies":"Snecko","floor":27,"turns":4},{"damage":10,"enemies":"Chosen and Byrds","floor":28,"turns":5},{"damage":0,"enemies":"Snake Plant","floor":29,"turns":4},{"damage":17,"enemies":"Snecko","floor":30,"turns":5},{"damage":0,"enemies":"Chosen and Byrds","floor":31,"turns":4},{"damage":42,"enemies":"Collector","floor":33,"turns":10},{"damage":30,"enemies":"3 Darklings","floor":35,"turns":7},{"damage":11,"enemies":"Orb Walker","floor":39,"turns":3},{"damage":32,"enemies":"2 Orb Walkers","floor":40,"turns":4},{"damage":44,"enemies":"Nemesis","floor":42,"turns":6}],"event_choices":[{"event_name":"Shining Light","player_choice":"Entered Light","floor":2,"damage_taken":0},{"event_name":"Scrap Ooze","player_choice":"success","floor":4,"damage_taken":18},{"event_name":"Living Wall","player_choice":"Grow","floor":11,"damage_taken":0},{"event_name":"Accursed Blacksmith","player_choice":"Rummage","floor":14,"damage_taken":0},{"event_name":"Back to Basics","player_choice":"Simplicity","floor":20,"damage_taken":0},{"event_name":"The Lab","player_choice":"Got Potions","floor":21,"damage_taken":0},{"event_name":"Forgotten Altar","player_choice":"Shed Blood","floor":22,"damage_taken":0},{"event_name":"Tomb of Lord Red Mask","player_choice":"Paid","floor":37,"damage_taken":0}],"boss_relics":[{"not_picked":["Philosopher\u0027s Stone","Tiny House"],"picked":"Calling Bell"},{"not_picked":["Runic Pyramid","Snecko Eye"],"picked":"The Specimen"}],"potions_floor_spawned":[5,13,16,18,25,27,30,35],"seed_played":"-2826690841935105790","killed_by":"Nemesis","is_trial":false}