{"path_per_floor":["M","?","?","M","M","E","?","R","T","E","M","M","M","E","R","B",null,"M","$","?","?","M","R","M","$","T","M","M","E"],"character_chosen":"THE_SILENT","items_purchased":["Panache","Tiny Chest","Cloak And Dagger","Noxious Fumes"],"gold_per_floor":[111,111,111,124,141,176,251,251,251,276,290,303,323,354,354,454,454,454,77,77,77,77,77,77,1,1,1,1,1],"floor_reached":30,"campfire_rested":3,"playtime":2551,"current_hp_per_floor":[70,63,56,56,56,48,37,58,72,52,49,59,59,49,74,73,84,79,79,63,63,53,78,76,76,76,68,24,5],"items_purged":[],"gold":1,"play_id":"89455cfa-ad9a-4326-9340-781f71cf70f8","is_prod":false,"is_daily":false,"campfire_rituals":0,"campfire_upgraded":0,"is_hardmode":false,"path_taken":["M","?","?","M","M","E","?","R","T","E","M","?","M","E","R","BOSS","M","$","?","?","?","R","M","?","T","M","M","E","M"],"build_version":"2018-01-11-PROD2","purchased_purges":0,"victory":false,"master_deck":["Defend_G","Defend_G","Defend_G","Defend_G","Defend_G","Strike_G","Strike_G","Strike_G","Strike_G","Strike_G","Survivor","Neutralize","Bouncing Flask","Distraction","Escape Plan","Burst","Infinite Blades","Dodge and Roll","Acrobatics","Caltrops","Bullet Time","Catalyst","Panache","Cloak And Dagger","Noxious Fumes"],"max_hp_per_floor":[70,70,70,70,70,70,70,70,84,84,84,84,84,84,84,84,84,84,84,84,84,84,84,84,84,84,84,84,84],"relics":["Ring of the Snake","Paper Crane","Matryoshka","War Paint","Mango","Toolbox","Happy Flower","Ectoplasm","Tiny Chest","Nilry\u0027s Codex","Vajra","Bronze Scales","Bag of Marbles"],"campfire_meditates":0,"card_choices":[{"not_picked":["Slice","PiercingWail"],"picked":"Bouncing Flask"},{"not_picked":["Slice","Dagger Throw"],"picked":"Distraction"},{"not_picked":["Sucker Punch","Catalyst"],"picked":"Escape Plan"},{"not_picked":["Slice","Reflex"],"picked":"Burst"},{"not_picked":["Sucker Punch","Malaise"],"picked":"Infinite Blades"},{"not_picked":["Skewer","Endless Agony"],"picked":"Dodge and Roll"},{"not_picked":["Cloak And Dagger","Choke"],"picked":"Acrobatics"},{"not_picked":["Quick Slash","Bane"],"picked":"Caltrops"},{"not_picked":["Doppelganger","Venomology"],"picked":"Bullet Time"},{"not_picked":["Backflip","Slice"],"picked":"Catalyst"}],"player_experience":109196,"potions_floor_usage":[6,10,11,12,12,24,27,27,28,29],"damage_taken":[{"damage":0,"enemies":"Cultist","floor":1,"turns":4},{"damage":0,"enemies":"Small Slimes","floor":4,"turns":4},{"damage":0,"enemies":"Jaw Worm","floor":5,"turns":3},{"damage":8,"enemies":"Lagavulin","floor":6,"turns":6},{"damage":20,"enemies":"3 Sentries","floor":10,"turns":8},{"damage":3,"enemies":"Exordium Thugs","floor":11,"turns":6},{"damage":2,"enemies":"Red Slaver","floor":12,"turns":4},{"damage":0,"enemies":"Large Slime","floor":13,"turns":5},{"damage":10,"enemies":"Lagavulin","floor":14,"turns":6},{"damage":1,"enemies":"Hexaghost","floor":16,"turns":10},{"damage":5,"enemies":"Shell Parasite","floor":18,"turns":6},{"damage":10,"enemies":"Spheric Guardian","floor":22,"turns":4},{"damage":2,"enemies":"Snecko","floor":24,"turns":6},{"damage":8,"enemies":"Slaver and Parasite","floor":27,"turns":3},{"damage":44,"enemies":"Sentry and Sphere","floor":28,"turns":6},{"damage":19,"enemies":"Gremlin Leader","floor":29,"turns":6},{"damage":10,"enemies":"3 Cultists","floor":30,"turns":2}],"event_choices":[{"event_name":"Scrap Ooze","player_choice":"success","floor":2,"damage_taken":7},{"event_name":"Wheel of Change","player_choice":"Damage","floor":3,"damage_taken":0},{"event_name":"World of Goop","player_choice":"Gather Gold","floor":7,"damage_taken":0},{"event_name":"Cursed Tome","player_choice":"Obtained Book","floor":20,"damage_taken":0},{"event_name":"Drug Dealer","player_choice":"Ignored","floor":21,"damage_taken":0}],"boss_relics":[{"not_picked":["Calling Bell","Runic Pyramid"],"picked":"Ectoplasm"}],"potions_floor_spawned":[1,5,10,13,18,24,28,29],"seed_played":"8088376341911307269","killed_by":"3 Cultists","is_trial":false}