{"path_per_floor":["M","?","?","M","$","E","M","R","T","?","M","M","E","M","R","B",null,"M","M","$","?","M","R","E","R","T","M","M","M","R","?","R","B",null,"M","?","?","?","M","R","?"],"character_chosen":"THE_SILENT","items_purchased":["Adrenaline","Kunai","Footwork"],"gold_per_floor":[109,109,209,226,72,104,121,121,147,147,161,173,204,224,224,326,326,346,362,32,32,42,42,73,73,97,114,132,147,147,62,62,162,162,182,0,0,0,14,14,14],"floor_reached":42,"campfire_rested":6,"playtime":2843,"current_hp_per_floor":[75,75,75,74,74,21,21,44,44,44,44,44,44,44,67,46,77,46,22,22,22,15,38,38,76,76,61,47,30,68,68,68,31,77,38,38,38,38,7,45,45],"items_purged":[],"gold":14,"play_id":"22c415ba-a7d2-41a2-a30b-8c2342e3aeed","is_prod":false,"is_daily":false,"campfire_rituals":0,"campfire_upgraded":1,"is_hardmode":false,"path_taken":["M","?","?","?","?","E","M","R","T","?","M","M","E","M","R","BOSS","M","M","?","?","M","R","E","R","T","M","M","?","R","?","R","BOSS","M","?","?","?","M","R","?","E"],"build_version":"2018-01-11-PROD2","purchased_purges":0,"victory":false,"master_deck":["Defend_G","Defend_G","Defend_G","Defend_G","Strike_G","Strike_G","Strike_G","Strike_G","Strike_G","Survivor","Neutralize","All Out Attack","Dagger Spray","Adrenaline","Slice","Bane","Poisoned Stab","Poisoned Stab","PiercingWail","Flying Knee","Distraction","Deadly Poison","Footwork","Deflect","Predator","Dash","Flying Knee","Quick Slash","Outmaneuver","Unload","Deadly Poison","Deadly Poison","Acrobatics"],"max_hp_per_floor":[77,77,77,77,77,77,77,77,77,77,77,77,77,77,77,77,77,77,77,77,77,77,77,77,77,77,77,77,77,77,77,77,77,77,77,77,77,77,77,77,77],"relics":["Ring of the Snake","Strawberry","Matryoshka","Singing Bowl","Bag of Preparation","Bird Faced Urn","Lizard Tail","Kunai","Regal Pillow","Dream Catcher","Ancient Tea Set","Juzu Bracelet","The Specimen","Red Mask"],"campfire_meditates":0,"card_choices":[{"not_picked":["Dagger Throw","Dodge and Roll"],"picked":"All Out Attack"},{"not_picked":["Acrobatics","Slice"],"picked":"Dagger Spray"},{"not_picked":["Distraction","Tools of the Trade"],"picked":"Slice"},{"not_picked":["Prepared","Calculated Gamble"],"picked":"Bane"},{"not_picked":["Caltrops","Distraction"],"picked":"Poisoned Stab"},{"not_picked":["Dagger Spray","Dash"],"picked":"Poisoned Stab"},{"not_picked":["Flechettes","Backflip"],"picked":"PiercingWail"},{"not_picked":["Bane","Caltrops"],"picked":"Flying Knee"},{"not_picked":["Doppelganger","Unload"],"picked":"After Image"},{"not_picked":["PiercingWail","Acrobatics"],"picked":"Distraction"},{"not_picked":["Prepared","Blade Dance"],"picked":"Deadly Poison"},{"not_picked":["Bane","Quick Slash"],"picked":"Deflect"},{"not_picked":["Acrobatics","Prepared"],"picked":"Predator"},{"not_picked":["Acrobatics","PiercingWail"],"picked":"Dash"},{"not_picked":["Bane","Acrobatics"],"picked":"Flying Knee"},{"not_picked":["Sucker Punch","Terror"],"picked":"Quick Slash"},{"not_picked":["Tools of the Trade","PiercingWail"],"picked":"Outmaneuver"},{"not_picked":["Corpse Explosion","Doppelganger"],"picked":"Unload"},{"not_picked":["Dagger Throw","Malaise"],"picked":"Deadly Poison"},{"not_picked":["Acrobatics","Riddle With Holes"],"picked":"Deadly Poison"},{"not_picked":["Prepared","Dagger Spray"],"picked":"Acrobatics"}],"player_experience":69418,"potions_floor_usage":[13,13,19,29,33,39],"damage_taken":[{"damage":2,"enemies":"Small Slimes","floor":1,"turns":3},{"damage":1,"enemies":"Cultist","floor":4,"turns":3},{"damage":53,"enemies":"Lagavulin","floor":6,"turns":10},{"damage":0,"enemies":"2 Louse","floor":7,"turns":2},{"damage":0,"enemies":"Exordium Wildlife","floor":11,"turns":1},{"damage":0,"enemies":"Red Slaver","floor":12,"turns":2},{"damage":0,"enemies":"Gremlin Nob","floor":13,"turns":2},{"damage":0,"enemies":"Looter","floor":14,"turns":2},{"damage":21,"enemies":"Slime Boss","floor":16,"turns":10},{"damage":31,"enemies":"2 Thieves","floor":18,"turns":3},{"damage":26,"enemies":"Spheric Guardian","floor":19,"turns":6},{"damage":11,"enemies":"Snake Plant","floor":22,"turns":4},{"damage":51,"enemies":"Gremlin Leader","floor":24,"turns":7},{"damage":16,"enemies":"Centurion and Healer","floor":27,"turns":6},{"damage":16,"enemies":"3 Cultists","floor":28,"turns":6},{"damage":19,"enemies":"Snake Plant","floor":29,"turns":4},{"damage":41,"enemies":"Collector","floor":33,"turns":8},{"damage":41,"enemies":"3 Darklings","floor":35,"turns":7},{"damage":33,"enemies":"3 Shapes","floor":39,"turns":6},{"damage":69,"enemies":"2 Orb Walkers","floor":42,"turns":4}],"event_choices":[{"event_name":"Purifier","player_choice":"One Purge","floor":2,"damage_taken":0},{"event_name":"Golden Shrine","player_choice":"Pray","floor":3,"damage_taken":0},{"event_name":"Upgrade Shrine","player_choice":"Upgraded","floor":10,"damage_taken":0},{"event_name":"Drug Dealer","player_choice":"Ignored","floor":21,"damage_taken":0},{"event_name":"Addict","player_choice":"Obtained Relic","floor":31,"damage_taken":0},{"event_name":"Tomb of Lord Red Mask","player_choice":"Paid","floor":36,"damage_taken":0},{"event_name":"The Moai Head","player_choice":"Ignored","floor":38,"damage_taken":0},{"event_name":"Upgrade Shrine","player_choice":"Upgraded","floor":41,"damage_taken":0}],"boss_relics":[{"not_picked":["Runic Dome","Philosopher\u0027s Stone"],"picked":"Lizard Tail"},{"not_picked":["Question Card","Sozu"],"picked":"The Specimen"}],"potions_floor_spawned":[1,6,7,27,29,33,35],"seed_played":"3648198122163268414","killed_by":"2 Orb Walkers","is_trial":false}