{"path_per_floor":["M","M","M","M","M","R","$","M","T","M","M","E","M","E","R","B",null,"M","M","M","?","$","R","M","R","T","M","E","R","?","E","R","B",null,"M","T","$","M","?","R","E","M","T","E","R","?","M","?","R","B"],"character_chosen":"THE_SILENT","items_purchased":["Mind Blast","Acrobatics","Swift Potion","Apotheosis","Noxious Fumes","Infinite Blades","Enlightenment"],"gold_per_floor":[118,132,148,164,179,179,2,17,47,58,72,97,114,141,141,246,246,256,270,286,286,18,18,31,31,58,77,103,103,103,130,130,231,231,246,246,6,18,18,18,49,59,59,94,94,0,20,66,66,66],"floor_reached":51,"campfire_rested":8,"playtime":4348,"current_hp_per_floor":[68,67,67,54,49,70,70,68,68,66,62,44,44,41,62,38,72,67,44,23,14,14,37,35,58,58,55,43,66,50,12,35,29,79,70,70,70,70,70,70,77,66,80,74,102,102,102,93,104,76],"items_purged":[],"gold":66,"play_id":"eee41ceb-8e9b-430d-9c45-85da88298017","is_prod":false,"is_daily":false,"campfire_rituals":0,"campfire_upgraded":1,"is_hardmode":false,"path_taken":["M","M","M","M","M","R","$","M","T","M","M","E","?","E","R","BOSS","M","M","M","?","$","R","M","R","T","M","E","R","?","E","R","BOSS","M","?","$","M","?","R","E","M","T","E","R","?","M","?","R","BOSS"],"build_version":"2018-01-11-PROD2","purchased_purges":0,"victory":true,"master_deck":["Defend_G","Defend_G","Strike_G","Strike_G","Strike_G","Strike_G","Survivor","Neutralize","Backstab","Prepared","Flying Knee","Escape Plan","Deadly Poison","Mind Blast","Acrobatics","Infinite Blades","Blade Dance","Infinite Blades","Predator","After Image","Adrenaline","Outmaneuver","Acrobatics","Apotheosis","Noxious Fumes","Quick Slash","Injury","Bane","Deflect","Necronomicurse","PiercingWail","After Image","Clumsy","Slice","Venomology","Catalyst","Deflect","Clumsy","Infinite Blades","Enlightenment","Infinite Blades","Escape Plan","Outmaneuver","Injury","Deflect"],"max_hp_per_floor":[70,70,70,70,70,70,70,70,70,72,72,72,72,72,72,72,72,72,72,74,79,79,79,79,79,79,79,79,79,79,79,79,79,79,79,79,79,79,79,79,86,86,100,102,102,102,102,104,104,104],"relics":["Ring of the Snake","Singing Bowl","Tiny Chest","Mercury Hourglass","Vajra","Cursed Key","Anchor","Letter Opener","Necronomicon","Dead Branch","Astrolabe","Du-Vu Doll","Strawberry","Mango","Unceasing Top","Red Mask","Tingsha"],"campfire_meditates":0,"card_choices":[{"not_picked":["Venomology","Caltrops"],"picked":"Backstab"},{"not_picked":["Dodge and Roll","Eviscerate"],"picked":"Prepared"},{"not_picked":["Sucker Punch","Slice"],"picked":"Flying Knee"},{"not_picked":["Sucker Punch","Dagger Spray"],"picked":"Escape Plan"},{"not_picked":["Leg Sweep","Eviscerate"],"picked":"Deadly Poison"},{"not_picked":["Dagger Spray","Well Laid Plans"],"picked":"Infinite Blades"},{"not_picked":["Choke","Dagger Throw"],"picked":"Blade Dance"},{"not_picked":["Footwork","Dagger Spray"],"picked":"Infinite Blades"},{"not_picked":["Calculated Gamble","Footwork"],"picked":"Predator"},{"not_picked":["Deflect","Sucker Punch"],"picked":"After Image"},{"not_picked":["Wraith Form","Envenom"],"picked":"Adrenaline"},{"not_picked":["Finisher","Dodge and Roll"],"picked":"Outmaneuver"},{"not_picked":["Dagger Throw","Malaise"],"picked":"Acrobatics"},{"not_picked":["Well Laid Plans","PiercingWail"],"picked":"Quick Slash"},{"not_picked":["Dodge and Roll","Finisher"],"picked":"Bane"},{"not_picked":["Footwork","Dodge and Roll"],"picked":"Deflect"},{"not_picked":["Finisher","Backflip"],"picked":"PiercingWail"},{"not_picked":["Unload","Phantasmal Killer"],"picked":"After Image"},{"not_picked":["Flying Knee","Sucker Punch"],"picked":"Deflect"},{"not_picked":["Catalyst","Slice"],"picked":"Infinite Blades"},{"not_picked":["Quick Slash","Poisoned Stab"],"picked":"Escape Plan"},{"not_picked":["Crippling Poison","Masterful Stab"],"picked":"Outmaneuver"},{"not_picked":["Eviscerate","Well Laid Plans"],"picked":"Deflect"}],"player_experience":79164,"potions_floor_usage":[13,14,14,28,41,44,47,50,50,50],"damage_taken":[{"damage":2,"enemies":"Blue Slaver","floor":1,"turns":7},{"damage":1,"enemies":"2 Louse","floor":2,"turns":4},{"damage":0,"enemies":"Cultist","floor":3,"turns":3},{"damage":13,"enemies":"Large Slime","floor":4,"turns":10},{"damage":5,"enemies":"2 Fungi Beasts","floor":5,"turns":4},{"damage":2,"enemies":"Looter","floor":8,"turns":2},{"damage":4,"enemies":"Red Slaver","floor":10,"turns":4},{"damage":4,"enemies":"Large Slime","floor":11,"turns":5},{"damage":18,"enemies":"Gremlin Nob","floor":12,"turns":4},{"damage":0,"enemies":"3 Louse","floor":13,"turns":1},{"damage":3,"enemies":"3 Sentries","floor":14,"turns":6},{"damage":24,"enemies":"Hexaghost","floor":16,"turns":9},{"damage":5,"enemies":"Shell Parasite","floor":18,"turns":4},{"damage":23,"enemies":"3 Byrds","floor":19,"turns":4},{"damage":23,"enemies":"Snake Plant","floor":20,"turns":6},{"damage":2,"enemies":"Snecko","floor":24,"turns":4},{"damage":3,"enemies":"Centurion and Healer","floor":27,"turns":5},{"damage":12,"enemies":"Book of Stabbing","floor":28,"turns":3},{"damage":38,"enemies":"Slavers","floor":31,"turns":5},{"damage":6,"enemies":"Champ","floor":33,"turns":8},{"damage":9,"enemies":"3 Darklings","floor":35,"turns":3},{"damage":0,"enemies":"Orb Walker","floor":38,"turns":3},{"damage":0,"enemies":"Giant Head","floor":41,"turns":4},{"damage":11,"enemies":"Sphere and 2 Shapes","floor":42,"turns":4},{"damage":8,"enemies":"2 Orb Walkers","floor":44,"turns":4},{"damage":0,"enemies":"3 Darklings","floor":47,"turns":3},{"damage":11,"enemies":"Mysterious Sphere","floor":48,"turns":4},{"damage":28,"enemies":"Awakened One","floor":50,"turns":8}],"event_choices":[{"event_name":"Forgotten Altar","player_choice":"Shed Blood","floor":21,"damage_taken":0},{"event_name":"Cursed Tome","player_choice":"Obtained Book","floor":30,"damage_taken":0},{"event_name":"Tomb of Lord Red Mask","player_choice":"Paid","floor":46,"damage_taken":0},{"event_name":"Mysterious Sphere","player_choice":"Fight","floor":48,"damage_taken":0}],"boss_relics":[{"not_picked":["Calling Bell","Orrery"],"picked":"Cursed Key"},{"not_picked":["Question Card","Black Star"],"picked":"Astrolabe"}],"potions_floor_spawned":[1,3,8,10,24,35,47,48],"seed_played":"453707472371081851","is_trial":false}