{"path_per_floor":["M","?","?","?","M","R","E","R","T","?","M","M","M","M","R","B",null,"M","?","?","M","?","R","?","$","T","E","M","R","$","M","R","B",null,"M","?","M","M","M","$","R","E","T","E","M","$","R","M","R"],"character_chosen":"THE_SILENT","items_purchased":["Infinite Blades","Regen Potion","Fire Potion","Energy Potion","Toolbox","Jack Of All Trades"],"gold_per_floor":[114,114,114,114,134,134,160,160,160,160,175,200,223,241,241,366,366,384,384,299,318,318,318,218,90,90,128,146,146,48,69,69,199,199,215,215,231,254,277,17,17,55,79,117,133,38,38,53,53],"floor_reached":50,"campfire_rested":6,"playtime":3499,"current_hp_per_floor":[68,61,61,61,57,70,49,49,49,49,40,40,38,38,38,21,70,60,60,60,46,46,70,70,70,84,64,51,51,51,51,84,43,84,70,70,60,42,16,16,56,49,49,32,34,34,74,53,86],"items_purged":[],"gold":53,"play_id":"d8b27bfb-8a11-4aeb-bb69-d54ef2296890","is_prod":false,"is_daily":false,"campfire_rituals":0,"campfire_upgraded":0,"is_hardmode":false,"path_taken":["M","?","?","?","M","R","E","R","T","?","?","M","M","M","R","BOSS","M","?","?","M","?","R","?","$","T","E","?","R","$","M","R","BOSS","M","?","M","M","M","$","R","E","T","E","M","$","R","?","R","BOSS"],"build_version":"2018-01-11-PROD2","purchased_purges":0,"victory":false,"master_deck":["Defend_G","Defend_G","Defend_G","Strike_G","Strike_G","Strike_G","Strike_G","Strike_G","Survivor","Neutralize","Sucker Punch","Noxious Fumes","A Thousand Cuts","Neutralize","Dagger Spray","Cloak And Dagger","Predator","Injury","Escape Plan","Acrobatics","Deadly Poison","Die Die Die","Prepared","Normality","Deflect","J.A.X.","Infinite Blades","Injury","Dagger Throw","Catalyst","Outmaneuver","After Image","Regret","Prepared","Noxious Fumes","Flying Knee","Riddle With Holes","Heel Hook","Decay","Infinite Blades","Jack Of All Trades","Noxious Fumes","Envenom"],"max_hp_per_floor":[70,70,70,70,70,70,70,70,70,70,70,70,70,70,70,70,70,70,70,70,70,70,70,70,70,84,84,84,84,84,84,84,84,84,84,84,84,84,84,84,84,84,84,86,86,86,86,86,86],"relics":["Ring of the Snake","Girya","Du-Vu Doll","Golden Idol","Cursed Key","Regal Pillow","Matryoshka","Mango","Meat on the Bone","Ancient Tea Set","Black Star","Toolbox","Dream Catcher","Bag of Preparation","Singing Bowl","Snake Skull","Frozen Egg","Anchor"],"campfire_meditates":0,"card_choices":[{"not_picked":["Prepared","Quick Slash"],"picked":"Noxious Fumes"},{"not_picked":["Sucker Punch","Dagger Spray"],"picked":"Cloak And Dagger"},{"not_picked":["Dodge and Roll","Poisoned Stab"],"picked":"Predator"},{"not_picked":["Dagger Spray","Masterful Stab"],"picked":"Escape Plan"},{"not_picked":["All Out Attack","Poisoned Stab"],"picked":"Acrobatics"},{"not_picked":["Reflex","Glass Knife"],"picked":"Deadly Poison"},{"not_picked":["Doppelganger","Unload"],"picked":"Die Die Die"},{"not_picked":["Choke","Endless Agony"],"picked":"Prepared"},{"not_picked":["Acrobatics","Slice"],"picked":"Deflect"},{"not_picked":["Skewer","Dodge and Roll"],"picked":"Dagger Throw"},{"not_picked":["Prepared","Poisoned Stab"],"picked":"Catalyst"},{"not_picked":["Sucker Punch","Prepared"],"picked":"Outmaneuver"},{"not_picked":["Burst","Wraith Form"],"picked":"After Image"},{"not_picked":["Deadly Poison","Acrobatics"],"picked":"Prepared"},{"not_picked":["Prepared","Heel Hook"],"picked":"Flying Knee"},{"not_picked":["Choke","Poisoned Stab"],"picked":"Riddle With Holes"},{"not_picked":["Slice","Adrenaline"],"picked":"Heel Hook"},{"not_picked":["Choke","Cloak And Dagger"],"picked":"Infinite Blades"},{"not_picked":["Underhanded Strike","Blade Dance"],"picked":"Noxious Fumes"},{"not_picked":["Underhanded Strike","Slice"],"picked":"Envenom"}],"player_experience":93354,"potions_floor_usage":[7,16,18,21,27,27,31,33,42,42,44,44],"damage_taken":[{"damage":2,"enemies":"Small Slimes","floor":1,"turns":5},{"damage":4,"enemies":"Cultist","floor":5,"turns":3},{"damage":21,"enemies":"Gremlin Nob","floor":7,"turns":5},{"damage":9,"enemies":"2 Louse","floor":11,"turns":2},{"damage":0,"enemies":"Large Slime","floor":12,"turns":4},{"damage":2,"enemies":"3 Louse","floor":13,"turns":2},{"damage":0,"enemies":"Looter","floor":14,"turns":3},{"damage":17,"enemies":"Slime Boss","floor":16,"turns":7},{"damage":10,"enemies":"Shell Parasite","floor":18,"turns":4},{"damage":14,"enemies":"2 Thieves","floor":21,"turns":3},{"damage":29,"enemies":"Book of Stabbing","floor":27,"turns":6},{"damage":25,"enemies":"Slaver and Parasite","floor":28,"turns":4},{"damage":0,"enemies":"Centurion and Healer","floor":31,"turns":3},{"damage":53,"enemies":"Collector","floor":33,"turns":9},{"damage":14,"enemies":"3 Darklings","floor":35,"turns":5},{"damage":10,"enemies":"Orb Walker","floor":37,"turns":4},{"damage":30,"enemies":"4 Shapes","floor":38,"turns":8},{"damage":38,"enemies":"3 Darklings","floor":39,"turns":4},{"damage":7,"enemies":"Nemesis","floor":42,"turns":4},{"damage":31,"enemies":"2 Orb Walkers","floor":44,"turns":6},{"damage":10,"enemies":"Sphere and 2 Shapes","floor":45,"turns":4},{"damage":21,"enemies":"Maw","floor":48,"turns":6},{"damage":92,"enemies":"Donu and Deca","floor":50,"turns":6}],"event_choices":[{"event_name":"Golden Wing","player_choice":"Card Removal","floor":2,"damage_taken":0},{"event_name":"Living Wall","player_choice":"Grow","floor":3,"damage_taken":0},{"event_name":"Match and Keep!","player_choice":"3 cards matched","floor":4,"damage_taken":0},{"event_name":"Golden Idol","player_choice":"Take Wound","floor":10,"damage_taken":0},{"event_name":"Accursed Blacksmith","player_choice":"Rummage","floor":19,"damage_taken":0},{"event_name":"Addict","player_choice":"Obtained Relic","floor":20,"damage_taken":0},{"event_name":"The Woman in Blue","player_choice":"Bought 0 Potions","floor":22,"damage_taken":0},{"event_name":"Drug Dealer","player_choice":"Got JAXXED","floor":24,"damage_taken":0},{"event_name":"Duplicator","player_choice":"One dupe","floor":36,"damage_taken":0}],"boss_relics":[{"not_picked":["The Specimen","Tiny House"],"picked":"Cursed Key"},{"not_picked":["Orrery","Runic Dome"],"picked":"Black Star"}],"potions_floor_spawned":[1,11,14,16,21,31,38,39,42],"seed_played":"-8954532384420801788","killed_by":"Donu and Deca","is_trial":false}