{"path_per_floor":["M","?","$","M","$","E","R","M","T","?","R","M","R","M","R","B",null,"M","?","M","?","?"],"character_chosen":"THE_SILENT","items_purchased":["Sucker Punch","Heel Hook"],"gold_per_floor":[112,112,27,43,43,75,75,87,87,162,162,176,176,187,187,283,283,298,298,308,308,308],"floor_reached":23,"campfire_rested":2,"playtime":1719,"current_hp_per_floor":[66,66,66,63,63,46,67,66,66,55,55,42,63,63,63,15,70,64,64,64,64,64],"items_purged":[],"gold":308,"play_id":"d6d86037-9c08-4fe4-831b-efcae53719d4","is_prod":false,"is_daily":false,"is_ascension_mode":false,"campfire_upgraded":2,"path_taken":["M","?","?","M","$","E","R","M","T","?","R","M","R","M","R","BOSS","M","?","M","?","?","E"],"build_version":"2018-01-25-PROD2","purchased_purges":0,"victory":false,"master_deck":["Defend_G+1","Defend_G+1","Defend_G+1","Defend_G+1","Strike_G+1","Strike_G+1","Strike_G+1","Survivor","Neutralize","Dagger Spray+1","Sucker Punch+1","Heel Hook","Dodge and Roll","Night Terror+1","Flying Knee","Slice","Deflect","Bullet Time","Flechettes+1","Dash+1","Well Laid Plans+1","Poisoned Stab+1","Dagger Throw+1"],"max_hp_per_floor":[70,70,70,70,70,70,70,70,70,70,70,70,70,70,70,70,70,70,70,70,70,70],"relics":["Ring of the Snake","Oddly Smooth Stone","Whetstone","Frozen Eye","Astrolabe","Regal Pillow"],"card_choices":[{"not_picked":["Deflect","Slice"],"picked":"Dagger Spray"},{"not_picked":["Flechettes","Malaise"],"picked":"Dodge and Roll"},{"not_picked":["PiercingWail","Terror"],"picked":"Night Terror"},{"not_picked":["Eviscerate","Acrobatics"],"picked":"Flying Knee"},{"not_picked":["Eviscerate","Choke"],"picked":"Slice"},{"not_picked":["Sucker Punch","Prepared"],"picked":"Deflect"},{"not_picked":["Burst","Doppelganger"],"picked":"Bullet Time"},{"not_picked":["Sucker Punch","PiercingWail"],"picked":"Poisoned Stab"},{"not_picked":["Dagger Spray","Dodge and Roll"],"picked":"Dagger Throw"}],"player_experience":5274,"potions_floor_usage":[16,16],"damage_taken":[{"damage":4,"enemies":"Jaw Worm","floor":1,"turns":5},{"damage":3,"enemies":"Cultist","floor":4,"turns":4},{"damage":17,"enemies":"Lagavulin","floor":6,"turns":8},{"damage":1,"enemies":"Blue Slaver","floor":8,"turns":3},{"damage":13,"enemies":"Large Slime","floor":12,"turns":6},{"damage":0,"enemies":"2 Fungi Beasts","floor":14,"turns":3},{"damage":48,"enemies":"Slime Boss","floor":16,"turns":17},{"damage":6,"enemies":"3 Byrds","floor":18,"turns":6},{"damage":0,"enemies":"2 Thieves","floor":20,"turns":4},{"damage":66,"enemies":"Gremlin Leader","floor":23,"turns":6}],"event_choices":[{"event_name":"Living Wall","player_choice":"Grow","floor":2,"damage_taken":0},{"event_name":"World of Goop","player_choice":"Gather Gold","floor":10,"damage_taken":0},{"event_name":"Back to Basics","player_choice":"Simplicity","floor":19,"damage_taken":0},{"event_name":"Vampires","player_choice":"Ignored","floor":21,"damage_taken":0},{"event_name":"The Mausoleum","player_choice":"Yes","floor":22,"damage_taken":0}],"boss_relics":[{"not_picked":["The Specimen","Cursed Key"],"picked":"Astrolabe"}],"potions_floor_spawned":[4,8,16,18],"seed_played":"4994993225264746787","killed_by":"Gremlin Leader","ascension_level":0,"is_trial":false}