{"path_per_floor":["M","?","?","$","M","R","M","R","T","M","R","$","R","M","R","B",null,"M","?","?","$","M","R","E","R","T","M","M","R","M","$","R","B",null,"M","$","M","$","M","M","R","$","T","M","R","E","M"],"character_chosen":"THE_SILENT","items_purchased":["Noxious Fumes","Footwork","Footwork","Dexterity Potion","Footwork","Footwork","Dexterity Potion"],"gold_per_floor":[119,119,119,49,65,65,81,81,81,97,97,16,16,34,34,132,132,147,147,147,72,55,55,86,86,168,183,199,199,217,97,97,193,193,211,134,149,21,40,58,58,58,58,73,73,105,115],"floor_reached":48,"campfire_rested":2,"playtime":4503,"current_hp_per_floor":[70,70,70,70,68,68,68,68,68,65,65,65,65,59,59,57,70,68,68,68,68,54,54,54,54,54,34,26,47,16,16,16,16,70,63,63,39,39,24,19,40,40,40,40,40,16,2],"items_purged":["Strike_G"],"gold":115,"play_id":"41c444e7-28b2-408b-9fdf-e214dc7c1862","is_prod":false,"is_daily":false,"is_ascension_mode":false,"campfire_upgraded":8,"path_taken":["M","?","?","$","M","R","M","R","T","M","R","?","R","?","R","BOSS","M","?","?","$","M","R","E","R","T","M","M","R","M","$","R","BOSS","M","$","M","$","M","M","R","$","T","?","R","E","M","M"],"build_version":"2018-01-25-PROD3","purchased_purges":1,"victory":false,"master_deck":["Defend_G","Defend_G","Defend_G","Defend_G","Defend_G","Strike_G","Strike_G","Strike_G","Survivor+1","Neutralize+1","Dagger Throw","Dagger Throw","Noxious Fumes+1","Noxious Fumes+1","Unload+1","Footwork+1","Burst","Catalyst+1","Poisoned Stab","Escape Plan+1","Quick Slash+1","Well Laid Plans","Footwork+1","Bullet Time","Calculated Gamble+1","Catalyst+1","Acrobatics","Calculated Gamble+1","Footwork","Noxious Fumes","Footwork","Corpse Explosion"],"max_hp_per_floor":[70,70,70,70,70,70,70,70,70,70,70,70,70,70,70,70,70,70,70,70,70,70,70,70,70,70,70,70,70,70,70,70,70,70,70,70,70,70,70,70,70,70,70,70,70,70,70],"relics":["Ring of the Snake","Girya","Velvet Choker","Toolbox","Mummified Hand","Shuriken","Orrery","Calipers","Centennial Puzzle"],"card_choices":[{"not_picked":["Eviscerate","Skewer"],"picked":"Dagger Throw"},{"not_picked":["Poisoned Stab","Deadly Poison"],"picked":"Dagger Throw"},{"not_picked":["Sucker Punch","Escape Plan"],"picked":"Noxious Fumes"},{"not_picked":["Terror","Caltrops"],"picked":"Unload"},{"not_picked":["Unload","Corpse Explosion"],"picked":"Burst"},{"not_picked":["Outmaneuver","Heel Hook"],"picked":"Catalyst"},{"not_picked":["Terror","Riddle With Holes"],"picked":"Poisoned Stab"},{"not_picked":["Sucker Punch","Adrenaline"],"picked":"Escape Plan"},{"not_picked":["Deadly Poison","Underhanded Strike"],"picked":"Quick Slash"},{"not_picked":["Blade Dance","Deadly Poison"],"picked":"Well Laid Plans"},{"not_picked":["A Thousand Cuts","Unload"],"picked":"Bullet Time"},{"not_picked":["Deadly Poison","Sucker Punch"],"picked":"Calculated Gamble"},{"not_picked":["Masterful Stab","Deflect"],"picked":"Catalyst"},{"not_picked":["Deadly Poison","Poisoned Stab"],"picked":"Acrobatics"},{"not_picked":["All Out Attack","PiercingWail"],"picked":"Calculated Gamble"},{"not_picked":["Poisoned Stab","PiercingWail"],"picked":"Noxious Fumes"},{"not_picked":["Bane","All Out Attack"],"picked":"Corpse Explosion"}],"player_experience":46569,"potions_floor_usage":[33,33,33,46,47,48],"damage_taken":[{"damage":0,"enemies":"Small Slimes","floor":1,"turns":3},{"damage":2,"enemies":"Blue Slaver","floor":5,"turns":5},{"damage":0,"enemies":"Cultist","floor":7,"turns":4},{"damage":3,"enemies":"Large Slime","floor":10,"turns":6},{"damage":6,"enemies":"Red Slaver","floor":14,"turns":4},{"damage":2,"enemies":"Hexaghost","floor":16,"turns":9},{"damage":2,"enemies":"Shell Parasite","floor":18,"turns":6},{"damage":14,"enemies":"2 Thieves","floor":22,"turns":4},{"damage":0,"enemies":"Book of Stabbing","floor":24,"turns":6},{"damage":20,"enemies":"Sentry and Sphere","floor":27,"turns":4},{"damage":8,"enemies":"Snecko","floor":28,"turns":6},{"damage":31,"enemies":"Chosen and Byrds","floor":30,"turns":6},{"damage":0,"enemies":"Collector","floor":33,"turns":7},{"damage":7,"enemies":"3 Shapes","floor":35,"turns":7},{"damage":24,"enemies":"3 Darklings","floor":37,"turns":5},{"damage":15,"enemies":"Sphere and 2 Shapes","floor":39,"turns":6},{"damage":5,"enemies":"Maw","floor":40,"turns":7},{"damage":0,"enemies":"4 Shapes","floor":44,"turns":7},{"damage":24,"enemies":"Nemesis","floor":46,"turns":7},{"damage":14,"enemies":"3 Darklings","floor":47,"turns":5},{"damage":4,"enemies":"Sphere and 2 Shapes","floor":48,"turns":2}],"event_choices":[{"event_name":"Bonfire Elementals","player_choice":"BASIC","floor":2,"damage_taken":0},{"event_name":"Accursed Blacksmith","player_choice":"Forge","floor":3,"damage_taken":0},{"event_name":"The Mausoleum","player_choice":"Yes","floor":19,"damage_taken":0},{"event_name":"Beggar","player_choice":"Ignored","floor":20,"damage_taken":0}],"boss_relics":[{"not_picked":["Calling Bell","Tiny House"],"picked":"Velvet Choker"},{"not_picked":["Black Star","Question Card"],"picked":"Orrery"}],"potions_floor_spawned":[7,14,22,27,33,35,37,40,46],"seed_played":"-9056267110413795946","killed_by":"Sphere and 2 Shapes","ascension_level":0,"is_trial":false}