{"path_per_floor":["M","?","?","M","$","R","M","M","T","M","M","M","R","M","R","B",null,"M","M","?","M","$","R"],"character_chosen":"THE_SILENT","items_purchased":["Endless Agony","Regal Pillow","Poisoned Stab"],"gold_per_floor":[118,118,118,136,96,96,113,124,124,134,152,167,167,184,184,280,280,291,308,308,318,116,116],"floor_reached":24,"campfire_rested":3,"playtime":1950,"current_hp_per_floor":[70,70,70,63,63,63,60,60,60,60,46,46,67,41,62,33,70,60,26,49,7,7,43],"items_purged":[],"gold":116,"play_id":"3dff8ec3-308a-4e80-98b6-4f7c63584225","is_prod":false,"is_daily":false,"is_ascension_mode":false,"campfire_upgraded":1,"path_taken":["M","?","?","M","$","R","M","M","T","M","?","M","R","M","R","BOSS","M","M","?","M","$","R","M"],"build_version":"2018-01-25-PROD2","purchased_purges":0,"victory":false,"master_deck":["Defend_G","Defend_G","Defend_G","Defend_G","Defend_G","Strike_G","Strike_G","Strike_G","Strike_G","Strike_G","Survivor","Neutralize+1","Flying Knee","Distraction+1","Endless Agony","Backflip","Envenom","Deadly Poison","Slice","Finisher","Quick Slash","Night Terror","Dagger Spray+1","Outmaneuver","Venomology","Poisoned Stab"],"max_hp_per_floor":[70,70,70,70,70,70,70,70,70,70,70,70,70,70,70,70,70,70,70,70,70,70,70],"relics":["Ring of the Snake","Ice Cream","The Specimen","Regal Pillow"],"card_choices":[{"not_picked":["PiercingWail","Outmaneuver"],"picked":"Flying Knee"},{"not_picked":["Quick Slash","Masterful Stab"],"picked":"Distraction"},{"not_picked":["Sucker Punch","Dodge and Roll"],"picked":"Backflip"},{"not_picked":["Quick Slash","Sucker Punch"],"picked":"Envenom"},{"not_picked":["Slice","Sucker Punch"],"picked":"Deadly Poison"},{"not_picked":["Masterful Stab","Quick Slash"],"picked":"Slice"},{"not_picked":["Dagger Spray","Flying Knee"],"picked":"Finisher"},{"not_picked":["Prepared","Masterful Stab"],"picked":"Quick Slash"},{"not_picked":["Bullet Time","Burst"],"picked":"Night Terror"},{"not_picked":["Prepared","Predator"],"picked":"Dagger Spray"},{"not_picked":["Choke","Acrobatics"],"picked":"Outmaneuver"},{"not_picked":["Masterful Stab","PiercingWail"],"picked":"Venomology"}],"player_experience":3324,"potions_floor_usage":[18,21,21],"damage_taken":[{"damage":0.0,"enemies":"Cultist","floor":1.0,"turns":4.0},{"damage":7.0,"enemies":"Small Slimes","floor":4.0,"turns":3.0},{"damage":3.0,"enemies":"Jaw Worm","floor":7.0,"turns":2.0},{"damage":0.0,"enemies":"2 Fungi Beasts","floor":8.0,"turns":3.0},{"damage":0.0,"enemies":"Large Slime","floor":10.0,"turns":5.0},{"damage":14.0,"enemies":"Lots of Slimes","floor":11.0,"turns":5.0},{"damage":0.0,"enemies":"Gremlin Gang","floor":12.0,"turns":2.0},{"damage":26.0,"enemies":"Exordium Thugs","floor":14.0,"turns":5.0},{"damage":29.0,"enemies":"Hexaghost","floor":16.0,"turns":9.0},{"damage":10,"enemies":"3 Byrds","floor":18,"turns":6},{"damage":34,"enemies":"Chosen","floor":19,"turns":4},{"damage":42,"enemies":"3 Cultists","floor":21,"turns":5},{"damage":45,"enemies":"Snake Plant","floor":24,"turns":5}],"event_choices":[{"event_name":"Living Wall","player_choice":"Grow","floor":2.0,"damage_taken":0.0},{"event_name":"Golden Wing","player_choice":"Ignored","floor":3.0,"damage_taken":0.0},{"event_name":"The Library","player_choice":"Heal","floor":20,"damage_taken":0}],"boss_relics":[],"potions_floor_spawned":[7,8,10,14,16,18,21],"seed_played":"-5504801945193871513","killed_by":"Snake Plant","ascension_level":0,"is_trial":false}