{"path_per_floor":["M","M","M","?","$","R","M","T","T","M","M","$","?","M","R","B",null,"M","M","M","?","M","R","$","?","T"],"character_chosen":"THE_SILENT","items_purchased":["Die Die Die","Block Potion","Caltrops","Blade Dance"],"gold_per_floor":[114,129,143,143,2,2,20,20,20,32,52,0,0,20,20,116,116,129,145,160,160,180,180,71,71,141],"floor_reached":27,"campfire_rested":2,"playtime":1867,"current_hp_per_floor":[77,76,76,77,77,77,76,76,76,76,75,75,57,52,75,44,77,49,47,25,25,4,27,27,27,27],"items_purged":[],"gold":141,"play_id":"99a6fa01-4830-4940-861c-fe7ffb5da238","is_prod":false,"is_daily":false,"is_ascension_mode":false,"campfire_upgraded":1,"path_taken":["M","M","M","?","$","R","M","?","T","M","M","$","?","M","R","BOSS","M","?","M","?","M","R","$","?","T","M"],"build_version":"2018-01-25-PROD3","purchased_purges":1,"victory":false,"master_deck":["Defend_G","Defend_G","Defend_G","Defend_G","Defend_G","Strike_G","Strike_G","Strike_G","Strike_G","Strike_G","Survivor","Neutralize+1","Quick Slash","Flying Knee","Die Die Die","All Out Attack","Noxious Fumes","Deadly Poison","Well Laid Plans","Glass Knife","Bane+1","Poisoned Stab","Poisoned Stab","Bouncing Flask+1","Caltrops","Blade Dance","Decay"],"max_hp_per_floor":[77,77,77,77,77,77,77,77,77,77,77,77,77,77,77,77,77,77,77,77,77,77,77,77,77,77],"relics":["Ring of the Snake","Sundial","Peace Pipe","Bronze Scales","Black Star","Vajra","Ornamental Fan"],"card_choices":[{"not_picked":["Heel Hook","Acrobatics"],"picked":"Quick Slash"},{"not_picked":["Outmaneuver","Prepared"],"picked":"Deadly Poison"},{"not_picked":["Prepared","PiercingWail"],"picked":"Flying Knee"},{"not_picked":["Flying Knee","Dagger Spray"],"picked":"All Out Attack"},{"not_picked":["Slice","Die Die Die"],"picked":"Noxious Fumes"},{"not_picked":["Prepared","Quick Slash"],"picked":"Deadly Poison"},{"not_picked":["Outmaneuver","Deadly Poison"],"picked":"Well Laid Plans"},{"not_picked":["Die Die Die","Unload"],"picked":"Glass Knife"},{"not_picked":["Poisoned Stab","Blade Dance"],"picked":"Bane"},{"not_picked":["Slice","Malaise"],"picked":"Poisoned Stab"},{"not_picked":["Eviscerate","Outmaneuver"],"picked":"Poisoned Stab"},{"not_picked":["Infinite Blades","Quick Slash"],"picked":"Bouncing Flask"}],"player_experience":16634,"potions_floor_usage":[14,16,16,19,27],"damage_taken":[{"damage":0,"enemies":"Jaw Worm","floor":1,"turns":7},{"damage":1,"enemies":"Cultist","floor":2,"turns":3},{"damage":0,"enemies":"Small Slimes","floor":3,"turns":4},{"damage":1,"enemies":"Red Slaver","floor":7,"turns":5},{"damage":0,"enemies":"Gremlin Gang","floor":10,"turns":2},{"damage":1,"enemies":"2 Fungi Beasts","floor":11,"turns":3},{"damage":5,"enemies":"Large Slime","floor":14,"turns":6},{"damage":31,"enemies":"Hexaghost","floor":16,"turns":9},{"damage":28,"enemies":"Spheric Guardian","floor":18,"turns":5},{"damage":2,"enemies":"Chosen","floor":19,"turns":6},{"damage":22,"enemies":"3 Cultists","floor":20,"turns":5},{"damage":21,"enemies":"Centurion and Healer","floor":22,"turns":6},{"damage":32,"enemies":"Slaver and Parasite","floor":27,"turns":3}],"event_choices":[{"event_name":"Bonfire Elementals","player_choice":"COMMON","floor":4,"damage_taken":0},{"event_name":"Scrap Ooze","player_choice":"success","floor":13,"damage_taken":18},{"event_name":"The Mausoleum","player_choice":"Yes","floor":21,"damage_taken":0},{"event_name":"Forgotten Altar","player_choice":"Smashed Altar","floor":25,"damage_taken":0}],"boss_relics":[{"not_picked":["Runic Pyramid","Runic Dome"],"picked":"Black Star"}],"potions_floor_spawned":[3,11,16,22],"seed_played":"-7361528147634479328","killed_by":"Slaver and Parasite","ascension_level":0,"is_trial":false}