{"path_per_floor":["M","M","M","M","?","R","M","R","T","R","?","?","$","M","R","B",null,"M","M","$","?","M","R","M","R","T","M","M","M","M","E","R","B",null,"M","M","$","T","$","R","E","M","T","M","R","?","R","?","R","B"],"character_chosen":"THE_SILENT","items_purchased":["Noxious Fumes","Footwork","Apotheosis","Backflip","Acrobatics","Mummified Hand"],"gold_per_floor":[116,130,143,153,153,153,173,173,220,220,220,220,70,80,80,185,185,197,217,117,117,130,130,140,140,140,151,167,180,195,227,227,326,326,344,356,91,391,52,52,77,92,119,133,133,133,133,133,133,133],"floor_reached":51,"campfire_rested":3,"playtime":5487,"current_hp_per_floor":[70,70,69,68,54,54,51,51,51,51,26,49,49,48,48,22,67,66,65,65,65,49,49,49,49,49,49,49,48,48,48,48,9,67,55,28,28,28,28,63,35,13,20,4,41,41,74,74,74,68],"items_purged":["Parasite","Defend_G"],"gold":133,"play_id":"91ca6a7d-fcf9-4ced-87bd-accd64d7247e","is_prod":false,"is_daily":false,"is_ascension_mode":false,"campfire_upgraded":8,"path_taken":["M","M","M","M","?","R","M","R","T","R","?","?","$","M","R","BOSS","M","M","$","?","M","R","M","R","T","?","M","M","M","E","R","BOSS","M","M","$","?","$","R","E","M","T","M","R","?","R","?","R","BOSS"],"build_version":"2018-01-25-PROD2","purchased_purges":2,"victory":true,"master_deck":["Defend_G","Defend_G","Defend_G","Defend_G","Strike_G","Strike_G","Strike_G","Strike_G","Strike_G+1","Survivor","Neutralize+1","Escape Plan","Distraction+1","Dagger Spray+1","Backflip+1","Dash","Noxious Fumes+1","Prepared","Tools of the Trade+1","Backflip+1","Blur","Choke","Quick Slash","Escape Plan+1","Dagger Spray+1","Dagger Spray+1","Backflip","Flechettes","Envenom+1","Bullet Time","PiercingWail+1","Dagger Throw","Footwork+1","Apotheosis","Backflip","Acrobatics","Riddle With Holes+1","Finisher+1","Calculated Gamble+1","Acrobatics+1","Acrobatics"],"max_hp_per_floor":[70,70,70,70,70,70,70,70,70,70,70,70,67,67,67,67,67,67,67,67,67,67,67,67,67,67,67,67,67,67,67,67,67,67,67,67,67,67,67,67,67,67,74,74,74,74,74,74,74,74],"relics":["Ring of the Snake","Torii","Bronze Scales","Tough Bandages","Philosopher\u0027s Stone","Anchor","Snake Skull","Calling Bell","Dream Catcher","Paper Crane","Regal Pillow","Old Coin","Mummified Hand","Shuriken","Strawberry"],"card_choices":[{"not_picked":["Dodge and Roll","Prepared"],"picked":"Escape Plan"},{"not_picked":["Flechettes","Deadly Poison"],"picked":"Distraction"},{"not_picked":["Bane","Outmaneuver"],"picked":"Dagger Spray"},{"not_picked":["Dagger Throw","Malaise"],"picked":"Backflip"},{"not_picked":["Riddle With Holes","Prepared"],"picked":"Dash"},{"not_picked":["PiercingWail","Leg Sweep"],"picked":"Prepared"},{"not_picked":["Unload","Corpse Explosion"],"picked":"Tools of the Trade"},{"not_picked":["Outmaneuver","Distraction"],"picked":"Backflip"},{"not_picked":["Flechettes","Blade Dance"],"picked":"Blur"},{"not_picked":["Dagger Spray","Bane"],"picked":"Quick Slash"},{"not_picked":["Choke","Crippling Poison"],"picked":"Escape Plan"},{"not_picked":["All Out Attack","Dodge and Roll"],"picked":"Dagger Spray"},{"not_picked":["Flying Knee","Prepared"],"picked":"Dagger Spray"},{"not_picked":["Quick Slash","Finisher"],"picked":"Backflip"},{"not_picked":["Dagger Throw","Sucker Punch"],"picked":"Flechettes"},{"not_picked":["Venomology","Crippling Poison"],"picked":"Envenom"},{"not_picked":["A Thousand Cuts","Night Terror"],"picked":"Bullet Time"},{"not_picked":["Finisher","Bane"],"picked":"PiercingWail"},{"not_picked":["Deadly Poison","Crippling Poison"],"picked":"Dagger Throw"},{"not_picked":["Dodge and Roll","Deflect"],"picked":"Riddle With Holes"},{"not_picked":["Corpse Explosion","Bane"],"picked":"Finisher"},{"not_picked":["Dagger Throw","Sucker Punch"],"picked":"Calculated Gamble"},{"not_picked":["Poisoned Stab","Flechettes"],"picked":"Acrobatics"},{"not_picked":["Leg Sweep","Deadly Poison"],"picked":"Acrobatics"}],"player_experience":39875,"potions_floor_usage":[19,31,42,50,50],"damage_taken":[{"damage":0,"enemies":"2 Louse","floor":1,"turns":4},{"damage":0,"enemies":"Small Slimes","floor":2,"turns":4},{"damage":1,"enemies":"Jaw Worm","floor":3,"turns":5},{"damage":1,"enemies":"2 Fungi Beasts","floor":4,"turns":6},{"damage":3,"enemies":"Large Slime","floor":7,"turns":8},{"damage":1,"enemies":"3 Louse","floor":14,"turns":2},{"damage":26,"enemies":"The Guardian","floor":16,"turns":9},{"damage":1,"enemies":"Spheric Guardian","floor":18,"turns":5},{"damage":1,"enemies":"2 Thieves","floor":19,"turns":4},{"damage":16,"enemies":"Snake Plant","floor":22,"turns":4},{"damage":0,"enemies":"Centurion and Healer","floor":24,"turns":7},{"damage":0,"enemies":"3 Cultists","floor":27,"turns":4},{"damage":0,"enemies":"Snake Plant","floor":28,"turns":3},{"damage":1,"enemies":"Centurion and Healer","floor":29,"turns":5},{"damage":0,"enemies":"3 Cultists","floor":30,"turns":3},{"damage":0,"enemies":"Gremlin Leader","floor":31,"turns":5},{"damage":39,"enemies":"Champ","floor":33,"turns":11},{"damage":12,"enemies":"3 Shapes","floor":35,"turns":4},{"damage":27,"enemies":"3 Darklings","floor":36,"turns":5},{"damage":28,"enemies":"Nemesis","floor":41,"turns":7},{"damage":22,"enemies":"Sphere and 2 Shapes","floor":42,"turns":7},{"damage":16,"enemies":"4 Shapes","floor":44,"turns":5},{"damage":6,"enemies":"Time Eater","floor":50,"turns":11}],"event_choices":[{"event_name":"Shining Light","player_choice":"Entered Light","floor":5,"damage_taken":0},{"event_name":"Scrap Ooze","player_choice":"success","floor":11,"damage_taken":25},{"event_name":"Big Fish","player_choice":"Banana","floor":12,"damage_taken":0},{"event_name":"The Library","player_choice":"Read","floor":21,"damage_taken":0},{"event_name":"Fountain of Cleansing","player_choice":"Removed Curse","floor":46,"damage_taken":0},{"event_name":"Mysterious Sphere","player_choice":"Ignore","floor":48,"damage_taken":0}],"boss_relics":[{"not_picked":["Snecko Eye","Question Card"],"picked":"Philosopher\u0027s Stone"},{"not_picked":["Astrolabe","The Specimen"],"picked":"Calling Bell"}],"potions_floor_spawned":[2,14,19,28,29,31,33,36,44],"seed_played":"-1833280055032545719","ascension_level":0,"is_trial":false}