{"path_per_floor":["M","M","M","?","?","E","R","$","T","$","?","M","?","E","R","B",null,"M","$","M","?","T","R","M","M","T","M","R","M","E","M","R","B",null,"M","M","?","?","M","M"],"character_chosen":"THE_SILENT","items_purchased":["Infinite Blades"],"gold_per_floor":[115,131,150,150,150,175,175,100,150,50,50,63,83,110,110,212,212,226,148,165,165,165,165,180,192,192,208,208,223,251,262,262,363,363,382,396,396,396,413,426],"floor_reached":41,"campfire_rested":2,"playtime":4390,"current_hp_per_floor":[70,62,62,62,50,26,26,26,26,26,26,24,8,4,25,15,70,55,55,43,43,50,50,32,25,25,25,48,53,30,41,41,40,77,51,49,49,68,54,16],"items_purged":["Strike_G","Strike_G"],"gold":426,"play_id":"47c2e0e5-bde5-47fb-ac98-63e1ca193601","is_prod":false,"is_daily":false,"is_ascension_mode":false,"campfire_upgraded":3,"path_taken":["M","M","M","?","?","E","R","$","T","$","?","?","?","E","R","BOSS","M","$","M","?","?","R","M","M","T","M","R","?","E","M","R","BOSS","M","M","?","?","M","?","M"],"build_version":"2018-01-25-PROD3","purchased_purges":2,"victory":false,"master_deck":["Defend_G+1","Defend_G+1","Defend_G+1","Defend_G+1","Strike_G+1","Strike_G+1","Strike_G+1","Survivor","Neutralize","Underhanded Strike","Envenom+1","Predator","Riddle With Holes","Blade Dance","Backflip","Finisher","Dodge and Roll","Acrobatics","Venomology+1","Reflex","Infinite Blades","Escape Plan","Blade Dance+1","Prepared","Catalyst+1","Tools of the Trade+1","Dodge and Roll+1","Reflex+1","Writhe","Dagger Spray+1"],"max_hp_per_floor":[70,70,70,70,70,70,70,70,70,70,70,70,70,70,70,70,70,70,70,70,70,77,77,77,77,77,77,77,77,77,77,77,77,77,77,77,77,77,77,77],"relics":["Ring of the Snake","Shuriken","Bottled Tornado","Bag of Marbles","Odd Mushroom","Orichalcum","Philosopher\u0027s Stone","Strawberry","Girya","Sundial","Sozu"],"card_choices":[{"not_picked":["PiercingWail","All Out Attack"],"picked":"Underhanded Strike"},{"not_picked":["Bane","Infinite Blades"],"picked":"Envenom"},{"not_picked":["Bane","Well Laid Plans"],"picked":"Predator"},{"not_picked":["Deadly Poison","Crippling Poison"],"picked":"Riddle With Holes"},{"not_picked":["Bane","Envenom"],"picked":"Blade Dance"},{"not_picked":["Slice","Choke"],"picked":"Finisher"},{"not_picked":["Flying Knee","Backflip"],"picked":"Dodge and Roll"},{"not_picked":["Quick Slash","Poisoned Stab"],"picked":"Acrobatics"},{"not_picked":["Glass Knife","Phantasmal Killer"],"picked":"Venomology"},{"not_picked":["Caltrops","Well Laid Plans"],"picked":"Reflex"},{"not_picked":["Flying Knee","Dagger Throw"],"picked":"Escape Plan"},{"not_picked":["Underhanded Strike","Poisoned Stab"],"picked":"Blade Dance"},{"not_picked":["Poisoned Stab","Deflect"],"picked":"Prepared"},{"not_picked":["Slice","Dagger Throw"],"picked":"Catalyst"},{"not_picked":["Leg Sweep","Catalyst"],"picked":"Tools of the Trade"},{"not_picked":["Backflip","Poisoned Stab"],"picked":"Dodge and Roll"},{"not_picked":["Skewer","Backflip"],"picked":"Reflex"},{"not_picked":["Catalyst","Dodge and Roll"],"picked":"Dagger Spray"}],"player_experience":76268,"potions_floor_usage":[14,14,16,24,24,24,25,27,29,29,30,31,31],"damage_taken":[{"damage":0,"enemies":"2 Louse","floor":1,"turns":4},{"damage":8,"enemies":"Blue Slaver","floor":2,"turns":6},{"damage":0,"enemies":"Cultist","floor":3,"turns":4},{"damage":24,"enemies":"3 Sentries","floor":6,"turns":11},{"damage":2,"enemies":"Looter","floor":12,"turns":2},{"damage":16,"enemies":"The Mushroom Lair","floor":13,"turns":4},{"damage":4,"enemies":"Lagavulin","floor":14,"turns":5},{"damage":10,"enemies":"Hexaghost","floor":16,"turns":8},{"damage":15,"enemies":"2 Thieves","floor":18,"turns":4},{"damage":12,"enemies":"Chosen","floor":20,"turns":5},{"damage":18,"enemies":"Sentry and Sphere","floor":24,"turns":7},{"damage":22,"enemies":"3 Cultists","floor":25,"turns":6},{"damage":0,"enemies":"Chosen and Byrds","floor":27,"turns":5},{"damage":7,"enemies":"Snecko","floor":29,"turns":5},{"damage":23,"enemies":"Book of Stabbing","floor":30,"turns":6},{"damage":1,"enemies":"3 Cultists","floor":31,"turns":5},{"damage":1,"enemies":"Champ","floor":33,"turns":6},{"damage":26,"enemies":"3 Shapes","floor":35,"turns":7},{"damage":2,"enemies":"Orb Walker","floor":36,"turns":3},{"damage":14,"enemies":"3 Darklings","floor":39,"turns":5},{"damage":38,"enemies":"Sphere and 2 Shapes","floor":40,"turns":11},{"damage":16,"enemies":"4 Shapes","floor":41,"turns":5}],"event_choices":[{"event_name":"The Woman in Blue","player_choice":"Bought 0 Potions","floor":4,"damage_taken":0},{"event_name":"Scrap Ooze","player_choice":"success","floor":5,"damage_taken":12},{"event_name":"Transmorgrifier","player_choice":"Transform","floor":11,"damage_taken":0},{"event_name":"Mushrooms","player_choice":"Fought Mushrooms","floor":13,"damage_taken":0},{"event_name":"Back to Basics","player_choice":"Simplicity","floor":21,"damage_taken":0},{"event_name":"Upgrade Shrine","player_choice":"Upgraded","floor":37,"damage_taken":0},{"event_name":"Winding Halls","player_choice":"Writhe","floor":38,"damage_taken":0}],"boss_relics":[{"not_picked":["Calling Bell","Runic Dome"],"picked":"Philosopher\u0027s Stone"},{"not_picked":["Orrery","White Beast Statue"],"picked":"Sozu"}],"potions_floor_spawned":[2,6,12,14,24,25,30,33,35],"seed_played":"5849556440544521063","killed_by":"4 Shapes","ascension_level":0,"is_trial":false}