{"path_per_floor":["M","M","?","M","M","R","E","M","T","M","M","R","M","M","R","B",null,"M","?","M","M"],"character_chosen":"THE_SILENT","items_purchased":[],"gold_per_floor":[13,23,23,35,51,51,85,55,80,98,112,112,129,142,142,241,241,258,258,268,278],"floor_reached":22,"campfire_rested":3,"playtime":1778,"current_hp_per_floor":[69,68,70,65,56,70,40,40,40,38,38,59,48,46,67,39,70,45,36,31,2],"items_purged":[],"gold":278,"play_id":"3874f1e1-3756-44bb-9193-13b51b5f47f5","is_prod":false,"is_daily":false,"is_ascension_mode":false,"campfire_upgraded":0,"path_taken":["M","M","?","M","M","R","E","?","T","M","M","R","M","M","R","BOSS","M","?","M","M","M"],"build_version":"2018-01-25-PROD3","purchased_purges":0,"victory":false,"master_deck":["Defend_G","Defend_G","Defend_G","Defend_G","Defend_G","Strike_G","Strike_G","Strike_G","Strike_G","Strike_G","Survivor","Neutralize","Wraith Form","Backflip","Outmaneuver","Burst","Noxious Fumes","Leg Sweep","Poisoned Stab","Caltrops","Blur","Skewer","Bullet Time","Choke+1","Choke","Dodge and Roll+1"],"max_hp_per_floor":[70,70,70,70,70,70,70,70,70,70,70,70,70,70,70,70,70,70,75,75,75],"relics":["Ring of the Snake","Ginger","Dodecahedron","Bag of Preparation","Question Card"],"card_choices":[{"not_picked":["Footwork","Flying Knee"],"picked":"Wraith Form"},{"not_picked":["Deflect","Heel Hook"],"picked":"Backflip"},{"not_picked":["Prepared","Dodge and Roll"],"picked":"Outmaneuver"},{"not_picked":["Deflect","Outmaneuver"],"picked":"Burst"},{"not_picked":["PiercingWail","Well Laid Plans"],"picked":"Noxious Fumes"},{"not_picked":["Cloak And Dagger","Footwork"],"picked":"Leg Sweep"},{"not_picked":["Backstab","PiercingWail"],"picked":"Poisoned Stab"},{"not_picked":["Dagger Throw","Choke"],"picked":"Caltrops"},{"not_picked":["Dagger Throw","Cloak And Dagger"],"picked":"Blur"},{"not_picked":["Malaise","Outmaneuver"],"picked":"Skewer"},{"not_picked":["Storm of Steel","Night Terror"],"picked":"Bullet Time"},{"not_picked":["Backflip","Slice","Quick Slash"],"picked":"Choke"},{"not_picked":["Slice","Prepared","Blur"],"picked":"Choke"},{"not_picked":["Acrobatics","Reflex","Prepared"],"picked":"Dodge and Roll"}],"player_experience":83506,"potions_floor_usage":[7,14,16,16,22,22],"damage_taken":[{"damage":1,"enemies":"Small Slimes","floor":1,"turns":4},{"damage":1,"enemies":"Cultist","floor":2,"turns":4},{"damage":5,"enemies":"2 Louse","floor":4,"turns":3},{"damage":9,"enemies":"Lots of Slimes","floor":5,"turns":5},{"damage":45,"enemies":"3 Sentries","floor":7,"turns":11},{"damage":0,"enemies":"Looter","floor":8,"turns":4},{"damage":2,"enemies":"Exordium Thugs","floor":10,"turns":6},{"damage":0,"enemies":"2 Fungi Beasts","floor":11,"turns":4},{"damage":11,"enemies":"Lots of Slimes","floor":13,"turns":4},{"damage":2,"enemies":"Looter","floor":14,"turns":4},{"damage":40,"enemies":"The Guardian","floor":16,"turns":11},{"damage":25,"enemies":"Spheric Guardian","floor":18,"turns":7},{"damage":5,"enemies":"Shell Parasite","floor":20,"turns":8},{"damage":29,"enemies":"Sentry and Sphere","floor":21,"turns":7},{"damage":6,"enemies":"Slaver and Parasite","floor":22,"turns":3}],"event_choices":[{"event_name":"Wheel of Change","player_choice":"Full Heal","floor":3,"damage_taken":0},{"event_name":"Forgotten Altar","player_choice":"Shed Blood","floor":19,"damage_taken":0}],"boss_relics":[{"not_picked":["Snecko Eye","Black Star"],"picked":"Question Card"}],"potions_floor_spawned":[1,2,13,14,16,18],"seed_played":"-1312906899966406903","killed_by":"Slaver and Parasite","ascension_level":0,"is_trial":false}