{"path_per_floor":["M","M","?","M","?","R","M","R","T","M","M","M","M","M","R","B",null,"M","?","M","?","M","R","M","R","T","R","M","M","?","M","R"],"character_chosen":"THE_SILENT","items_purchased":[],"gold_per_floor":[109,120,70,84,84,84,94,94,121,137,147,119,129,142,142,237,237,162,162,162,162,162,162,162,162,162,162,162,162,162,162,162],"floor_reached":33,"campfire_rested":1,"playtime":4414,"current_hp_per_floor":[77,77,77,77,77,77,77,77,77,73,69,68,64,64,64,16,77,74,74,65,65,61,61,51,51,51,51,54,51,42,36,60],"items_purged":[],"gold":162,"play_id":"909ef2b9-348c-4be1-8642-9634c9cefe03","is_prod":false,"is_daily":false,"is_ascension_mode":false,"campfire_upgraded":6,"path_taken":["M","M","?","M","?","R","M","R","T","M","?","M","M","M","R","BOSS","M","?","M","?","M","R","M","R","T","R","?","M","?","M","R","BOSS"],"build_version":"2018-02-01-PROD3","purchased_purges":0,"victory":false,"master_deck":["Defend_G","Defend_G","Defend_G","Defend_G","Defend_G","Strike_G","Strike_G","Strike_G","Strike_G","Survivor","Neutralize","Backflip+1","Backflip+1","Escape Plan","Well Laid Plans","Footwork+1","Blade Dance","Flying Knee+1","Unload+1","Skewer+1","Heel Hook","Endless Agony+1","Prepared+1"],"max_hp_per_floor":[77,77,77,77,77,77,77,77,77,77,77,77,77,77,77,77,77,77,77,77,77,77,77,77,77,77,77,77,77,82,82,82],"relics":["Ring of the Snake","Bronze Scales","Ectoplasm","Gambling Chip"],"card_choices":[{"not_picked":["Deflect","Masterful Stab"],"picked":"Backflip"},{"not_picked":["Slice","Acrobatics"],"picked":"Backflip"},{"not_picked":["Flechettes","Noxious Fumes"],"picked":"Escape Plan"},{"not_picked":["Backflip","Prepared"],"picked":"Well Laid Plans"},{"not_picked":["Masterful Stab","Acrobatics"],"picked":"Footwork"},{"not_picked":["Outmaneuver","Deadly Poison"],"picked":"Blade Dance"},{"not_picked":["Unload","Outmaneuver"],"picked":"Flying Knee"},{"not_picked":["Adrenaline","Tools of the Trade"],"picked":"Unload"},{"not_picked":["Deflect","Bane"],"picked":"Skewer"},{"not_picked":["Riddle With Holes","Finisher"],"picked":"Heel Hook"},{"not_picked":["Riddle With Holes","Dodge and Roll"],"picked":"Prepared"}],"player_experience":65011,"potions_floor_usage":[10,16,28,29,33,33],"damage_taken":[{"damage":0,"enemies":"Jaw Worm","floor":1,"turns":6},{"damage":0,"enemies":"Small Slimes","floor":2,"turns":3},{"damage":0,"enemies":"2 Louse","floor":4,"turns":3},{"damage":0,"enemies":"2 Fungi Beasts","floor":7,"turns":6},{"damage":4,"enemies":"Gremlin Gang","floor":10,"turns":7},{"damage":4,"enemies":"Looter","floor":11,"turns":4},{"damage":1,"enemies":"Exordium Thugs","floor":12,"turns":5},{"damage":4,"enemies":"Gremlin Gang","floor":13,"turns":8},{"damage":0,"enemies":"Large Slime","floor":14,"turns":9},{"damage":48,"enemies":"Slime Boss","floor":16,"turns":18},{"damage":3,"enemies":"2 Thieves","floor":18,"turns":4},{"damage":9,"enemies":"3 Byrds","floor":20,"turns":4},{"damage":4,"enemies":"3 Cultists","floor":22,"turns":5},{"damage":10,"enemies":"Slaver and Parasite","floor":24,"turns":7},{"damage":6,"enemies":"Centurion and Healer","floor":28,"turns":5},{"damage":3,"enemies":"Snecko","floor":29,"turns":4},{"damage":6,"enemies":"Snake Plant","floor":31,"turns":5},{"damage":69,"enemies":"Champ","floor":33,"turns":14}],"event_choices":[{"event_name":"The Cleric","player_choice":"Card Removal","floor":3,"damage_taken":0},{"event_name":"The Lab","player_choice":"Got Potions","floor":5,"damage_taken":0},{"event_name":"Accursed Blacksmith","player_choice":"Ignore","floor":19,"damage_taken":0},{"event_name":"The Library","player_choice":"Read","floor":21,"damage_taken":0},{"event_name":"Forgotten Altar","player_choice":"Shed Blood","floor":30,"damage_taken":0}],"boss_relics":[{"not_picked":["White Beast Statue","The Specimen"],"picked":"Ectoplasm"}],"potions_floor_spawned":[2,10,12,13,20,24,29],"seed_played":"-7092261097778511883","killed_by":"Champ","ascension_level":0,"is_trial":false}