{"path_per_floor":["M","?","?","?","M","E","R","E","T","R","M","R","M","M","R","B",null,"M","$","?","?","?","E","R","$","T","E","R","M","M","M","R"],"character_chosen":"THE_SILENT","items_purchased":["Tough Bandages","Catalyst"],"gold_per_floor":[118,68,68,68,84,113,113,138,138,138,153,153,169,188,188,292,292,309,58,58,58,58,84,84,16,16,42,42,56,73,89,89],"floor_reached":33,"campfire_rested":0,"playtime":2411,"current_hp_per_floor":[70,70,70,75,75,75,75,46,46,46,48,48,50,39,39,7,75,52,52,38,75,52,40,40,40,40,24,24,43,52,52,52],"items_purged":[],"gold":89,"play_id":"7a791f95-608f-4539-beea-9bbbf9e2bc41","is_prod":false,"is_daily":false,"is_ascension_mode":true,"campfire_upgraded":7,"path_taken":["M","?","?","?","?","E","R","E","T","R","M","R","M","M","R","BOSS","M","$","?","?","?","E","R","?","T","E","R","?","?","M","R","BOSS"],"build_version":"2018-02-01-PROD3","purchased_purges":0,"victory":false,"master_deck":["Defend_G","Defend_G","Defend_G","Defend_G","Survivor","Neutralize+1","Escape Plan","After Image+1","Dash+1","Backflip+1","Glass Knife+1","Noxious Fumes+1","Bite","Bite","Bite","Bite","Bite","Backflip+1","Catalyst+1","Dagger Throw+1","Escape Plan","Escape Plan"],"max_hp_per_floor":[70,70,70,75,75,75,75,75,75,75,75,75,75,75,75,75,75,75,75,75,75,52,52,52,52,52,52,52,52,52,52,52],"relics":["Ring of the Snake","NeowsBlessing","Orichalcum","Ginger","Bird Faced Urn","Philosopher\u0027s Stone","Tough Bandages","Frozen Egg 2","Blue Candle","Paper Crane"],"card_choices":[{"not_picked":["Quick Slash","PiercingWail"],"picked":"Escape Plan"},{"not_picked":["Acrobatics","Masterful Stab"],"picked":"After Image"},{"not_picked":["Deflect","Escape Plan"],"picked":"Dash"},{"not_picked":["Slice","Setup"],"picked":"Backflip"},{"not_picked":["Adrenaline","Grand Finale"],"picked":"Glass Knife"},{"not_picked":["Predator","Backflip"],"picked":"Noxious Fumes"},{"not_picked":["Tactician","Terror"],"picked":"Backflip"},{"not_picked":["Bane","Underhanded Strike"],"picked":"Dagger Throw"},{"not_picked":["Accuracy","Backstab"],"picked":"Escape Plan"},{"not_picked":["Dodge and Roll","Slice"],"picked":"Escape Plan"}],"player_experience":267522,"potions_floor_usage":[14],"damage_taken":[{"damage":0,"enemies":"2 Louse","floor":1,"turns":1},{"damage":0,"enemies":"Cultist","floor":5,"turns":1},{"damage":0,"enemies":"Lagavulin","floor":6,"turns":1},{"damage":29,"enemies":"Gremlin Nob","floor":8,"turns":6},{"damage":0,"enemies":"Blue Slaver","floor":11,"turns":5},{"damage":0,"enemies":"2 Fungi Beasts","floor":13,"turns":5},{"damage":13,"enemies":"Gremlin Gang","floor":14,"turns":6},{"damage":34,"enemies":"Slime Boss","floor":16,"turns":19},{"damage":23,"enemies":"Spheric Guardian","floor":18,"turns":7},{"damage":24,"enemies":"Book of Stabbing","floor":23,"turns":8},{"damage":46,"enemies":"Gremlin Leader","floor":27,"turns":8},{"damage":5,"enemies":"Chosen","floor":29,"turns":6},{"damage":4,"enemies":"Snecko","floor":30,"turns":5},{"damage":7,"enemies":"Centurion and Healer","floor":31,"turns":5},{"damage":70,"enemies":"Champ","floor":33,"turns":10}],"event_choices":[{"event_name":"The Cleric","player_choice":"Card Removal","floor":2,"damage_taken":0},{"event_name":"The Woman in Blue","player_choice":"Bought 0 Potions","floor":3,"damage_taken":0},{"event_name":"Big Fish","player_choice":"Donut","floor":4,"damage_taken":0},{"event_name":"Knowing Skull","player_choice":"CARD ","floor":20,"damage_taken":0},{"event_name":"Bonfire Elementals","player_choice":"UNCOMMON","floor":21,"damage_taken":0},{"event_name":"Vampires","player_choice":"Became a vampire","floor":22,"damage_taken":0}],"boss_relics":[{"not_picked":["Calling Bell","The Specimen"],"picked":"Philosopher\u0027s Stone"}],"potions_floor_spawned":[8,11,16,29,30],"seed_played":"1260752972373765308","killed_by":"Champ","ascension_level":4,"is_trial":false}