{"path_per_floor":["M","M","$","?","M","R","?","R","T","M","M","M","M","?","R","B",null,"M","?","$","M","M","R","M","R","T","M","M","?"],"character_chosen":"THE_SILENT","items_purchased":[],"gold_per_floor":[111,121,46,46,66,66,121,121,146,166,186,200,211,286,286,383,383,348,348,248,265,284,284,298,298,324,335,348,263],"floor_reached":30,"campfire_rested":2,"playtime":2432,"current_hp_per_floor":[70,70,70,70,70,70,43,43,43,49,54,53,47,36,57,42,70,45,45,45,49,47,47,43,64,64,52,17,17],"items_purged":["Strike_G","Strike_G"],"gold":263,"play_id":"62266e89-27dc-45b6-ab33-c6b4c13ca870","is_prod":false,"is_daily":false,"is_ascension_mode":false,"campfire_upgraded":3,"path_taken":["M","?","$","?","M","R","?","R","T","M","M","M","M","?","R","BOSS","M","?","$","M","M","R","?","R","T","M","M","?","E"],"build_version":"2018-02-01-PROD3","purchased_purges":2,"victory":false,"master_deck":["Defend_G","Defend_G","Defend_G","Defend_G","Defend_G","Strike_G","Survivor","Neutralize","Terror+1","Choke","A Thousand Cuts+1","Masterful Stab","Bandage Up","After Image","Glass Knife+1","Endless Agony+1"],"max_hp_per_floor":[70,70,70,70,70,70,70,70,70,70,70,70,70,70,70,70,70,70,70,70,70,70,70,70,70,70,70,70,70],"relics":["Ring of the Snake","Prayer Wheel","Blood Vial","Question Card","Omamori","Pantograph"],"card_choices":[{"not_picked":["Calculated Gamble","Crippling Poison"],"picked":"Choke"},{"not_picked":["Deadly Poison","Dodge and Roll"],"picked":"A Thousand Cuts"},{"not_picked":["Deadly Poison","Terror"],"picked":"After Image"},{"not_picked":["Unload","Wraith Form"],"picked":"Glass Knife"},{"not_picked":["Dagger Spray","PiercingWail","Outmaneuver"],"picked":"Endless Agony"}],"player_experience":62579,"potions_floor_usage":[13,16,22],"damage_taken":[{"damage":0,"enemies":"Blue Slaver","floor":1,"turns":6},{"damage":0,"enemies":"Small Slimes","floor":2,"turns":4},{"damage":1,"enemies":"2 Louse","floor":5,"turns":3},{"damage":31,"enemies":"3 Sentries","floor":7,"turns":9},{"damage":0,"enemies":"Looter","floor":10,"turns":3},{"damage":1,"enemies":"Large Slime","floor":11,"turns":5},{"damage":7,"enemies":"2 Fungi Beasts","floor":12,"turns":5},{"damage":12,"enemies":"Exordium Thugs","floor":13,"turns":6},{"damage":21,"enemies":"The Guardian","floor":16,"turns":10},{"damage":29,"enemies":"2 Thieves","floor":18,"turns":5},{"damage":2,"enemies":"Shell Parasite","floor":21,"turns":4},{"damage":8,"enemies":"3 Cultists","floor":22,"turns":4},{"damage":10,"enemies":"Snecko","floor":24,"turns":5},{"damage":18,"enemies":"Centurion and Healer","floor":27,"turns":6},{"damage":41,"enemies":"Cultist and Chosen","floor":28,"turns":8},{"damage":24,"enemies":"Gremlin Leader","floor":30,"turns":3}],"event_choices":[{"event_name":"Match and Keep!","player_choice":"2 cards matched","floor":4,"damage_taken":0},{"event_name":"Dead Adventurer","player_choice":"Searched \u00272\u0027 times","floor":7,"damage_taken":0},{"event_name":"World of Goop","player_choice":"Gather Gold","floor":14,"damage_taken":0},{"event_name":"Purifier","player_choice":"One Purge","floor":19,"damage_taken":0},{"event_name":"Addict","player_choice":"Obtained Relic","floor":29,"damage_taken":0}],"boss_relics":[{"not_picked":["Black Star","Runic Pyramid"],"picked":"Question Card"}],"potions_floor_spawned":[1,7,7,11,21,22],"seed_played":"-2590254247214402836","killed_by":"Gremlin Leader","ascension_level":0,"is_trial":false}