{"path_per_floor":["M","?","M","M","M","E","M","$","T","M","R","M","R","M","R","B",null,"M","M","$","$","T","R","T","?","T","R","E","M","R","E","R"],"character_chosen":"THE_SILENT","items_purchased":["Pen Nib","Lantern","Noxious Fumes","Distraction"],"gold_per_floor":[113,178,189,209,228,291,302,3,3,22,22,32,32,46,46,147,147,163,177,62,62,87,87,160,160,160,160,191,210,210,237,237],"floor_reached":33,"campfire_rested":6,"playtime":2392,"current_hp_per_floor":[66,66,66,64,58,50,46,46,46,46,67,60,60,60,70,7,70,67,56,56,56,56,70,70,54,54,70,62,58,70,44,65],"items_purged":[],"gold":237,"play_id":"c6772e3d-7ca4-4beb-a17d-28a8f02073bd","is_prod":false,"is_daily":false,"is_ascension_mode":false,"campfire_upgraded":1,"path_taken":["M","?","?","M","M","E","M","$","T","M","R","M","R","?","R","BOSS","M","M","?","$","?","R","?","?","T","R","E","M","R","E","R","BOSS"],"build_version":"2018-01-25-PROD3","purchased_purges":0,"victory":false,"master_deck":["Defend_G","Defend_G","Defend_G","Defend_G","Defend_G","Strike_G","Strike_G","Strike_G","Strike_G","Strike_G","Survivor","Neutralize","Doppelganger","Backstab","Flechettes","Flying Knee","Phantasmal Killer","Finisher","Choke","Dash+1","Well Laid Plans","Backflip","Adrenaline","Blade Dance","Dash","Noxious Fumes","Distraction","Prepared+1","Slice+1","Deflect+1"],"max_hp_per_floor":[70,70,70,70,70,70,70,70,70,70,70,70,70,70,70,70,70,70,70,70,70,70,70,70,70,70,70,70,70,70,70,70],"relics":["Ring of the Snake","Tiny Chest","Pen Nib","Lantern","Blue Candle","Sozu","Bag of Preparation","Toolbox","Nilry\u0027s Codex","Smiling Mask","Calipers","Bottled Flame"],"card_choices":[{"not_picked":["Acrobatics","Sucker Punch"],"picked":"Backstab"},{"not_picked":["Dagger Throw","Underhanded Strike"],"picked":"Flechettes"},{"not_picked":["Calculated Gamble","Outmaneuver"],"picked":"Flying Knee"},{"not_picked":["Malaise","Skewer"],"picked":"Phantasmal Killer"},{"not_picked":["Acrobatics","Calculated Gamble"],"picked":"Finisher"},{"not_picked":["Deadly Poison","Dagger Spray"],"picked":"Choke"},{"not_picked":["Dagger Throw","Flying Knee"],"picked":"Dash"},{"not_picked":["Noxious Fumes","Predator"],"picked":"Well Laid Plans"},{"not_picked":["Slice","Dodge and Roll"],"picked":"Backflip"},{"not_picked":["Wraith Form","Tactician"],"picked":"Adrenaline"},{"not_picked":["Heel Hook","Backflip"],"picked":"Blade Dance"},{"not_picked":["Deflect","Slice"],"picked":"Dash"},{"not_picked":["Underhanded Strike","Deadly Poison"],"picked":"Prepared"},{"not_picked":["Acrobatics","Choke"],"picked":"Slice"},{"not_picked":["Predator","Slice"],"picked":"Deflect"}],"player_experience":87158,"potions_floor_usage":[6,7],"damage_taken":[{"damage":4,"enemies":"Blue Slaver","floor":1,"turns":6},{"damage":0,"enemies":"2 Louse","floor":3,"turns":3},{"damage":2,"enemies":"Jaw Worm","floor":4,"turns":4},{"damage":6,"enemies":"Red Slaver","floor":5,"turns":6},{"damage":8,"enemies":"Gremlin Nob","floor":6,"turns":4},{"damage":4,"enemies":"Gremlin Gang","floor":7,"turns":2},{"damage":0,"enemies":"Lots of Slimes","floor":10,"turns":3},{"damage":7,"enemies":"Exordium Wildlife","floor":12,"turns":5},{"damage":0,"enemies":"2 Fungi Beasts","floor":14,"turns":2},{"damage":63,"enemies":"Hexaghost","floor":16,"turns":13},{"damage":3,"enemies":"3 Byrds","floor":18,"turns":4},{"damage":11,"enemies":"Spheric Guardian","floor":19,"turns":4},{"damage":8,"enemies":"Book of Stabbing","floor":28,"turns":3},{"damage":4,"enemies":"Centurion and Healer","floor":29,"turns":5},{"damage":26,"enemies":"Gremlin Leader","floor":31,"turns":6},{"damage":69,"enemies":"Champ","floor":33,"turns":10}],"event_choices":[{"event_name":"Golden Wing","player_choice":"Gained Gold","floor":2,"damage_taken":0},{"event_name":"Cursed Tome","player_choice":"Obtained Book","floor":25,"damage_taken":0}],"boss_relics":[{"not_picked":["Tiny House","Question Card"],"picked":"Sozu"}],"potions_floor_spawned":[3,4,12,14,28,29,31],"seed_played":"7855367509516950298","killed_by":"Champ","ascension_level":0,"is_trial":false}