{"path_per_floor":["M","?","$","T","$","R","E","$","T","R","E","R","?","M","R","B",null,"M","M","$","M","M","E","R","E","T","$","?","T","M","M","R","B",null,"M","M","M","M","$","E","M"],"character_chosen":"THE_SILENT","items_purchased":["Underhanded Strike"],"gold_per_floor":[116,116,41,41,14,14,46,46,70,70,131,131,131,141,141,239,239,253,267,167,184,195,222,222,256,256,131,46,46,58,77,77,182,182,200,213,223,240,90,121,139],"floor_reached":42,"campfire_rested":2,"playtime":4926,"current_hp_per_floor":[70,56,56,56,56,56,31,31,31,52,39,39,32,32,32,26,70,70,59,59,59,59,49,49,17,31,31,31,31,24,24,64,18,84,84,75,75,57,57,5,5],"items_purged":["Strike_G","Choke","Strike_G","Burst"],"gold":139,"play_id":"c32e301b-2c9d-4c8b-8b1b-49b2836693ab","is_prod":false,"is_daily":false,"is_ascension_mode":true,"campfire_upgraded":3,"path_taken":["M","?","$","?","$","R","E","$","T","R","E","R","?","M","R","BOSS","M","M","$","M","M","E","R","E","T","$","?","?","M","M","R","BOSS","M","M","M","M","$","E","M","E"],"build_version":"2018-01-25-PROD3","purchased_purges":4,"victory":false,"master_deck":["Defend_G+1","Defend_G","Strike_G","Survivor","Neutralize+1","Prepared+1","Underhanded Strike","Adrenaline","Poisoned Stab+1","After Image","Footwork+1","Phantasmal Killer+1","Bane+1","Calculated Gamble+1","Reflex","Heel Hook+1","Backflip+1","Prepared","Predator"],"max_hp_per_floor":[70,70,70,70,70,70,70,70,70,70,70,70,70,70,70,70,70,70,70,70,70,70,70,70,70,84,84,84,84,84,84,84,84,84,84,84,84,84,84,84,84],"relics":["Ring of the Snake","Gambling Chip","Girya","Orichalcum","Tiny Chest","Astrolabe","Gremlin Horn","Sundial","Mango","Regal Pillow","Calipers","Question Card","Bag of Marbles"],"card_choices":[{"not_picked":["Malaise","Masterful Stab"],"picked":"Prepared"},{"not_picked":["Quick Slash","Riddle With Holes"],"picked":"Adrenaline"},{"not_picked":["Dagger Spray","Cloak And Dagger"],"picked":"Poisoned Stab"},{"not_picked":["Glass Knife","Storm of Steel"],"picked":"After Image"},{"not_picked":["Deadly Poison","Terror"],"picked":"Bane"},{"not_picked":["All Out Attack","Bouncing Flask"],"picked":"Calculated Gamble"},{"not_picked":["Backflip","Dagger Throw"],"picked":"Reflex"},{"not_picked":["Bullet Time","Storm of Steel"],"picked":"Burst"},{"not_picked":["Accuracy","Blur","Quick Slash"],"picked":"Heel Hook"},{"not_picked":["Sucker Punch","Flying Knee","Riddle With Holes"],"picked":"Backflip"},{"not_picked":["Dagger Spray","Terror","Flechettes"],"picked":"Prepared"},{"not_picked":["PiercingWail","Poisoned Stab","Leg Sweep"],"picked":"Predator"}],"player_experience":65575,"potions_floor_usage":[23,25,36,36,40,42,42],"damage_taken":[{"damage":0,"enemies":"2 Louse","floor":1,"turns":3},{"damage":25,"enemies":"Gremlin Nob","floor":7,"turns":5},{"damage":13,"enemies":"Lagavulin","floor":11,"turns":9},{"damage":0,"enemies":"Small Slimes","floor":14,"turns":2},{"damage":6,"enemies":"The Guardian","floor":16,"turns":9},{"damage":0,"enemies":"Chosen","floor":18,"turns":5},{"damage":11,"enemies":"2 Thieves","floor":19,"turns":4},{"damage":0,"enemies":"Snecko","floor":21,"turns":3},{"damage":0,"enemies":"Snake Plant","floor":22,"turns":4},{"damage":10,"enemies":"Gremlin Leader","floor":23,"turns":7},{"damage":32,"enemies":"Slavers","floor":25,"turns":6},{"damage":7,"enemies":"Sentry and Sphere","floor":30,"turns":5},{"damage":0,"enemies":"Snecko","floor":31,"turns":3},{"damage":46,"enemies":"Champ","floor":33,"turns":12},{"damage":0,"enemies":"Orb Walker","floor":35,"turns":3},{"damage":9,"enemies":"3 Darklings","floor":36,"turns":6},{"damage":0,"enemies":"Maw","floor":37,"turns":7},{"damage":18,"enemies":"4 Shapes","floor":38,"turns":7},{"damage":52,"enemies":"Nemesis","floor":40,"turns":13},{"damage":0,"enemies":"Sphere and 2 Shapes","floor":41,"turns":6},{"damage":16,"enemies":"2 Orb Walkers","floor":42,"turns":2}],"event_choices":[{"event_name":"Shining Light","player_choice":"Entered Light","floor":2,"damage_taken":0},{"event_name":"Golden Wing","player_choice":"Card Removal","floor":13,"damage_taken":0},{"event_name":"Addict","player_choice":"Obtained Relic","floor":28,"damage_taken":0}],"boss_relics":[{"not_picked":["Black Star","Lizard Tail"],"picked":"Astrolabe"},{"not_picked":["Tiny House","Velvet Choker"],"picked":"Question Card"}],"potions_floor_spawned":[14,19,23,30,35,38,40],"seed_played":"-6622462414391127273","killed_by":"2 Orb Walkers","ascension_level":1,"is_trial":false}