{"path_per_floor":["M","M","?","$","?","E","$","E","T","E","M","M","T","$","R","B",null,"M","?","?","M","?","E","R","E","T","E","?","R","M","M","R","B",null,"M","M","M","M","?","R","E","?","T","M","M","M","R","$","R","B"],"character_chosen":"THE_SILENT","items_purchased":["Infinite Blades","Infinite Blades"],"gold_per_floor":[110,130,130,49,49,78,0,27,27,52,70,87,111,36,36,136,136,136,61,61,16,16,16,16,16,16,16,16,16,16,16,16,16,16,16,16,16,16,16,16,16,16,16,16,16,16,16,16,16,16],"floor_reached":51,"campfire_rested":1,"playtime":3879,"current_hp_per_floor":[69,64,64,64,64,49,49,25,25,13,15,25,25,25,48,37,77,68,68,53,53,53,46,46,49,49,53,53,53,43,53,53,39,53,43,53,45,40,45,53,21,21,21,46,19,37,49,49,53,25],"items_purged":["Defend_G"],"gold":16,"play_id":"521294ea-c2fd-4900-b819-da9f64ad9ab1","is_prod":false,"is_daily":false,"is_ascension_mode":true,"campfire_upgraded":6,"path_taken":["M","M","?","?","?","E","?","E","T","E","?","M","?","$","R","BOSS","M","?","?","M","?","E","R","E","T","E","?","R","M","M","R","BOSS","M","M","M","M","?","R","E","?","T","M","M","M","R","$","R","BOSS"],"build_version":"2018-01-25-PROD3","purchased_purges":1,"victory":true,"master_deck":["Defend_G","Defend_G","Survivor","Neutralize+1","Outmaneuver","Quick Slash","Infinite Blades","Footwork+1","Infinite Blades+1","Venomology","Infinite Blades","Infinite Blades","Backflip","A Thousand Cuts+1","Dash","Bite_G","Bite_G","Bite_G","Bite_G","Bite_G","Finisher+1","Blur+1","Predator+1","Caltrops+1","Tools of the Trade","Caltrops","Cloak And Dagger+1","Prepared+1","Noxious Fumes+1","Leg Sweep+1","Malaise"],"max_hp_per_floor":[70,70,70,70,70,70,70,70,70,77,77,77,77,77,77,77,77,77,77,53,53,53,53,53,53,53,53,53,53,53,53,53,53,53,53,53,53,53,53,53,53,53,53,53,53,53,53,53,53,53],"relics":["White Beast Statue","Bronze Scales","Mummified Hand","Bird Faced Urn","Strawberry","Juzu Bracelet","Ectoplasm","Frozen Egg","Smiling Mask","Ice Cream","Nloth\u0027s Gift","Eternal Feather","Snake Skull","Orichalcum"],"card_choices":[{"not_picked":["Deflect","Bullet Time"],"picked":"Outmaneuver"},{"not_picked":["Flying Knee","Deflect"],"picked":"Quick Slash"},{"not_picked":["Bane","Flechettes"],"picked":"Footwork"},{"not_picked":["All Out Attack","Burst"],"picked":"Venomology"},{"not_picked":["Prepared","Bane"],"picked":"Infinite Blades"},{"not_picked":["Dagger Throw","Crippling Poison"],"picked":"Infinite Blades"},{"not_picked":["Poisoned Stab","Underhanded Strike"],"picked":"Backflip"},{"not_picked":["Adrenaline","Wraith Form"],"picked":"A Thousand Cuts"},{"not_picked":["PiercingWail","Flechettes"],"picked":"Dash"},{"not_picked":["Underhanded Strike","Setup"],"picked":"Prepared"},{"not_picked":["Underhanded Strike","Deflect"],"picked":"Finisher"},{"not_picked":["Bane","Sucker Punch"],"picked":"Blur"},{"not_picked":["Well Laid Plans","Dagger Throw"],"picked":"Predator"},{"not_picked":["Slice","Well Laid Plans"],"picked":"Caltrops"},{"not_picked":["Bullet Time","Adrenaline"],"picked":"Tools of the Trade"},{"not_picked":["Prepared","Acrobatics"],"picked":"Caltrops"},{"not_picked":["Distraction","Dagger Spray"],"picked":"Cloak And Dagger"},{"not_picked":["Dagger Throw","Sucker Punch"],"picked":"Prepared"},{"not_picked":["Flying Knee","Deflect"],"picked":"Noxious Fumes"},{"not_picked":["Dodge and Roll","Flying Knee"],"picked":"Leg Sweep"},{"not_picked":["Flechettes","Setup"],"picked":"Malaise"}],"player_experience":154351,"potions_floor_usage":[6,6,8,11,11,12,12,16,18,21,25,25,27,30,30,31,33,33,33,35,36,37,37,37,38,41,41,41,45,46,50,50,50],"damage_taken":[{"damage":1,"enemies":"Jaw Worm","floor":1,"turns":4},{"damage":5,"enemies":"Cultist","floor":2,"turns":4},{"damage":21,"enemies":"Gremlin Nob","floor":6,"turns":4},{"damage":24,"enemies":"3 Sentries","floor":8,"turns":7},{"damage":25,"enemies":"Gremlin Nob","floor":10,"turns":4},{"damage":0,"enemies":"Small Slimes","floor":11,"turns":2},{"damage":0,"enemies":"Gremlin Gang","floor":12,"turns":5},{"damage":21,"enemies":"Hexaghost","floor":16,"turns":9},{"damage":15,"enemies":"Shell Parasite","floor":18,"turns":6},{"damage":10,"enemies":"2 Thieves","floor":21,"turns":3},{"damage":22,"enemies":"Book of Stabbing","floor":23,"turns":5},{"damage":27,"enemies":"Slavers","floor":25,"turns":4},{"damage":0,"enemies":"Gremlin Leader","floor":27,"turns":4},{"damage":15,"enemies":"Centurion and Healer","floor":30,"turns":4},{"damage":7,"enemies":"3 Cultists","floor":31,"turns":4},{"damage":30,"enemies":"Collector","floor":33,"turns":7},{"damage":16,"enemies":"3 Shapes","floor":35,"turns":3},{"damage":14,"enemies":"3 Darklings","floor":36,"turns":4},{"damage":16,"enemies":"Maw","floor":37,"turns":6},{"damage":21,"enemies":"4 Shapes","floor":38,"turns":4},{"damage":56,"enemies":"Nemesis","floor":41,"turns":7},{"damage":5,"enemies":"3 Darklings","floor":44,"turns":5},{"damage":42,"enemies":"Sphere and 2 Shapes","floor":45,"turns":3},{"damage":12,"enemies":"4 Shapes","floor":46,"turns":6},{"damage":60,"enemies":"Time Eater","floor":50,"turns":10}],"event_choices":[{"event_name":"Golden Wing","player_choice":"Ignored","floor":3,"damage_taken":0},{"event_name":"The Lab","player_choice":"Got Potions","floor":5,"damage_taken":0},{"event_name":"Beggar","player_choice":"Gave Gold","floor":19,"damage_taken":0},{"event_name":"Vampires","player_choice":"Became a vampire","floor":20,"damage_taken":0},{"event_name":"Back to Basics","player_choice":"Elegance","floor":22,"damage_taken":0},{"event_name":"N\u0027loth","player_choice":"Traded a Bag of Preparation","floor":28,"damage_taken":0},{"event_name":"Bonfire Elementals","player_choice":"COMMON","floor":39,"damage_taken":0},{"event_name":"Mysterious Sphere","player_choice":"Ignore","floor":42,"damage_taken":0}],"boss_relics":[{"not_picked":["Runic Dome","Calling Bell"],"picked":"Ectoplasm"},{"not_picked":["Philosopher\u0027s Stone","Question Card"],"picked":"Eternal Feather"}],"potions_floor_spawned":[1,2,6,8,10,11,12,16,18,21,23,25,27,30,31,33,35,36,37,38,41,44,45,46],"seed_played":"-3417650612273236397","ascension_level":1,"is_trial":false}