{"path_per_floor":["M","M","?","M","?","E","R","M","T","M","T","M","E","$","R","B",null,"M","M","?","?","?","R","M","R","T","T","?"],"character_chosen":"THE_SILENT","items_purchased":["Apotheosis"],"gold_per_floor":[109,119,119,135,135,164,164,182,182,196,219,232,258,81,81,185,185,195,178,103,103,103,103,117,117,140,140,140],"floor_reached":29,"campfire_rested":3,"playtime":1542,"current_hp_per_floor":[65,65,65,61,47,33,33,25,25,25,25,20,13,13,34,6,70,48,38,38,38,38,49,18,32,32,32,16],"items_purged":[],"gold":140,"play_id":"cc6d5097-d077-4b8d-9ddf-8bee77e99d89","is_prod":false,"is_daily":false,"is_ascension_mode":true,"campfire_upgraded":1,"path_taken":["M","?","?","M","?","E","R","M","T","M","?","M","E","$","R","BOSS","M","M","?","?","?","R","M","R","T","?","?","E"],"build_version":"2018-01-25-PROD3","purchased_purges":0,"victory":false,"master_deck":["Defend_G","Defend_G","Defend_G","Survivor","Neutralize","Deadly Poison+1","Predator+1","Crippling Poison+1","Caltrops","Prepared+1","Acrobatics","A Thousand Cuts+1","Flying Knee","Outmaneuver+1","Cloak And Dagger","Acrobatics+1","Apotheosis","Calculated Gamble","Wraith Form","Prepared","Deflect","Bite_G","Bite_G","Bite_G","Bite_G","Bite_G","Concentrate","Envenom"],"max_hp_per_floor":[70,70,70,70,70,70,70,70,70,70,70,70,70,70,70,70,70,70,70,70,70,49,49,49,49,49,49,49],"relics":["Astrolabe","Dream Catcher","Ice Cream","Bag of Preparation","Du-Vu Doll","Velvet Choker","War Paint","Meat on the Bone","Nilry\u0027s Codex"],"card_choices":[{"not_picked":["Slice","PiercingWail"],"picked":"Caltrops"},{"not_picked":["Setup","Deflect"],"picked":"Prepared"},{"not_picked":["Poisoned Stab","Quick Slash"],"picked":"Acrobatics"},{"not_picked":["Flechettes","Poisoned Stab"],"picked":"A Thousand Cuts"},{"not_picked":["Sucker Punch","Endless Agony"],"picked":"Flying Knee"},{"not_picked":["Backflip","Dodge and Roll"],"picked":"Outmaneuver"},{"not_picked":["Underhanded Strike","Endless Agony"],"picked":"Cloak And Dagger"},{"not_picked":["Underhanded Strike","Deadly Poison"],"picked":"Acrobatics"},{"not_picked":["Backflip","Outmaneuver"],"picked":"Calculated Gamble"},{"not_picked":["Venomology","Unload"],"picked":"Wraith Form"},{"not_picked":["Underhanded Strike","Quick Slash"],"picked":"Prepared"},{"not_picked":["Riddle With Holes","PiercingWail"],"picked":"Deflect"},{"not_picked":["Eviscerate","Masterful Stab"],"picked":"Concentrate"},{"not_picked":["Dagger Throw","Acrobatics"],"picked":"Envenom"}],"player_experience":163820,"potions_floor_usage":[12,16,19,29,29],"damage_taken":[{"damage":5,"enemies":"Blue Slaver","floor":1,"turns":4},{"damage":0,"enemies":"Cultist","floor":2,"turns":3},{"damage":4,"enemies":"Jaw Worm","floor":4,"turns":3},{"damage":14,"enemies":"3 Sentries","floor":6,"turns":8},{"damage":8,"enemies":"3 Louse","floor":8,"turns":3},{"damage":0,"enemies":"Large Slime","floor":10,"turns":4},{"damage":5,"enemies":"Gremlin Gang","floor":12,"turns":3},{"damage":7,"enemies":"Lagavulin","floor":13,"turns":6},{"damage":28,"enemies":"Slime Boss","floor":16,"turns":8},{"damage":22,"enemies":"Spheric Guardian","floor":18,"turns":5},{"damage":22,"enemies":"2 Thieves","floor":19,"turns":4},{"damage":34,"enemies":"Snake Plant","floor":24,"turns":4},{"damage":26,"enemies":"Slavers","floor":29,"turns":1}],"event_choices":[{"event_name":"The Woman in Blue","player_choice":"Bought 0 Potions","floor":3,"damage_taken":0},{"event_name":"Shining Light","player_choice":"Entered Light","floor":5,"damage_taken":0},{"event_name":"Beggar","player_choice":"Gave Gold","floor":20,"damage_taken":0},{"event_name":"The Lab","player_choice":"Got Potions","floor":21,"damage_taken":0},{"event_name":"Vampires","player_choice":"Became a vampire","floor":22,"damage_taken":0},{"event_name":"Cursed Tome","player_choice":"Obtained Book","floor":28,"damage_taken":0}],"boss_relics":[{"not_picked":["Runic Pyramid","Ectoplasm"],"picked":"Velvet Choker"}],"potions_floor_spawned":[4,6,13,16],"seed_played":"-3219356577462646467","killed_by":"Slavers","ascension_level":2,"is_trial":false}