{"path_per_floor":["M","$","?","?","M","E","R","E","T","R","M","R","?","M","R","B",null,"M","?","$","?","M","R","M","R","T","E","?","$","E","M","R","B",null,"M","?","?","M","M","R","?","M","T","$","R","?","$","M","R","B"],"character_chosen":"THE_SILENT","items_purchased":["Poisoned Stab","Noxious Fumes","Backflip","Footwork"],"gold_per_floor":[113,38,38,38,54,85,85,120,120,120,138,138,88,104,104,202,202,215,215,70,70,90,90,105,105,105,131,131,46,76,86,86,181,181,192,192,192,203,218,218,218,238,238,44,44,44,44,54,54,54],"floor_reached":51,"campfire_rested":4,"playtime":3619,"current_hp_per_floor":[31,31,24,24,24,20,41,30,30,30,30,30,30,30,30,28,70,68,68,68,68,58,58,42,63,63,52,52,52,40,34,34,30,74,67,67,67,39,22,44,44,46,46,46,46,46,46,32,56,33],"items_purged":["Strike_G","Strike_G","All Out Attack"],"gold":54,"play_id":"33714e6d-d5ab-4363-b4fb-52fd0a8380e7","is_prod":false,"is_daily":false,"is_ascension_mode":false,"campfire_upgraded":6,"path_taken":["M","$","?","?","M","E","R","E","T","R","M","R","?","M","R","BOSS","M","?","$","?","M","R","?","R","T","E","?","$","E","M","R","BOSS","M","?","?","M","M","R","?","M","T","$","R","?","?","M","R","BOSS"],"build_version":"2018-01-25-PROD3","purchased_purges":3,"victory":true,"master_deck":["Survivor","Neutralize+1","Unload+1","Catalyst+1","Blur","Backflip","Calculated Gamble+1","Bouncing Flask+1","Burst","Predator","Footwork+1","Malaise","Footwork","Noxious Fumes+1","Backflip","PiercingWail","Corpse Explosion","Acrobatics","Dodge and Roll","All Out Attack","Prepared","Catalyst","Well Laid Plans+1","Footwork","Noxious Fumes+1"],"max_hp_per_floor":[70,70,70,70,70,70,70,70,70,70,70,70,70,70,70,70,70,70,70,70,70,70,70,72,72,72,72,72,72,74,74,74,74,74,74,74,74,76,76,76,76,78,78,78,78,78,78,80,80,80],"relics":["Ring of the Snake","Whetstone","Shuriken","Singing Bowl","Sozu","Blue Candle","Mercury Hourglass","Bronze Scales","Pandora\u0027s Box","Paper Crane"],"card_choices":[{"not_picked":["Bane","Quick Slash"],"picked":"Catalyst"},{"not_picked":["Deflect","Outmaneuver"],"picked":"Blur"},{"not_picked":["Cloak And Dagger","All Out Attack"],"picked":"Backflip"},{"not_picked":["All Out Attack","Quick Slash"],"picked":"Calculated Gamble"},{"not_picked":["Riddle With Holes","Venomology"],"picked":"Bouncing Flask"},{"not_picked":["Phantasmal Killer","Tactician"],"picked":"Burst"},{"not_picked":["Dagger Spray","Dagger Throw"],"picked":"Predator"},{"not_picked":["Sucker Punch","Dodge and Roll"],"picked":"Malaise"},{"not_picked":["Concentrate","PiercingWail"],"picked":"Footwork"},{"not_picked":["Terror","Flying Knee"],"picked":"PiercingWail"},{"not_picked":["Bullet Time","Tactician"],"picked":"Corpse Explosion"},{"not_picked":["Dagger Spray","Backflip"],"picked":"Catalyst"},{"not_picked":["Poisoned Stab","Prepared"],"picked":"Well Laid Plans"}],"player_experience":212172,"potions_floor_usage":[6],"damage_taken":[{"damage":4,"enemies":"Blue Slaver","floor":1,"turns":5},{"damage":0,"enemies":"Small Slimes","floor":5,"turns":2},{"damage":19,"enemies":"3 Sentries","floor":6,"turns":6},{"damage":11,"enemies":"Lagavulin","floor":8,"turns":8},{"damage":0,"enemies":"Jaw Worm","floor":11,"turns":2},{"damage":0,"enemies":"2 Fungi Beasts","floor":14,"turns":2},{"damage":2,"enemies":"The Guardian","floor":16,"turns":7},{"damage":2,"enemies":"3 Byrds","floor":18,"turns":6},{"damage":10,"enemies":"Spheric Guardian","floor":22,"turns":4},{"damage":18,"enemies":"Slaver and Parasite","floor":24,"turns":5},{"damage":11,"enemies":"Gremlin Leader","floor":27,"turns":5},{"damage":14,"enemies":"Slavers","floor":30,"turns":6},{"damage":6,"enemies":"Centurion and Healer","floor":31,"turns":5},{"damage":4,"enemies":"Automaton","floor":33,"turns":10},{"damage":7,"enemies":"Orb Walker","floor":35,"turns":3},{"damage":30,"enemies":"3 Darklings","floor":38,"turns":4},{"damage":17,"enemies":"4 Shapes","floor":39,"turns":5},{"damage":0,"enemies":"Maw","floor":42,"turns":6},{"damage":16,"enemies":"Sphere and 2 Shapes","floor":48,"turns":4},{"damage":23,"enemies":"Time Eater","floor":50,"turns":6}],"event_choices":[{"event_name":"Golden Wing","player_choice":"Card Removal","floor":3,"damage_taken":0},{"event_name":"Golden Idol","player_choice":"Ignored","floor":4,"damage_taken":0},{"event_name":"The Cleric","player_choice":"Card Removal","floor":13,"damage_taken":0},{"event_name":"The Library","player_choice":"Read","floor":19,"damage_taken":0},{"event_name":"Addict","player_choice":"Ignored","floor":21,"damage_taken":0},{"event_name":"Match and Keep!","player_choice":"0 cards matched","floor":28,"damage_taken":0},{"event_name":"Mysterious Sphere","player_choice":"Ignore","floor":37,"damage_taken":0},{"event_name":"Match and Keep!","player_choice":"0 cards matched","floor":41,"damage_taken":0},{"event_name":"Duplicator","player_choice":"One dupe","floor":46,"damage_taken":0}],"boss_relics":[{"not_picked":["Lizard Tail","Runic Pyramid"],"picked":"Sozu"},{"not_picked":["Eternal Feather","Black Star"],"picked":"Pandora\u0027s Box"}],"potions_floor_spawned":[1,11,16,22,27,31,35,42],"seed_played":"1547721941557778106","ascension_level":0,"is_trial":false}