{"path_per_floor":["M","$","?","M","?","R","?","M","T","M","R","M","?","M","R","B",null,"M","?","?","?","$","M","R","T","T","R","E","R","M","M","R","B",null,"M","M","$"],"character_chosen":"THE_SILENT","items_purchased":["Bag of Preparation"],"gold_per_floor":[119,44,44,61,61,61,61,81,104,117,117,136,136,155,155,252,252,270,270,195,195,95,114,114,114,114,114,147,147,157,167,167,266,266,281,294,25],"floor_reached":38,"campfire_rested":1,"playtime":3714,"current_hp_per_floor":[35,35,21,21,21,42,42,42,42,42,42,42,42,41,41,21,72,72,56,56,56,56,56,56,56,56,56,50,50,52,31,31,31,78,55,24,24],"items_purged":["Strike_G","Strike_G","Writhe"],"gold":25,"play_id":"53b63256-b984-4b35-8678-7c1f2e59dfe6","is_prod":false,"is_daily":false,"is_ascension_mode":false,"campfire_upgraded":6,"path_taken":["M","$","?","M","?","R","?","?","T","M","R","?","?","?","R","BOSS","M","?","?","?","$","M","R","?","T","R","E","R","M","?","R","BOSS","M","M","$","M"],"build_version":"2018-01-25-PROD3","purchased_purges":3,"victory":false,"master_deck":["Defend_G","Defend_G","Survivor+1","Neutralize+1","Noxious Fumes+1","Dagger Spray","Calculated Gamble+1","Reflex+1","Tools of the Trade","Prepared+1","Prepared+1","Writhe","Tactician","Heel Hook"],"max_hp_per_floor":[70,70,70,70,70,70,70,70,70,70,70,70,70,72,72,72,72,72,72,72,72,72,72,72,72,72,72,74,74,76,78,78,78,78,80,80,80],"relics":["Ring of the Snake","Singing Bowl","Cursed Key","Enchiridion","Sundial","Vajra","Ornamental Fan","Philosopher\u0027s Stone","Bag of Preparation"],"card_choices":[{"not_picked":["Crippling Poison","Flechettes"],"picked":"Noxious Fumes"},{"not_picked":["Setup","Deflect"],"picked":"Dagger Spray"},{"not_picked":["Well Laid Plans","Masterful Stab"],"picked":"Calculated Gamble"},{"not_picked":["Backflip","Setup"],"picked":"Reflex"},{"not_picked":["Corpse Explosion","Night Terror"],"picked":"Tools of the Trade"},{"not_picked":["Backflip","Crippling Poison"],"picked":"Prepared"},{"not_picked":["Well Laid Plans","Sucker Punch"],"picked":"Prepared"},{"not_picked":["Glass Knife","Tools of the Trade"],"picked":"Tactician"},{"not_picked":["Sucker Punch","Leg Sweep"],"picked":"Heel Hook"}],"player_experience":208458,"potions_floor_usage":[28,28],"damage_taken":[{"damage":0,"enemies":"Cultist","floor":1,"turns":5},{"damage":0,"enemies":"Jaw Worm","floor":4,"turns":6},{"damage":0,"enemies":"Small Slimes","floor":8,"turns":5},{"damage":0,"enemies":"3 Louse","floor":10,"turns":4},{"damage":0,"enemies":"2 Fungi Beasts","floor":12,"turns":3},{"damage":3,"enemies":"Gremlin Gang","floor":14,"turns":4},{"damage":20,"enemies":"The Guardian","floor":16,"turns":12},{"damage":0,"enemies":"Spheric Guardian","floor":18,"turns":6},{"damage":0,"enemies":"Shell Parasite","floor":23,"turns":8},{"damage":8,"enemies":"Gremlin Leader","floor":28,"turns":7},{"damage":0,"enemies":"Sentry and Sphere","floor":30,"turns":3},{"damage":23,"enemies":"Chosen and Byrds","floor":31,"turns":8},{"damage":0,"enemies":"Champ","floor":33,"turns":4},{"damage":25,"enemies":"3 Shapes","floor":35,"turns":8},{"damage":31,"enemies":"Orb Walker","floor":36,"turns":7},{"damage":28,"enemies":"Sphere and 2 Shapes","floor":38,"turns":3}],"event_choices":[{"event_name":"Shining Light","player_choice":"Entered Light","floor":3,"damage_taken":0},{"event_name":"Living Wall","player_choice":"Forget","floor":5,"damage_taken":0},{"event_name":"Bonfire Elementals","player_choice":"BASIC","floor":7,"damage_taken":0},{"event_name":"Golden Idol","player_choice":"Ignored","floor":13,"damage_taken":0},{"event_name":"Cursed Tome","player_choice":"Obtained Book","floor":19,"damage_taken":0},{"event_name":"Beggar","player_choice":"Gave Gold","floor":20,"damage_taken":0},{"event_name":"Purifier","player_choice":"One Purge","floor":21,"damage_taken":0}],"boss_relics":[{"not_picked":["Ectoplasm","Velvet Choker"],"picked":"Cursed Key"},{"not_picked":["Tiny House","Calling Bell"],"picked":"Philosopher\u0027s Stone"}],"potions_floor_spawned":[1,12,16,28,36],"seed_played":"-905824145549933693","killed_by":"Sphere and 2 Shapes","ascension_level":0,"is_trial":false}