{"path_per_floor":["M","M","M","M","M","M","E","R","T","?","R","$","?","$","R","B",null],"character_chosen":"THE_SILENT","items_purchased":[],"gold_per_floor":[10,28,42,58,74,86,115,115,138,138,138,63,63,63,63,189,189],"floor_reached":18,"campfire_rested":1,"playtime":1688,"current_hp_per_floor":[65,65,65,61,58,53,7,7,7,7,26,26,19,19,19,9,65],"items_purged":["Strike_G"],"gold":189,"play_id":"4f68655c-21bc-4bf1-8256-0d4d2757da3c","is_prod":false,"is_daily":false,"is_ascension_mode":false,"campfire_upgraded":2,"path_taken":["M","M","M","M","M","M","E","R","T","?","R","$","?","$","R","BOSS","M"],"build_version":"2018-01-25-PROD3","purchased_purges":1,"victory":false,"master_deck":["Defend_G","Defend_G","Defend_G","Defend_G+1","Defend_G","Strike_G","Strike_G","Strike_G","Strike_G","Survivor","Neutralize+1","Bullet Time+1","Footwork","Footwork+1","Prepared","Heel Hook","After Image"],"max_hp_per_floor":[70,70,70,70,70,70,70,70,70,65,65,65,65,65,65,65,65],"relics":["Ring of the Snake","Lantern","Ancient Tea Set","Golden Idol","War Paint","Philosopher\u0027s Stone"],"card_choices":[{"not_picked":["Corpse Explosion","Phantasmal Killer"],"picked":"Bullet Time"},{"not_picked":["Flechettes","Dodge and Roll"],"picked":"Footwork"},{"not_picked":["Finisher","PiercingWail"],"picked":"Footwork"},{"not_picked":["Cloak And Dagger","Outmaneuver"],"picked":"Prepared"},{"not_picked":["Terror","Sucker Punch"],"picked":"Heel Hook"},{"not_picked":["Die Die Die","Tools of the Trade"],"picked":"After Image"}],"player_experience":72741,"potions_floor_usage":[4,7,7,16],"damage_taken":[{"damage":5,"enemies":"Small Slimes","floor":1,"turns":3},{"damage":0,"enemies":"Cultist","floor":2,"turns":5},{"damage":0,"enemies":"Blue Slaver","floor":3,"turns":7},{"damage":4,"enemies":"Large Slime","floor":4,"turns":7},{"damage":3,"enemies":"2 Fungi Beasts","floor":5,"turns":6},{"damage":5,"enemies":"Red Slaver","floor":6,"turns":5},{"damage":61,"enemies":"Gremlin Nob","floor":7,"turns":8},{"damage":10,"enemies":"The Guardian","floor":16,"turns":26},{"damage":69,"enemies":"Chosen","floor":18,"turns":12}],"event_choices":[{"event_name":"Golden Idol","player_choice":"Lose Max HP","floor":10,"damage_taken":0},{"event_name":"Scrap Ooze","player_choice":"success","floor":13,"damage_taken":7}],"boss_relics":[{"not_picked":["The Specimen","White Beast Statue"],"picked":"Philosopher\u0027s Stone"}],"potions_floor_spawned":[1,2,5,6],"seed_played":"-5359142503007204080","killed_by":"Chosen","ascension_level":0,"is_trial":false}