{"path_per_floor":["M","?","M","$","M","M","E","?","T","R","M","R","$","M","R","B",null,"M","?","$","?","$","M","?","R","T","M","R","M","R","?","R","B",null,"M","?","M","$","?","M","T","R","T","R","M","M","?","M","R"],"character_chosen":"THE_SILENT","items_purchased":["Panacea","Noxious Fumes","Infinite Blades","Crippling Poison","Apotheosis","Block Potion","Dash","Bandage Up"],"gold_per_floor":[109,109,122,33,51,61,88,88,88,88,101,101,26,43,43,146,146,163,163,52,252,18,32,32,32,32,51,51,68,68,68,68,170,170,180,180,198,33,0,18,18,18,18,18,28,44,44,60,60],"floor_reached":50,"campfire_rested":7,"playtime":3364,"current_hp_per_floor":[76,76,74,74,74,67,19,19,19,42,41,64,64,63,63,25,77,63,47,47,47,47,47,38,62,62,46,70,70,70,70,70,27,82,58,58,39,39,39,9,9,33,47,75,67,53,77,56,84],"items_purged":[],"gold":60,"play_id":"66026194-6fae-4b3d-91a1-8739c505b7f7","is_prod":false,"is_daily":false,"is_ascension_mode":false,"campfire_upgraded":3,"path_taken":["M","?","M","$","M","?","E","?","T","R","?","R","$","M","R","BOSS","M","?","$","?","$","M","?","R","T","?","R","M","R","?","R","BOSS","M","?","M","$","?","M","?","R","T","R","M","M","?","M","R","BOSS"],"build_version":"2018-01-25-PROD3","purchased_purges":0,"victory":false,"master_deck":["Defend_G+1","Defend_G+1","Defend_G+1","Defend_G+1","Strike_G+1","Strike_G+1","Survivor","Neutralize","Deadly Poison","Outmaneuver","Panacea","Choke","Heel Hook","Dash","Poisoned Stab","Noxious Fumes+1","Backflip","Envenom","Finisher+1","Dagger Throw+1","Underhanded Strike+1","Slice","Necronomicurse","Infinite Blades+1","Crippling Poison","Apotheosis+1","Infinite Blades","Leg Sweep","Deadly Poison","Night Terror","Dodge and Roll+1","Malaise","Bouncing Flask","Dash","Bandage Up","PiercingWail","Catalyst","Dash","Writhe","All Out Attack"],"max_hp_per_floor":[77,77,77,77,77,77,77,77,77,77,77,77,77,77,77,77,77,77,77,77,77,77,77,82,82,82,82,82,82,82,82,82,82,82,82,82,82,82,82,82,82,82,96,96,96,96,96,96,96],"relics":["Ring of the Snake","Torii","Snake Skull","Astrolabe","Necronomicon","Tingsha","The Specimen","Red Mask","Calipers","Mango"],"card_choices":[{"not_picked":["PiercingWail","Outmaneuver"],"picked":"Deadly Poison"},{"not_picked":["Underhanded Strike","Malaise"],"picked":"Outmaneuver"},{"not_picked":["Quick Slash","Heel Hook"],"picked":"Choke"},{"not_picked":["Eviscerate","Crippling Poison"],"picked":"Heel Hook"},{"not_picked":["Poisoned Stab","Heel Hook"],"picked":"Dash"},{"not_picked":["Riddle With Holes","Phantasmal Killer"],"picked":"Poisoned Stab"},{"not_picked":["Eviscerate","Masterful Stab"],"picked":"Backflip"},{"not_picked":["Doppelganger","A Thousand Cuts"],"picked":"Envenom"},{"not_picked":["Prepared","Dagger Throw"],"picked":"Slice"},{"not_picked":["Bane","Dagger Spray"],"picked":"Infinite Blades"},{"not_picked":["Dagger Throw","PiercingWail"],"picked":"Leg Sweep"},{"not_picked":["Dagger Throw","Backstab"],"picked":"Deadly Poison"},{"not_picked":["Bullet Time","Venomology"],"picked":"Night Terror"},{"not_picked":["Slice","Prepared"],"picked":"Dodge and Roll"},{"not_picked":["Prepared","Predator"],"picked":"Bouncing Flask"},{"not_picked":["Prepared","Flechettes"],"picked":"PiercingWail"},{"not_picked":["Underhanded Strike","Deadly Poison"],"picked":"Catalyst"},{"not_picked":["Acrobatics","Malaise"],"picked":"Dash"},{"not_picked":["Acrobatics","Wraith Form"],"picked":"All Out Attack"}],"player_experience":36888,"potions_floor_usage":[14,14,16,23,27,50,50],"damage_taken":[{"damage":1,"enemies":"2 Louse","floor":1,"turns":4},{"damage":2,"enemies":"Cultist","floor":3,"turns":6},{"damage":0,"enemies":"Small Slimes","floor":5,"turns":4},{"damage":7,"enemies":"Looter","floor":6,"turns":4},{"damage":48,"enemies":"3 Sentries","floor":7,"turns":13},{"damage":1,"enemies":"Lots of Slimes","floor":11,"turns":4},{"damage":1,"enemies":"Exordium Thugs","floor":14,"turns":5},{"damage":38,"enemies":"Slime Boss","floor":16,"turns":11},{"damage":14,"enemies":"Shell Parasite","floor":18,"turns":6},{"damage":0,"enemies":"2 Thieves","floor":23,"turns":4},{"damage":16,"enemies":"Centurion and Healer","floor":27,"turns":6},{"damage":0,"enemies":"Snecko","floor":29,"turns":5},{"damage":43,"enemies":"Collector","floor":33,"turns":8},{"damage":24,"enemies":"3 Darklings","floor":35,"turns":6},{"damage":19,"enemies":"Orb Walker","floor":37,"turns":5},{"damage":34,"enemies":"Sphere and 2 Shapes","floor":40,"turns":5},{"damage":12,"enemies":"4 Shapes","floor":45,"turns":5},{"damage":20,"enemies":"Maw","floor":46,"turns":6},{"damage":25,"enemies":"3 Darklings","floor":48,"turns":6},{"damage":108,"enemies":"Donu and Deca","floor":50,"turns":10}],"event_choices":[{"event_name":"Transmorgrifier","player_choice":"Transform","floor":2,"damage_taken":0},{"event_name":"The Lab","player_choice":"Got Potions","floor":8,"damage_taken":0},{"event_name":"Cursed Tome","player_choice":"Obtained Book","floor":19,"damage_taken":0},{"event_name":"Wheel of Change","player_choice":"Gold","floor":21,"damage_taken":0},{"event_name":"Forgotten Altar","player_choice":"Shed Blood","floor":24,"damage_taken":0},{"event_name":"Back to Basics","player_choice":"Simplicity","floor":31,"damage_taken":0},{"event_name":"Transmorgrifier","player_choice":"Transform","floor":36,"damage_taken":0},{"event_name":"Tomb of Lord Red Mask","player_choice":"Paid","floor":39,"damage_taken":0},{"event_name":"Winding Halls","player_choice":"Writhe","floor":47,"damage_taken":0}],"boss_relics":[{"not_picked":["White Beast Statue","Calling Bell"],"picked":"Astrolabe"},{"not_picked":["Snecko Eye","Orrery"],"picked":"The Specimen"}],"potions_floor_spawned":[1,7,11,23,37,46,48],"seed_played":"-558342591071273587","killed_by":"Donu and Deca","ascension_level":0,"is_trial":false}