{"path_per_floor":["M","M","M","?","M","R","E","?","T","$","M","R","E","M","R","B",null,"M","?","?","M","M","R","M","R","T","M"],"character_chosen":"THE_SILENT","items_purchased":["Concentrate","Skewer"],"gold_per_floor":[119,138,154,154,169,169,202,232,232,12,26,26,53,73,73,169,169,183,183,183,198,211,211,229,229,229,242],"floor_reached":28,"campfire_rested":2,"playtime":3744,"current_hp_per_floor":[61,61,61,61,61,61,16,16,16,16,15,33,33,33,33,9,63,62,46,46,42,11,29,27,27,27,6],"items_purged":["Defend_G"],"gold":242,"play_id":"9693016a-92eb-4648-822e-d91e2cb1d653","is_prod":false,"is_daily":false,"is_ascension_mode":false,"campfire_upgraded":3,"path_taken":["M","M","M","?","M","R","E","?","T","?","?","R","E","M","R","BOSS","M","?","?","M","M","R","M","R","T","M","E"],"build_version":"2018-01-25-PROD3","purchased_purges":1,"victory":false,"master_deck":["Defend_G","Defend_G","Defend_G","Strike_G","Strike_G","Strike_G","Strike_G","Strike_G","Survivor","Neutralize+1","Wraith Form+1","Leg Sweep","Dagger Throw","Backflip","Heel Hook","Concentrate","Skewer","Adrenaline","Tools of the Trade","Prepared+1","Reflex+1","Prepared+1","Backflip"],"max_hp_per_floor":[63,63,63,63,63,63,63,63,63,63,63,63,63,63,63,63,63,63,63,63,63,63,63,63,63,63,63],"relics":["Ring of the Snake","Gambling Chip","Oddly Smooth Stone","Torii","Black Star","Nilry\u0027s Codex","Sundial"],"card_choices":[{"not_picked":["Tactician","Die Die Die"],"picked":"Wraith Form"},{"not_picked":["Sucker Punch","Setup"],"picked":"Leg Sweep"},{"not_picked":["Sucker Punch","PiercingWail"],"picked":"Dagger Throw"},{"not_picked":["Bouncing Flask","Quick Slash"],"picked":"Backflip"},{"not_picked":["Endless Agony","Backflip"],"picked":"Heel Hook"},{"not_picked":["Acrobatics","PiercingWail"],"picked":"Adrenaline"},{"not_picked":["Night Terror","Venomology"],"picked":"Tools of the Trade"},{"not_picked":["Outmaneuver","Poisoned Stab"],"picked":"Prepared"},{"not_picked":["Terror","Dagger Spray"],"picked":"Prepared"},{"not_picked":["Poisoned Stab","Dagger Throw"],"picked":"Backflip"}],"player_experience":215791,"potions_floor_usage":[13,28],"damage_taken":[{"damage":2,"enemies":"Jaw Worm","floor":1,"turns":5},{"damage":0,"enemies":"Blue Slaver","floor":2,"turns":6},{"damage":0,"enemies":"Cultist","floor":3,"turns":6},{"damage":0,"enemies":"2 Fungi Beasts","floor":5,"turns":5},{"damage":45,"enemies":"3 Sentries","floor":7,"turns":12},{"damage":1,"enemies":"Large Slime","floor":11,"turns":7},{"damage":0,"enemies":"Gremlin Nob","floor":13,"turns":3},{"damage":0,"enemies":"Exordium Wildlife","floor":14,"turns":3},{"damage":24,"enemies":"The Guardian","floor":16,"turns":16},{"damage":1,"enemies":"3 Byrds","floor":18,"turns":8},{"damage":4,"enemies":"Shell Parasite","floor":21,"turns":8},{"damage":31,"enemies":"Snecko","floor":22,"turns":6},{"damage":2,"enemies":"Centurion and Healer","floor":24,"turns":13},{"damage":21,"enemies":"Sentry and Sphere","floor":27,"turns":6},{"damage":10,"enemies":"Gremlin Leader","floor":28,"turns":5}],"event_choices":[{"event_name":"Living Wall","player_choice":"Forget","floor":4,"damage_taken":0},{"event_name":"Dead Adventurer","player_choice":"Searched \u00272\u0027 times","floor":8,"damage_taken":0},{"event_name":"Cursed Tome","player_choice":"Obtained Book","floor":19,"damage_taken":0},{"event_name":"The Library","player_choice":"Read","floor":20,"damage_taken":0}],"boss_relics":[{"not_picked":["Eternal Feather","The Specimen"],"picked":"Black Star"}],"potions_floor_spawned":[1,5,21,22],"seed_played":"-6620881242536707599","killed_by":"Gremlin Leader","ascension_level":0,"is_trial":false}