{"path_per_floor":["M","?","M","?","?","R","T","?","T","M","M","?","$","M","R","B",null,"M","$","?","$","M","R","M","R","T","R","?","R","M","?","R","B",null,"M","M","T","$","M","R","$","E","T","R","M","M","?","M","R"],"character_chosen":"THE_SILENT","items_purchased":["Sadistic Nature","Blur","Catalyst","Block Potion","Snake Skull","Block Potion","Catalyst","Regen Potion"],"gold_per_floor":[118,118,137,137,137,137,161,161,207,225,248,213,14,37,37,160,160,183,27,27,27,41,41,54,54,54,54,54,54,79,79,79,210,210,225,250,274,37,60,60,9,42,42,42,66,90,423,439,439],"floor_reached":50,"campfire_rested":5,"playtime":3286,"current_hp_per_floor":[77,77,75,75,80,80,80,80,80,74,69,82,82,82,82,51,82,66,66,66,66,44,68,64,82,82,82,82,82,71,71,71,6,82,55,43,43,43,30,54,54,61,61,82,75,73,73,58,82],"items_purged":[],"gold":439,"play_id":"b6c18c85-35d1-4c8f-ab7d-54afffa86ee4","is_prod":false,"is_daily":false,"is_ascension_mode":false,"campfire_upgraded":5,"path_taken":["M","?","M","?","?","R","?","?","T","?","M","?","$","?","R","BOSS","M","$","?","$","M","R","M","R","T","R","?","R","M","?","R","BOSS","M","M","?","$","?","R","$","E","T","R","M","M","?","M","R","BOSS"],"build_version":"2018-01-25-PROD3","purchased_purges":0,"victory":false,"master_deck":["Defend_G+1","Defend_G+1","Defend_G+1","Defend_G+1","Defend_G+1","Strike_G+1","Strike_G+1","Strike_G+1","Strike_G+1","Survivor","Neutralize","Crippling Poison+1","Riddle With Holes","Leg Sweep+1","Injury","Quick Slash","Deadly Poison","Sadistic Nature","Envenom+1","Burst","Catalyst","Blur","Catalyst+1","Noxious Fumes+1","Outmaneuver+1","Backflip","All Out Attack+1","Backflip","Corpse Explosion","Deflect+1","Dash","Deadly Poison","Catalyst","Outmaneuver","Backflip","Escape Plan","Deadly Poison+1","Dagger Spray+1","Outmaneuver","Prepared","Sucker Punch+1","Deflect"],"max_hp_per_floor":[77,77,77,77,82,82,82,82,82,82,82,82,82,82,82,82,82,82,82,82,82,82,82,82,82,82,82,82,82,82,82,82,82,82,82,82,82,82,82,82,82,82,82,82,82,82,82,82,82],"relics":["Ring of the Snake","War Paint","Prayer Wheel","The Specimen","Bird Faced Urn","Runic Pyramid","Dream Catcher","Snake Skull","Peace Pipe","Ice Cream"],"card_choices":[{"not_picked":["Prepared","Bane"],"picked":"Crippling Poison"},{"not_picked":["Poisoned Stab","Flying Knee"],"picked":"Leg Sweep"},{"not_picked":["Eviscerate","Prepared"],"picked":"Quick Slash"},{"not_picked":["Calculated Gamble","Slice"],"picked":"Deadly Poison"},{"not_picked":["Dagger Throw","Riddle With Holes"],"picked":"Envenom"},{"not_picked":["Night Terror","Venomology"],"picked":"Burst"},{"not_picked":["PiercingWail","Dagger Throw"],"picked":"Catalyst"},{"not_picked":["Acrobatics","Bane"],"picked":"Outmaneuver"},{"not_picked":["Bane","Flying Knee"],"picked":"Backflip"},{"not_picked":["Riddle With Holes","Flying Knee"],"picked":"All Out Attack"},{"not_picked":["Acrobatics","Distraction"],"picked":"Backflip"},{"not_picked":["Venomology","Bullet Time"],"picked":"Corpse Explosion"},{"not_picked":["Caltrops","Prepared"],"picked":"Deflect"},{"not_picked":["Bane","Sucker Punch"],"picked":"Dash"},{"not_picked":["Prepared","Backstab"],"picked":"Deadly Poison"},{"not_picked":["Dagger Throw","Slice"],"picked":"Outmaneuver"},{"not_picked":["Blur","Sucker Punch"],"picked":"Backflip"},{"not_picked":["Backstab","Slice"],"picked":"Escape Plan"},{"not_picked":["Predator","Endless Agony"],"picked":"Deadly Poison"},{"not_picked":["Backflip","Slice"],"picked":"Dagger Spray"},{"not_picked":["Catalyst","Sucker Punch"],"picked":"Outmaneuver"},{"not_picked":["Corpse Explosion","Terror"],"picked":"Prepared"},{"not_picked":["Flying Knee","Deadly Poison"],"picked":"Sucker Punch"},{"not_picked":["Dagger Throw","Bane"],"picked":"Deflect"}],"player_experience":25000,"potions_floor_usage":[50],"damage_taken":[{"damage":0.0,"enemies":"Blue Slaver","floor":1.0,"turns":5.0},{"damage":2.0,"enemies":"Small Slimes","floor":3.0,"turns":4.0},{"damage":6.0,"enemies":"2 Louse","floor":10.0,"turns":2.0},{"damage":5.0,"enemies":"Large Slime","floor":11.0,"turns":9.0},{"damage":0.0,"enemies":"3 Louse","floor":14.0,"turns":4.0},{"damage":31.0,"enemies":"The Guardian","floor":16.0,"turns":9.0},{"damage":16.0,"enemies":"2 Thieves","floor":18.0,"turns":5.0},{"damage":22.0,"enemies":"3 Byrds","floor":22.0,"turns":6.0},{"damage":4.0,"enemies":"Snake Plant","floor":24.0,"turns":5.0},{"damage":13.0,"enemies":"Sentry and Sphere","floor":30.0,"turns":5.0},{"damage":71.0,"enemies":"Champ","floor":33.0,"turns":11.0},{"damage":38.0,"enemies":"3 Darklings","floor":35.0,"turns":5.0},{"damage":18.0,"enemies":"3 Shapes","floor":36.0,"turns":3.0},{"damage":19.0,"enemies":"3 Darklings","floor":39.0,"turns":5.0},{"damage":8.0,"enemies":"Nemesis","floor":42.0,"turns":7.0},{"damage":7.0,"enemies":"Maw","floor":45.0,"turns":5.0},{"damage":6.0,"enemies":"Sphere and 2 Shapes","floor":46.0,"turns":6.0},{"damage":17.0,"enemies":"4 Shapes","floor":48.0,"turns":5.0},{"damage":85,"enemies":"Donu and Deca","floor":50,"turns":5}],"event_choices":[{"event_name":"Living Wall","player_choice":"Change","floor":2.0,"damage_taken":0.0},{"event_name":"Golden Idol","player_choice":"Take Wound","floor":4.0,"damage_taken":0.0},{"event_name":"Big Fish","player_choice":"Donut","floor":5.0,"damage_taken":0.0},{"event_name":"The Lab","player_choice":"Got Potions","floor":8.0,"damage_taken":0.0},{"event_name":"The Cleric","player_choice":"Healed","floor":12.0,"damage_taken":0.0},{"event_name":"The Library","player_choice":"Read","floor":20.0,"damage_taken":0.0},{"event_name":"Back to Basics","player_choice":"Simplicity","floor":28.0,"damage_taken":0.0},{"event_name":"Drug Dealer","player_choice":"Ignored","floor":31.0,"damage_taken":0.0},{"event_name":"The Moai Head","player_choice":"Gave Idol","floor":47.0,"damage_taken":0.0}],"boss_relics":[],"potions_floor_spawned":[1,10,14,18,30,33,46,48],"seed_played":"-3909888445246052923","killed_by":"Donu and Deca","ascension_level":0,"is_trial":false}