{"path_per_floor":["M","?","$","?","M","R","M","R","T","R","M","?","?","M","R","B",null,"M","$","?","M","M","E","R","M","T","?","M","M","R","M","R","B",null,"M","?","?","?","M","R","M","$","T","?","?","?","T","?","R","B"],"character_chosen":"THE_SILENT","items_purchased":["Dash","Ninja Scroll","Blood Vial","Block Potion"],"gold_per_floor":[109,109,31,106,120,120,137,137,437,437,450,450,400,414,414,515,515,529,53,53,69,89,121,121,136,184,184,196,208,208,222,222,322,322,335,335,335,335,349,349,369,219,268,268,268,268,268,268,268,268],"floor_reached":51,"campfire_rested":3,"playtime":3840,"current_hp_per_floor":[70,56,56,45,45,45,43,64,64,64,64,64,64,62,62,52,70,65,65,65,65,56,28,49,46,46,46,43,41,62,62,62,48,70,57,70,70,70,56,56,6,6,6,6,6,60,60,60,60,3],"items_purged":["Strike_G","Writhe"],"gold":268,"play_id":"30d26db6-527d-4cb4-b561-5363e63f5050","is_prod":false,"is_daily":false,"is_ascension_mode":false,"campfire_upgraded":6,"path_taken":["M","?","$","?","M","R","M","R","T","R","M","?","?","?","R","BOSS","M","$","?","M","M","E","R","M","T","?","M","M","R","M","R","BOSS","M","?","?","?","M","R","M","$","T","?","?","?","?","?","R","BOSS"],"build_version":"2018-02-01-PROD3","purchased_purges":2,"victory":true,"master_deck":["Defend_G","Defend_G","Defend_G","Defend_G","Defend_G","Survivor","Neutralize+1","Outmaneuver+1","Dash+1","Noxious Fumes+1","Dagger Throw","Blur+1","Deadly Poison+1","Bullet Time","Leg Sweep+1","Dash+1","Die Die Die+1","Dash+1","Dagger Spray+1","Well Laid Plans","Backstab","Burst","Writhe","Predator+1","Riddle With Holes"],"max_hp_per_floor":[70,70,70,70,70,70,70,70,70,70,70,70,70,70,70,70,70,70,70,70,70,70,70,70,70,70,70,70,70,70,70,70,70,70,70,70,70,70,70,70,70,70,70,70,70,60,60,60,60,60],"relics":["Ring of the Snake","Old Coin","Orrery","Ninja Scroll","Blood Vial","Bronze Scales","Juzu Bracelet","Whetstone","Velvet Choker","Omamori","Unceasing Top"],"card_choices":[{"not_picked":["Deadly Poison","Wraith Form"],"picked":"Outmaneuver"},{"not_picked":["Finisher","Quick Slash"],"picked":"Noxious Fumes"},{"not_picked":["Sucker Punch","Bouncing Flask"],"picked":"Dagger Throw"},{"not_picked":["Dash","Quick Slash"],"picked":"Blur"},{"not_picked":["Sucker Punch","Acrobatics"],"picked":"Deadly Poison"},{"not_picked":["A Thousand Cuts","Phantasmal Killer"],"picked":"Bullet Time"},{"not_picked":["Poisoned Stab","Dodge and Roll"],"picked":"Leg Sweep"},{"not_picked":["Dagger Spray","Dodge and Roll"],"picked":"Dash"},{"not_picked":["Escape Plan","Acrobatics"],"picked":"Die Die Die"},{"not_picked":["Prepared","Infinite Blades"],"picked":"Dash"},{"not_picked":["Infinite Blades","Flying Knee"],"picked":"Dagger Spray"},{"not_picked":["Backflip","PiercingWail"],"picked":"Well Laid Plans"},{"not_picked":["Venomology","Slice"],"picked":"Backstab"},{"not_picked":["Envenom","Night Terror"],"picked":"Burst"},{"not_picked":["PiercingWail","Sucker Punch"],"picked":"Predator"}],"player_experience":49567,"potions_floor_usage":[23,25,33,39,39,50,50,50],"damage_taken":[{"damage":0,"enemies":"2 Louse","floor":1,"turns":4},{"damage":0,"enemies":"Jaw Worm","floor":5,"turns":4},{"damage":2,"enemies":"Blue Slaver","floor":7,"turns":4},{"damage":0,"enemies":"Exordium Wildlife","floor":11,"turns":4},{"damage":2,"enemies":"3 Louse","floor":14,"turns":4},{"damage":10,"enemies":"The Guardian","floor":16,"turns":10},{"damage":5,"enemies":"2 Thieves","floor":18,"turns":4},{"damage":2,"enemies":"Spheric Guardian","floor":21,"turns":3},{"damage":11,"enemies":"Snecko","floor":22,"turns":5},{"damage":30,"enemies":"Slavers","floor":23,"turns":5},{"damage":5,"enemies":"Centurion and Healer","floor":25,"turns":3},{"damage":5,"enemies":"Snake Plant","floor":28,"turns":4},{"damage":4,"enemies":"Snecko","floor":29,"turns":5},{"damage":2,"enemies":"Chosen and Byrds","floor":31,"turns":4},{"damage":16,"enemies":"Champ","floor":33,"turns":15},{"damage":13,"enemies":"3 Darklings","floor":35,"turns":4},{"damage":14,"enemies":"3 Shapes","floor":39,"turns":4},{"damage":52,"enemies":"Maw","floor":41,"turns":9},{"damage":57,"enemies":"Time Eater","floor":50,"turns":16}],"event_choices":[{"event_name":"Shining Light","player_choice":"Entered Light","floor":2,"damage_taken":0},{"event_name":"World of Goop","player_choice":"Gather Gold","floor":4,"damage_taken":0},{"event_name":"Bonfire Elementals","player_choice":"BASIC","floor":12,"damage_taken":0},{"event_name":"The Cleric","player_choice":"Card Removal","floor":13,"damage_taken":0},{"event_name":"The Mausoleum","player_choice":"Yes","floor":20,"damage_taken":0},{"event_name":"Drug Dealer","player_choice":"Ignored","floor":27,"damage_taken":0},{"event_name":"Winding Halls","player_choice":"Writhe","floor":36,"damage_taken":0},{"event_name":"Tomb of Lord Red Mask","player_choice":"Ignored","floor":37,"damage_taken":0},{"event_name":"Mysterious Sphere","player_choice":"Ignore","floor":38,"damage_taken":0},{"event_name":"The Lab","player_choice":"Got Potions","floor":44,"damage_taken":0},{"event_name":"The Moai Head","player_choice":"Heal","floor":46,"damage_taken":0},{"event_name":"Transmorgrifier","player_choice":"Transform","floor":48,"damage_taken":0}],"boss_relics":[{"not_picked":["Calling Bell","Black Star"],"picked":"Orrery"},{"not_picked":["Tiny House","Astrolabe"],"picked":"Velvet Choker"}],"potions_floor_spawned":[7,14,16,22,23,25,31,35],"seed_played":"-4235751383167861381","ascension_level":0,"is_trial":false}