{"path_per_floor":["M","?","$","M","M","R","E","?","T","?","E","M","$","E","R","B",null,"M","M","$","M","$","R","M","?","T","R","?","?"],"character_chosen":"THE_SILENT","items_purchased":["After Image","Sadistic Nature","Well Laid Plans","Panache","Accuracy"],"gold_per_floor":[109,109,38,51,71,71,105,105,159,259,299,319,53,84,84,205,205,220,241,37,51,17,17,30,30,30,30,30,60],"floor_reached":30,"campfire_rested":3,"playtime":1836,"current_hp_per_floor":[77,77,77,75,71,71,58,58,58,58,39,44,44,44,65,53,71,63,38,38,24,24,45,14,14,14,35,35,35],"items_purged":[],"gold":60,"play_id":"73dd3a29-9dc6-4cf8-aa95-1f4aef08dd70","is_prod":false,"is_daily":false,"is_ascension_mode":false,"campfire_upgraded":1,"path_taken":["M","?","$","M","M","R","E","?","T","?","E","M","$","E","R","BOSS","M","M","$","M","$","R","M","?","T","R","?","?","E"],"build_version":"2018-02-01-PROD3","purchased_purges":0,"victory":false,"master_deck":["Defend_G","Defend_G","Defend_G","Defend_G","Defend_G","Strike_G","Strike_G","Strike_G","Strike_G","Strike_G","Survivor","Neutralize","Outmaneuver","Regret","After Image+1","Backflip","Noxious Fumes","Tools of the Trade","Endless Agony","Blade Dance","Sadistic Nature+1","Well Laid Plans+1","Infinite Blades+1","Night Terror","Accuracy+1","Prepared+1","Panache+1","Deadly Poison+1","Accuracy+1","PiercingWail+1"],"max_hp_per_floor":[77,77,77,77,77,77,77,71,71,71,71,71,71,71,71,71,71,71,71,71,71,71,71,71,71,71,71,71,71],"relics":["Ring of the Snake","Meat on the Bone","Dodecahedron","Golden Idol","Art of War","Frozen Egg 2","Snake Skull","The Specimen","Vajra","Tiny Chest"],"card_choices":[{"not_picked":["Deflect","Backflip"],"picked":"Outmaneuver"},{"not_picked":["Footwork","Slice"],"picked":"Backflip"},{"not_picked":["PiercingWail","Sucker Punch"],"picked":"Noxious Fumes"},{"not_picked":["Dagger Spray","Prepared"],"picked":"Tools of the Trade"},{"not_picked":["Outmaneuver","Slice"],"picked":"Endless Agony"},{"not_picked":["Quick Slash","Deadly Poison"],"picked":"Blade Dance"},{"not_picked":["Dagger Throw","Heel Hook"],"picked":"Infinite Blades"},{"not_picked":["Glass Knife","Grand Finale"],"picked":"Night Terror"},{"not_picked":["Heel Hook","Bane"],"picked":"Accuracy"},{"not_picked":["Quick Slash","Dagger Throw"],"picked":"Prepared"},{"not_picked":["Outmaneuver","Skewer"],"picked":"Deadly Poison"},{"not_picked":["Dagger Spray","Calculated Gamble"],"picked":"PiercingWail"}],"player_experience":118851,"potions_floor_usage":[19,30],"damage_taken":[{"damage":0.0,"enemies":"Small Slimes","floor":1.0,"turns":3.0},{"damage":2.0,"enemies":"2 Louse","floor":4.0,"turns":4.0},{"damage":4.0,"enemies":"Jaw Worm","floor":5.0,"turns":7.0},{"damage":13.0,"enemies":"3 Sentries","floor":7.0,"turns":8.0},{"damage":31.0,"enemies":"Gremlin Nob","floor":11.0,"turns":5.0},{"damage":7.0,"enemies":"Exordium Thugs","floor":12.0,"turns":6.0},{"damage":12.0,"enemies":"3 Sentries","floor":14.0,"turns":7.0},{"damage":12.0,"enemies":"The Guardian","floor":16.0,"turns":8.0},{"damage":8,"enemies":"3 Byrds","floor":18,"turns":4},{"damage":37,"enemies":"2 Thieves","floor":19,"turns":5},{"damage":26,"enemies":"Cultist and Chosen","floor":21,"turns":7},{"damage":43,"enemies":"Slaver and Parasite","floor":24,"turns":5},{"damage":38,"enemies":"Gremlin Leader","floor":30,"turns":4}],"event_choices":[{"event_name":"Big Fish","player_choice":"Box","floor":2.0,"damage_taken":0.0},{"event_name":"Golden Idol","player_choice":"Lose Max HP","floor":8.0,"damage_taken":0.0},{"event_name":"Golden Shrine","player_choice":"Pray","floor":10.0,"damage_taken":0.0},{"event_name":"Drug Dealer","player_choice":"Ignored","floor":25,"damage_taken":0},{"event_name":"Beggar","player_choice":"Ignored","floor":28,"damage_taken":0},{"event_name":"The Mausoleum","player_choice":"Yes","floor":29,"damage_taken":0}],"boss_relics":[],"potions_floor_spawned":[7,11,12,14,16,18,24],"seed_played":"-5659335132167987871","killed_by":"Gremlin Leader","ascension_level":0,"is_trial":false}