{"path_per_floor":["M","M","$","M","M","R","E","R","T","E","$","?","M","?","R","B",null,"M","M","?","$","?","R","M","$","T","T","E","M","E"],"character_chosen":"THE_SILENT","items_purchased":["Cloak And Dagger","Footwork","Ornamental Fan"],"gold_per_floor":[113,132,7,17,32,32,94,94,94,119,119,119,140,170,170,296,296,309,327,327,68,68,68,78,3,3,26,55,65,90],"floor_reached":31,"campfire_rested":3,"playtime":2403,"current_hp_per_floor":[68,65,65,63,61,61,55,70,70,57,57,40,38,30,51,45,70,56,42,42,42,42,70,48,48,48,60,48,32,12],"items_purged":["Writhe"],"gold":90,"play_id":"f64d8517-2f86-42bb-a7d2-80bbe263c92b","is_prod":false,"is_daily":false,"is_ascension_mode":false,"campfire_upgraded":1,"path_taken":["M","M","$","M","M","R","E","R","T","E","$","?","M","?","R","BOSS","M","M","?","$","?","R","M","$","T","?","E","M","E","M"],"build_version":"2018-02-01-PROD3","purchased_purges":2,"victory":false,"master_deck":["Defend_G","Defend_G","Defend_G","Defend_G","Defend_G+1","Strike_G","Strike_G","Strike_G","Strike_G","Survivor","Neutralize","Infinite Blades","Infinite Blades+1","Skewer","Cloak And Dagger","Footwork","Terror","Blur","Outmaneuver+1","Malaise","Venomology","Endless Agony","Envenom","Deflect","Escape Plan","Blade Dance","Dagger Throw","Acrobatics+1","Reflex"],"max_hp_per_floor":[70,70,70,70,70,70,70,70,70,70,70,70,70,70,70,70,70,70,70,70,70,70,70,70,70,70,77,77,77,77],"relics":["Ring of the Snake","Tiny Chest","Pantograph","Bronze Scales","Bloody Idol","Odd Mushroom","Eternal Feather","Omamori","Ornamental Fan","War Paint","Strawberry","Bottled Lightning","Lantern"],"card_choices":[{"not_picked":["Deflect","Dagger Spray"],"picked":"Infinite Blades"},{"not_picked":["Malaise","Bane"],"picked":"Skewer"},{"not_picked":["Slice","Dodge and Roll"],"picked":"Terror"},{"not_picked":["Noxious Fumes","Cloak And Dagger"],"picked":"Blur"},{"not_picked":["Dagger Spray","Eviscerate"],"picked":"Outmaneuver"},{"not_picked":["Eviscerate","Dagger Throw"],"picked":"Malaise"},{"not_picked":["Prepared","Eviscerate"],"picked":"Venomology"},{"not_picked":["Sucker Punch","Escape Plan"],"picked":"Endless Agony"},{"not_picked":["Die Die Die","Venomology"],"picked":"Envenom"},{"not_picked":["Crippling Poison","Dagger Spray"],"picked":"Deflect"},{"not_picked":["Poisoned Stab","Outmaneuver"],"picked":"Escape Plan"},{"not_picked":["Reflex","Outmaneuver"],"picked":"Blade Dance"},{"not_picked":["Calculated Gamble","Corpse Explosion"],"picked":"Dagger Throw"},{"not_picked":["Dash","Underhanded Strike"],"picked":"Acrobatics"},{"not_picked":["Poisoned Stab","Bane"],"picked":"Reflex"}],"player_experience":116448,"potions_floor_usage":[29,29,30,30,30,31],"damage_taken":[{"damage":2.0,"enemies":"Small Slimes","floor":1.0,"turns":4.0},{"damage":3.0,"enemies":"2 Louse","floor":2.0,"turns":3.0},{"damage":2.0,"enemies":"Blue Slaver","floor":4.0,"turns":5.0},{"damage":2.0,"enemies":"3 Louse","floor":5.0,"turns":4.0},{"damage":6.0,"enemies":"3 Sentries","floor":7.0,"turns":5.0},{"damage":13.0,"enemies":"Gremlin Nob","floor":10.0,"turns":5.0},{"damage":2.0,"enemies":"Looter","floor":13.0,"turns":4.0},{"damage":8.0,"enemies":"The Mushroom Lair","floor":14.0,"turns":3.0},{"damage":25.0,"enemies":"Hexaghost","floor":16.0,"turns":8.0},{"damage":14.0,"enemies":"Spheric Guardian","floor":18.0,"turns":5.0},{"damage":14.0,"enemies":"Shell Parasite","floor":19.0,"turns":7.0},{"damage":27.0,"enemies":"Sentry and Sphere","floor":24.0,"turns":8.0},{"damage":17.0,"enemies":"Book of Stabbing","floor":28.0,"turns":6.0},{"damage":21,"enemies":"Cultist and Chosen","floor":29,"turns":7},{"damage":25,"enemies":"Slavers","floor":30,"turns":6},{"damage":22,"enemies":"3 Cultists","floor":31,"turns":4}],"event_choices":[{"event_name":"Golden Idol","player_choice":"Take Damage","floor":12.0,"damage_taken":0.0},{"event_name":"Mushrooms","player_choice":"Fought Mushrooms","floor":14.0,"damage_taken":0.0},{"event_name":"The Mausoleum","player_choice":"Yes","floor":20.0,"damage_taken":0.0},{"event_name":"Forgotten Altar","player_choice":"Gave Idol","floor":22.0,"damage_taken":0.0}],"boss_relics":[],"potions_floor_spawned":[4,5,7,16,28,29,30],"seed_played":"-7949200821106483041","killed_by":"3 Cultists","ascension_level":0,"is_trial":false}