{"path_per_floor":["M","M","M","M","$","R","?","R","T","?","R","E","R","T","R","B",null,"M","?","$","?","?","R","$","R","T","M","M","R","M","T","R","B",null,"M","$","M","?","M","M","R","M","T","?","?","R","E","M","R","B"],"character_chosen":"THE_SILENT","items_purchased":["Finesse","Sundial","Finesse","Backflip"],"gold_per_floor":[117,135,145,164,89,89,164,164,187,362,362,388,388,388,388,485,485,503,503,118,118,118,118,24,24,24,41,58,58,77,77,77,176,176,187,65,78,78,91,108,108,125,125,125,125,125,153,164,164,164],"floor_reached":51,"campfire_rested":1,"playtime":3179,"current_hp_per_floor":[62,52,45,41,41,41,30,30,30,30,30,11,29,29,29,23,53,44,44,44,44,44,44,44,44,44,44,41,41,41,41,41,41,58,53,53,53,53,53,53,53,53,53,43,43,43,43,43,43,28],"items_purged":["Defend_G","Tools of the Trade"],"gold":164,"play_id":"1d2206f1-033e-40be-b580-5025b1eacf1e","is_prod":false,"is_daily":false,"is_ascension_mode":true,"campfire_upgraded":8,"path_taken":["M","?","M","M","$","R","?","R","T","?","R","E","R","?","R","BOSS","M","?","$","?","?","R","$","R","T","M","M","R","?","?","R","BOSS","M","$","?","?","M","?","R","M","T","?","?","R","E","M","R","BOSS"],"build_version":"2018-02-01-PROD3","purchased_purges":3,"victory":true,"master_deck":["Survivor+1","Neutralize+1","Caltrops+1","Calculated Gamble+1","Die Die Die","Well Laid Plans","Underhanded Strike","Dagger Throw+1","Finesse+1","Finesse","Acrobatics","After Image","Backflip","Madness+1","Madness+1"],"max_hp_per_floor":[63,63,63,63,63,63,63,63,63,63,63,63,63,63,63,63,63,63,63,63,63,63,63,63,63,63,63,63,63,63,63,63,63,63,63,63,63,63,63,63,63,63,63,63,63,63,63,63,63,63],"relics":["Ring of the Snake","Omamori","Mercury Hourglass","Happy Flower","Pandora\u0027s Box","Sundial","Letter Opener","Peace Pipe","Tingsha","Lizard Tail","Ice Cream","Matryoshka"],"card_choices":[{"not_picked":["PiercingWail","Poisoned Stab"],"picked":"Caltrops"},{"not_picked":["Cloak And Dagger","Outmaneuver"],"picked":"Calculated Gamble"},{"not_picked":["PiercingWail","Outmaneuver"],"picked":"Die Die Die"},{"not_picked":["Phantasmal Killer","Doppelganger"],"picked":"Tools of the Trade"},{"not_picked":["Dagger Spray","Concentrate"],"picked":"Acrobatics"},{"not_picked":["Burst","Tactician"],"picked":"After Image"},{"not_picked":["Accuracy","Quick Slash"],"picked":"Calculated Gamble"}],"player_experience":278460,"potions_floor_usage":[12],"damage_taken":[{"damage":1,"enemies":"Blue Slaver","floor":1,"turns":6},{"damage":10,"enemies":"Jaw Worm","floor":2,"turns":6},{"damage":7,"enemies":"2 Louse","floor":3,"turns":3},{"damage":4,"enemies":"2 Fungi Beasts","floor":4,"turns":4},{"damage":19,"enemies":"Lagavulin","floor":12,"turns":8},{"damage":6,"enemies":"The Guardian","floor":16,"turns":13},{"damage":9,"enemies":"Chosen","floor":18,"turns":3},{"damage":0,"enemies":"Shell Parasite","floor":27,"turns":3},{"damage":3,"enemies":"Snecko","floor":28,"turns":4},{"damage":0,"enemies":"3 Cultists","floor":30,"turns":3},{"damage":0,"enemies":"Collector","floor":33,"turns":2},{"damage":5,"enemies":"Orb Walker","floor":35,"turns":2},{"damage":0,"enemies":"3 Shapes","floor":37,"turns":2},{"damage":0,"enemies":"Maw","floor":39,"turns":2},{"damage":0,"enemies":"4 Shapes","floor":40,"turns":2},{"damage":0,"enemies":"3 Darklings","floor":42,"turns":2},{"damage":0,"enemies":"2 Orb Walkers","floor":47,"turns":2},{"damage":0,"enemies":"Maw","floor":48,"turns":2},{"damage":15,"enemies":"Time Eater","floor":50,"turns":5}],"event_choices":[{"event_name":"World of Goop","player_choice":"Gather Gold","floor":7,"damage_taken":0},{"event_name":"Liars Game","player_choice":"agreed","floor":10,"damage_taken":0},{"event_name":"Forgotten Altar","player_choice":"Smashed Altar","floor":19,"damage_taken":0},{"event_name":"Back to Basics","player_choice":"Elegance","floor":21,"damage_taken":0},{"event_name":"The Mausoleum","player_choice":"Yes","floor":22,"damage_taken":0},{"event_name":"Mysterious Sphere","player_choice":"Ignore","floor":38,"damage_taken":0},{"event_name":"Winding Halls","player_choice":"Embrace Madness","floor":44,"damage_taken":0}],"boss_relics":[{"not_picked":["Tiny House","Snecko Eye"],"picked":"Pandora\u0027s Box"},{"not_picked":["Runic Pyramid","Calling Bell"],"picked":"Lizard Tail"}],"potions_floor_spawned":[2,16,18,28,35,47],"seed_played":"-5843753477568399029","ascension_level":5,"is_trial":false}