{"path_per_floor":["M","?","M","M","T","R","E","R","T","M","M","M","?","?","R","B",null,"M","$","?","M","M","R","M","R","T","$","$","M","?","M","R"],"character_chosen":"THE_SILENT","items_purchased":["Mercury Hourglass","Bag of Marbles","Slice","Footwork"],"gold_per_floor":[99,99,115,131,131,131,162,162,162,175,191,211,286,339,339,442,442,454,22,22,39,59,59,79,79,102,21,21,32,32,44,44],"floor_reached":33,"campfire_rested":4,"playtime":1874,"current_hp_per_floor":[69,69,69,69,69,69,69,69,69,69,69,57,46,46,70,21,70,53,53,53,36,36,70,43,70,70,70,70,67,67,56,70],"items_purged":[],"gold":44,"play_id":"527c55c2-c3a1-468b-94e0-a13859e1c83a","is_prod":false,"is_daily":false,"is_ascension_mode":false,"campfire_upgraded":2,"path_taken":["M","?","M","M","?","R","E","R","T","?","M","M","?","?","R","BOSS","M","$","?","M","M","R","M","R","T","?","$","M","?","?","R","BOSS"],"build_version":"2018-01-25-PROD3","purchased_purges":0,"victory":false,"master_deck":["Defend_G","Defend_G","Defend_G","Defend_G","Strike_G","Strike_G","Strike_G","Strike_G","Survivor","Neutralize+1","Terror","All Out Attack+1","Poisoned Stab+1","Skewer","Outmaneuver","Cloak And Dagger","Blade Dance","A Thousand Cuts","Noxious Fumes","Slice","Backflip+1","Deflect+1","Prepared+1","Footwork","Poisoned Stab","Accuracy"],"max_hp_per_floor":[70,70,70,70,70,70,70,70,70,70,70,70,70,70,70,70,70,70,70,70,70,70,70,70,70,70,70,70,70,70,70,70],"relics":["Ring of the Snake","Gambling Chip","Regal Pillow","Ginger","Philosopher\u0027s Stone","Mercury Hourglass","Bag of Marbles","Bag of Preparation"],"card_choices":[{"not_picked":["Bane","Prepared"],"picked":"All Out Attack"},{"not_picked":["Catalyst","Deflect"],"picked":"Poisoned Stab"},{"not_picked":["PiercingWail","Choke"],"picked":"Skewer"},{"not_picked":["Dagger Spray","Corpse Explosion"],"picked":"Outmaneuver"},{"not_picked":["Poisoned Stab","Escape Plan"],"picked":"Cloak And Dagger"},{"not_picked":["Acrobatics","Underhanded Strike"],"picked":"Blade Dance"},{"not_picked":["Storm of Steel","Wraith Form"],"picked":"A Thousand Cuts"},{"not_picked":["Finisher","Terror"],"picked":"Noxious Fumes"},{"not_picked":["Bane","Outmaneuver"],"picked":"Backflip"},{"not_picked":["Flying Knee","Reflex"],"picked":"Deflect"},{"not_picked":["Bane","Terror"],"picked":"Prepared"},{"not_picked":["Deadly Poison","Catalyst"],"picked":"Poisoned Stab"},{"not_picked":["Prepared","Slice"],"picked":"Accuracy"}],"player_experience":85284,"potions_floor_usage":[33,33],"damage_taken":[{"damage":1.0,"enemies":"Cultist","floor":1.0,"turns":4.0},{"damage":0.0,"enemies":"Blue Slaver","floor":3.0,"turns":6.0},{"damage":0.0,"enemies":"Jaw Worm","floor":4.0,"turns":4.0},{"damage":0.0,"enemies":"Gremlin Nob","floor":7.0,"turns":3.0},{"damage":0.0,"enemies":"3 Louse","floor":10.0,"turns":1.0},{"damage":0.0,"enemies":"2 Fungi Beasts","floor":11.0,"turns":2.0},{"damage":12.0,"enemies":"Large Slime","floor":12.0,"turns":5.0},{"damage":49.0,"enemies":"The Guardian","floor":16.0,"turns":9.0},{"damage":17.0,"enemies":"Chosen","floor":18.0,"turns":4.0},{"damage":17.0,"enemies":"2 Thieves","floor":21.0,"turns":3.0},{"damage":0.0,"enemies":"Snecko","floor":22.0,"turns":4.0},{"damage":27,"enemies":"Centurion and Healer","floor":24,"turns":4},{"damage":3,"enemies":"Snake Plant","floor":29,"turns":4},{"damage":11,"enemies":"Snecko","floor":31,"turns":6},{"damage":73,"enemies":"Automaton","floor":33,"turns":8}],"event_choices":[{"event_name":"Living Wall","player_choice":"Grow","floor":2.0,"damage_taken":0.0},{"event_name":"World of Goop","player_choice":"Gather Gold","floor":13.0,"damage_taken":0.0},{"event_name":"Golden Wing","player_choice":"Gained Gold","floor":14.0,"damage_taken":0.0},{"event_name":"Bonfire Elementals","player_choice":"BASIC","floor":20.0,"damage_taken":0.0},{"event_name":"Vampires","player_choice":"Ignored","floor":30,"damage_taken":0}],"boss_relics":[],"potions_floor_spawned":[1,7,11,12,16,24,29,31],"seed_played":"3809839515887135062","killed_by":"Automaton","ascension_level":0,"is_trial":false}