{"path_per_floor":["M","M","$","M","?","E","R","E","T","R","E","?","M","E","R"],"character_chosen":"THE_SILENT","items_purchased":["Footwork"],"gold_per_floor":[112,130,56,69,244,275,275,302,325,325,351,417,433,460,460],"floor_reached":16,"campfire_rested":2,"playtime":1551,"current_hp_per_floor":[66,59,59,59,59,62,62,30,30,51,54,54,51,7,28],"items_purged":[],"gold":460,"play_id":"d675454d-031c-48a0-934a-60d8a5fde0ff","is_prod":false,"is_daily":false,"is_ascension_mode":true,"campfire_upgraded":1,"path_taken":["M","M","$","?","?","E","R","E","T","R","E","?","M","E","R","BOSS"],"build_version":"2018-01-25-PROD3","purchased_purges":0,"victory":false,"master_deck":["Defend_G","Defend_G","Defend_G","Defend_G","Defend_G","Strike_G","Strike_G","Strike_G","Strike_G","Strike_G","Survivor","Neutralize","Backflip","Blur","Footwork+1","Dash","Doubt","Prepared","Distraction","Prepared","Flechettes","Flying Knee"],"max_hp_per_floor":[70,70,70,70,70,70,70,70,70,70,70,70,70,70,70],"relics":["White Beast Statue","Paper Crane","Singing Bowl","Omamori","Bird Faced Urn","Ginger"],"card_choices":[{"not_picked":["Eviscerate","Quick Slash"],"picked":"Backflip"},{"not_picked":["Prepared","Underhanded Strike"],"picked":"Blur"},{"not_picked":["Sucker Punch","Caltrops"],"picked":"Dash"},{"not_picked":["Sucker Punch","Doppelganger"],"picked":"Prepared"},{"not_picked":["Setup","Slice"],"picked":"Distraction"},{"not_picked":["Acrobatics","Dodge and Roll"],"picked":"Prepared"},{"not_picked":["Dagger Spray","Slice"],"picked":"Flechettes"},{"not_picked":["Slice","Prepared"],"picked":"Flying Knee"}],"player_experience":165362,"potions_floor_usage":[6,6,6,11,11,16],"damage_taken":[{"damage":4,"enemies":"Blue Slaver","floor":1,"turns":5},{"damage":7,"enemies":"Small Slimes","floor":2,"turns":6},{"damage":0,"enemies":"2 Louse","floor":4,"turns":5},{"damage":12,"enemies":"3 Sentries","floor":6,"turns":14},{"damage":32,"enemies":"Gremlin Nob","floor":8,"turns":9},{"damage":12,"enemies":"3 Sentries","floor":11,"turns":17},{"damage":5,"enemies":"2 Fungi Beasts","floor":13,"turns":7},{"damage":46,"enemies":"Gremlin Nob","floor":14,"turns":8},{"damage":35,"enemies":"Hexaghost","floor":16,"turns":16}],"event_choices":[{"event_name":"Liars Game","player_choice":"agreed","floor":5,"damage_taken":0},{"event_name":"Golden Wing","player_choice":"Gained Gold","floor":12,"damage_taken":0}],"boss_relics":[],"potions_floor_spawned":[1,2,4,6,8,11,13,14],"seed_played":"7696664133949909284","killed_by":"Hexaghost","ascension_level":2,"is_trial":false}