{"path_per_floor":["M","?","?","M","M","R","E","M","T","R","M","M","?","M","R","B",null,"M","?","$","M"],"character_chosen":"THE_SILENT","items_purchased":["Letter Opener","Footwork","Dash","Outmaneuver"],"gold_per_floor":[118,118,118,136,156,156,186,204,230,230,246,258,333,350,350,447,447,460,460,13,25],"floor_reached":22,"campfire_rested":2,"playtime":2053,"current_hp_per_floor":[65,62,62,62,62,62,23,37,37,58,54,51,40,37,58,14,70,34,34,34,21],"items_purged":[],"gold":25,"play_id":"c1bc935a-ea79-4d71-b2ee-b1a32a9cf69d","is_prod":false,"is_daily":false,"is_ascension_mode":false,"campfire_upgraded":1,"path_taken":["M","?","?","M","M","R","E","M","T","R","M","?","?","M","R","BOSS","M","?","$","M","?"],"build_version":"2018-01-25-PROD3","purchased_purges":0,"victory":false,"master_deck":["Defend_G+1","Defend_G","Defend_G","Defend_G+1","Strike_G","Strike_G","Strike_G","Strike_G","Survivor","Neutralize","Well Laid Plans","Backflip","Masterful Stab","Cloak And Dagger+1","Deadly Poison","Sucker Punch","Blur","Footwork","Calculated Gamble","Footwork","After Image","Dagger Spray","Footwork","Dash","Outmaneuver","Quick Slash"],"max_hp_per_floor":[70,70,70,70,70,70,70,70,70,70,70,70,70,70,70,70,70,70,70,70,70],"relics":["Ring of the Snake","Prayer Wheel","War Paint","Pantograph","Omamori","White Beast Statue","Letter Opener"],"card_choices":[{"not_picked":["Sucker Punch","Dodge and Roll"],"picked":"Well Laid Plans"},{"not_picked":["Dodge and Roll","PiercingWail"],"picked":"Masterful Stab"},{"not_picked":["Backflip","Deadly Poison"],"picked":"Cloak And Dagger"},{"not_picked":["Backflip","Corpse Explosion"],"picked":"Deadly Poison"},{"not_picked":["Dodge and Roll","Acrobatics"],"picked":"Sucker Punch"},{"not_picked":["Underhanded Strike","Deflect"],"picked":"Blur"},{"not_picked":["Leg Sweep","Dagger Spray"],"picked":"Footwork"},{"not_picked":["Dagger Throw","Acrobatics"],"picked":"Calculated Gamble"},{"not_picked":["Blur","Eviscerate"],"picked":"Footwork"},{"not_picked":["Corpse Explosion","Wraith Form"],"picked":"After Image"},{"not_picked":["Acrobatics","Well Laid Plans"],"picked":"Dagger Spray"},{"not_picked":["Dodge and Roll","Underhanded Strike"],"picked":"Quick Slash"}],"player_experience":78943,"potions_floor_usage":[],"damage_taken":[{"damage":5.0,"enemies":"Small Slimes","floor":1.0,"turns":3.0},{"damage":0.0,"enemies":"Jaw Worm","floor":4.0,"turns":5.0},{"damage":0.0,"enemies":"2 Louse","floor":5.0,"turns":3.0},{"damage":39.0,"enemies":"Lagavulin","floor":7.0,"turns":13.0},{"damage":1.0,"enemies":"Large Slime","floor":8.0,"turns":8.0},{"damage":4.0,"enemies":"Gremlin Gang","floor":11.0,"turns":7.0},{"damage":3.0,"enemies":"2 Fungi Beasts","floor":12.0,"turns":5.0},{"damage":3.0,"enemies":"Looter","floor":14.0,"turns":3.0},{"damage":56.0,"enemies":"Hexaghost","floor":16.0,"turns":20.0},{"damage":36,"enemies":"Chosen","floor":18,"turns":10},{"damage":13,"enemies":"3 Byrds","floor":21,"turns":7},{"damage":28,"enemies":"Snecko","floor":22,"turns":5}],"event_choices":[{"event_name":"Scrap Ooze","player_choice":"success","floor":2.0,"damage_taken":3.0},{"event_name":"Living Wall","player_choice":"Change","floor":3.0,"damage_taken":0.0},{"event_name":"World of Goop","player_choice":"Gather Gold","floor":13.0,"damage_taken":0.0},{"event_name":"Wheel of Change","player_choice":"Card Removal","floor":19,"damage_taken":0}],"boss_relics":[{"not_picked":["Runic Pyramid","Question Card"],"picked":"White Beast Statue"}],"potions_floor_spawned":[1,8,11,16,18,21],"seed_played":"-8671974935783353078","killed_by":"Snecko","ascension_level":0,"is_trial":false}