{"path_per_floor":["M","$","?","?","M","E","M","M","T","?","M","E","M","M","R","B",null,"M","M","M"],"character_chosen":"THE_SILENT","items_purchased":[],"gold_per_floor":[110,110,185,185,205,238,258,273,323,288,307,348,336,352,352,483,483,501,517,536],"floor_reached":21,"campfire_rested":1,"playtime":1484,"current_hp_per_floor":[70,70,59,59,59,58,60,38,38,55,57,49,39,24,45,29,70,48,21,10],"items_purged":[],"gold":536,"play_id":"bf18bc98-89f7-4b22-8ef9-d7a3b98aa3dc","is_prod":false,"is_daily":false,"is_ascension_mode":false,"campfire_upgraded":0,"path_taken":["M","$","?","?","M","E","?","M","T","?","M","E","M","M","R","BOSS","M","M","M","M"],"build_version":"2018-02-01-PROD3","purchased_purges":0,"victory":false,"master_deck":["Defend_G+1","Defend_G+1","Defend_G","Defend_G","Strike_G","Strike_G","Strike_G","Survivor","Neutralize","Dagger Spray","Injury","Footwork","Well Laid Plans","Distraction","Noxious Fumes","Bane","Doppelganger","Distraction","Skewer","Die Die Die","Predator+1","Escape Plan+1","Choke+1","Backflip+1","Sucker Punch+1","Dash"],"max_hp_per_floor":[70,70,70,70,70,70,70,70,70,70,70,70,70,70,70,70,70,70,70,70],"relics":["Ring of the Snake","NeowsBlessing","Golden Idol","Blood Vial","War Paint","Ginger","Astrolabe"],"card_choices":[{"not_picked":["Cloak And Dagger","Quick Slash"],"picked":"Dagger Spray"},{"not_picked":["PiercingWail","Poisoned Stab"],"picked":"Footwork"},{"not_picked":["Prepared","Reflex"],"picked":"Well Laid Plans"},{"not_picked":["Prepared","Poisoned Stab"],"picked":"Distraction"},{"not_picked":["Dodge and Roll","Flechettes"],"picked":"Noxious Fumes"},{"not_picked":["Cloak And Dagger","Outmaneuver"],"picked":"Bane"},{"not_picked":["Reflex","Dodge and Roll"],"picked":"Doppelganger"},{"not_picked":["Prepared","Poisoned Stab"],"picked":"Distraction"},{"not_picked":["Sucker Punch","Quick Slash"],"picked":"Skewer"},{"not_picked":["Storm of Steel","Corpse Explosion"],"picked":"Die Die Die"},{"not_picked":["Deflect","Backstab"],"picked":"Backflip"},{"not_picked":["Dagger Spray","Underhanded Strike"],"picked":"Sucker Punch"},{"not_picked":["Slice","Sucker Punch"],"picked":"Dash"}],"player_experience":109693,"potions_floor_usage":[8,11,14,16,18,20,21],"damage_taken":[{"damage":0,"enemies":"2 Louse","floor":1,"turns":1},{"damage":0,"enemies":"Small Slimes","floor":5,"turns":1},{"damage":1,"enemies":"3 Sentries","floor":6,"turns":2},{"damage":0,"enemies":"Cultist","floor":7,"turns":4},{"damage":24,"enemies":"Large Slime","floor":8,"turns":6},{"damage":0,"enemies":"Lots of Slimes","floor":11,"turns":1},{"damage":10,"enemies":"Lagavulin","floor":12,"turns":8},{"damage":12,"enemies":"Exordium Thugs","floor":13,"turns":5},{"damage":17,"enemies":"Large Slime","floor":14,"turns":6},{"damage":18,"enemies":"The Guardian","floor":16,"turns":14},{"damage":22,"enemies":"2 Thieves","floor":18,"turns":3},{"damage":29,"enemies":"Shell Parasite","floor":19,"turns":6},{"damage":13,"enemies":"Cultist and Chosen","floor":20,"turns":6},{"damage":12,"enemies":"Snake Plant","floor":21,"turns":3}],"event_choices":[{"event_name":"World of Goop","player_choice":"Gather Gold","floor":3,"damage_taken":0},{"event_name":"Golden Idol","player_choice":"Take Wound","floor":4,"damage_taken":0},{"event_name":"The Cleric","player_choice":"Healed","floor":10,"damage_taken":0}],"boss_relics":[{"not_picked":["Ectoplasm","Calling Bell"],"picked":"Astrolabe"}],"potions_floor_spawned":[6,8,11,13,14,16,19],"seed_played":"-1691866115455397524","killed_by":"Snake Plant","ascension_level":0,"is_trial":false}