{"path_per_floor":["M","$","M","?","$","E","R","$","T","?","R","M","R","M","R","B",null,"M","M","?","$","M","R","M","$","T","$","?","?","E","M","R","B",null,"M","M","$","M","$","R","E","M","T","?","?","R","$","E","R","B"],"character_chosen":"THE_SILENT","items_purchased":["Dagger Throw","Noxious Fumes","Noxious Fumes","Tough Bandages","Prepared","Catalyst","Footwork"],"gold_per_floor":[115,70,90,90,15,46,46,46,116,191,191,205,205,225,225,325,325,343,354,354,24,44,44,62,17,64,64,64,64,96,107,107,209,209,225,244,94,110,34,34,59,79,103,103,156,156,56,84,84,84],"floor_reached":51,"campfire_rested":0,"playtime":4502,"current_hp_per_floor":[67,67,67,67,67,46,46,46,46,35,35,37,37,37,37,36,70,70,70,54,54,56,56,58,58,58,58,58,58,60,62,62,64,70,62,64,64,64,64,64,66,68,68,58,53,53,53,70,70,62],"items_purged":["Defend_G","Doubt"],"gold":84,"play_id":"50e3af9a-63be-4241-8393-4366f2ec94ad","is_prod":false,"is_daily":false,"is_ascension_mode":false,"campfire_upgraded":9,"path_taken":["M","$","M","?","?","E","R","$","T","?","R","M","R","M","R","BOSS","M","M","?","$","M","R","M","$","T","?","?","?","E","M","R","BOSS","M","M","$","M","$","R","E","?","T","?","?","R","$","E","R","BOSS"],"build_version":"2018-01-25-PROD3","purchased_purges":2,"victory":true,"master_deck":["Defend_G","Defend_G","Defend_G","Defend_G","Strike_G","Survivor+1","Neutralize+1","Quick Slash","Dagger Throw","Catalyst+1","Noxious Fumes+1","Catalyst+1","Well Laid Plans","After Image+1","Reflex+1","Heel Hook+1","Blur+1","Backflip+1","Noxious Fumes","Well Laid Plans","Prepared+1","Calculated Gamble+1","Footwork+1","Tactician+1","Footwork+1","Prepared","Catalyst+1","Footwork+1","Footwork+1","Madness","Madness"],"max_hp_per_floor":[70,70,70,70,70,70,70,70,70,70,70,70,70,70,70,70,70,70,70,70,70,70,70,70,70,70,70,70,70,70,70,70,70,70,70,70,70,70,70,70,70,70,70,70,70,70,70,70,70,70],"relics":["Ring of the Snake","Blood Vial","Mercury Hourglass","Astrolabe","Enchiridion","Tough Bandages","Toxic Egg","Gambling Chip","Cursed Key","Gremlin Horn","Juzu Bracelet","Bird Faced Urn","Frozen Egg"],"card_choices":[{"not_picked":["Deadly Poison","Slice"],"picked":"Quick Slash"},{"not_picked":["Poisoned Stab","Malaise"],"picked":"Catalyst"},{"not_picked":["Outmaneuver","Masterful Stab"],"picked":"Catalyst"},{"not_picked":["Deflect","Crippling Poison"],"picked":"Well Laid Plans"},{"not_picked":["Corpse Explosion","Wraith Form"],"picked":"After Image"},{"not_picked":["Crippling Poison","Dagger Throw"],"picked":"Backflip"},{"not_picked":["Quick Slash","Bane"],"picked":"Well Laid Plans"},{"not_picked":["Sucker Punch","Eviscerate"],"picked":"Calculated Gamble"},{"not_picked":["Quick Slash","Deflect"],"picked":"Footwork"},{"not_picked":["Phantasmal Killer","Doppelganger"],"picked":"Tactician"},{"not_picked":["Flying Knee","All Out Attack"],"picked":"Footwork"},{"not_picked":["Sucker Punch","Slice"],"picked":"Prepared"},{"not_picked":["Quick Slash","Dodge and Roll"],"picked":"Footwork"}],"player_experience":54977,"potions_floor_usage":[16,45,50,50,50],"damage_taken":[{"damage":3,"enemies":"Small Slimes","floor":1,"turns":5},{"damage":0,"enemies":"Blue Slaver","floor":3,"turns":4},{"damage":21,"enemies":"Lagavulin","floor":6,"turns":10},{"damage":0,"enemies":"Cultist","floor":12,"turns":3},{"damage":2,"enemies":"Looter","floor":14,"turns":3},{"damage":3,"enemies":"Hexaghost","floor":16,"turns":4},{"damage":0,"enemies":"3 Byrds","floor":18,"turns":4},{"damage":0,"enemies":"Chosen","floor":19,"turns":4},{"damage":0,"enemies":"Snake Plant","floor":22,"turns":3},{"damage":0,"enemies":"Centurion and Healer","floor":24,"turns":5},{"damage":0,"enemies":"Book of Stabbing","floor":30,"turns":5},{"damage":0,"enemies":"Chosen and Byrds","floor":31,"turns":4},{"damage":0,"enemies":"Collector","floor":33,"turns":6},{"damage":8,"enemies":"Orb Walker","floor":35,"turns":4},{"damage":0,"enemies":"3 Shapes","floor":36,"turns":5},{"damage":2,"enemies":"Maw","floor":38,"turns":5},{"damage":0,"enemies":"Giant Head","floor":41,"turns":6},{"damage":0,"enemies":"3 Darklings","floor":42,"turns":5},{"damage":7,"enemies":"Mysterious Sphere","floor":45,"turns":4},{"damage":0,"enemies":"Nemesis","floor":48,"turns":7},{"damage":18,"enemies":"Donu and Deca","floor":50,"turns":9}],"event_choices":[{"event_name":"Upgrade Shrine","player_choice":"Upgraded","floor":4,"damage_taken":0},{"event_name":"World of Goop","player_choice":"Gather Gold","floor":10,"damage_taken":0},{"event_name":"Cursed Tome","player_choice":"Obtained Book","floor":20,"damage_taken":0},{"event_name":"Vampires","player_choice":"Ignored","floor":28,"damage_taken":0},{"event_name":"Beggar","player_choice":"Ignored","floor":29,"damage_taken":0},{"event_name":"Winding Halls","player_choice":"Embrace Madness","floor":44,"damage_taken":0},{"event_name":"Mysterious Sphere","player_choice":"Fight","floor":45,"damage_taken":0}],"boss_relics":[{"not_picked":["Lizard Tail","Runic Pyramid"],"picked":"Astrolabe"},{"not_picked":["The Specimen","Orrery"],"picked":"Cursed Key"}],"potions_floor_spawned":[3,22,24,30,33,36,38,45],"seed_played":"8235634355429362038","ascension_level":0,"is_trial":false}