{"path_per_floor":["M","M","?","?","?","R","E","R","T","M","R","M","T","$","R","B",null,"M","$","?","?","?","R","M","R","T","R","M","E","M","?","R","B",null,"M","M","?","M","?","R"],"character_chosen":"THE_SILENT","items_purchased":["Deadly Poison","Catalyst","Caltrops","Shuriken"],"gold_per_floor":[119,135,210,210,210,210,244,244,271,287,287,298,322,156,156,258,258,278,20,20,20,20,20,35,35,61,61,76,107,119,119,119,224,224,236,246,246,259,0,0],"floor_reached":41,"campfire_rested":5,"playtime":2510,"current_hp_per_floor":[70,70,59,59,59,70,35,56,56,52,70,68,68,68,68,15,70,39,39,23,70,70,70,60,60,60,60,51,19,2,25,46,6,70,64,51,51,21,21,42],"items_purged":[],"gold":0,"play_id":"818b0237-2522-49ab-a893-153c8dd5253f","is_prod":false,"is_daily":false,"is_ascension_mode":false,"campfire_upgraded":4,"path_taken":["M","M","?","?","?","R","E","R","T","M","R","M","?","?","R","BOSS","M","$","?","?","?","R","?","R","T","R","M","E","M","?","R","BOSS","M","M","?","M","?","R","E"],"build_version":"2018-01-25-PROD3","purchased_purges":0,"victory":false,"master_deck":["Defend_G","Defend_G","Defend_G","Defend_G","Strike_G","Survivor","Neutralize","Outmaneuver+1","Malaise","Caltrops+1","Corpse Explosion","Predator","Dagger Spray+1","Deadly Poison","Catalyst+1","Caltrops+1","Die Die Die","Heel Hook+1","Blade Dance+1","Dodge and Roll+1","Sucker Punch","Escape Plan+1","Cloak And Dagger","Cloak And Dagger+1","Blur+1","Envenom","Flechettes","Skewer+1","Deadly Poison+1"],"max_hp_per_floor":[70,70,70,70,70,70,70,70,70,70,70,70,70,70,70,70,70,70,70,70,70,70,70,70,70,70,70,70,70,70,70,70,70,70,70,70,70,70,70,70],"relics":["Ring of the Snake","Snake Skull","Anchor","Toxic Egg","Astrolabe","Shuriken","Enchiridion","Bag of Preparation","Girya","Question Card","Red Mask"],"card_choices":[{"not_picked":["Backstab","Backflip"],"picked":"Outmaneuver"},{"not_picked":["Calculated Gamble","Deflect"],"picked":"Malaise"},{"not_picked":["Calculated Gamble","Prepared"],"picked":"Caltrops"},{"not_picked":["Flying Knee","Sucker Punch"],"picked":"Predator"},{"not_picked":["Choke","Skewer"],"picked":"Footwork"},{"not_picked":["Deflect","Masterful Stab"],"picked":"Dagger Spray"},{"not_picked":["Tools of the Trade","Doppelganger"],"picked":"Die Die Die"},{"not_picked":["Masterful Stab","Dagger Throw"],"picked":"Sucker Punch"},{"not_picked":["PiercingWail","Malaise"],"picked":"Escape Plan"},{"not_picked":["Choke","Predator"],"picked":"Cloak And Dagger"},{"not_picked":["Prepared","Endless Agony"],"picked":"Cloak And Dagger"},{"not_picked":["Footwork","Deflect"],"picked":"Blur"},{"not_picked":["Glass Knife","Tools of the Trade"],"picked":"Envenom"},{"not_picked":["Dagger Spray","Dodge and Roll","Prepared"],"picked":"Flechettes"},{"not_picked":["Escape Plan","Malaise","Reflex"],"picked":"Skewer"},{"not_picked":["Dodge and Roll","Bane","Malaise"],"picked":"Deadly Poison"}],"player_experience":80996,"potions_floor_usage":[7,16,24,30,36,41,41],"damage_taken":[{"damage":0,"enemies":"Cultist","floor":1,"turns":4},{"damage":0,"enemies":"2 Louse","floor":2,"turns":3},{"damage":35,"enemies":"3 Sentries","floor":7,"turns":10},{"damage":4,"enemies":"Jaw Worm","floor":10,"turns":4},{"damage":2,"enemies":"3 Louse","floor":12,"turns":4},{"damage":53,"enemies":"Slime Boss","floor":16,"turns":11},{"damage":31,"enemies":"Spheric Guardian","floor":18,"turns":8},{"damage":10,"enemies":"2 Thieves","floor":24,"turns":4},{"damage":9,"enemies":"Snake Plant","floor":28,"turns":3},{"damage":32,"enemies":"Slavers","floor":29,"turns":4},{"damage":17,"enemies":"Centurion and Healer","floor":30,"turns":6},{"damage":40,"enemies":"Collector","floor":33,"turns":12},{"damage":6,"enemies":"Orb Walker","floor":35,"turns":4},{"damage":13,"enemies":"3 Shapes","floor":36,"turns":7},{"damage":30,"enemies":"3 Darklings","floor":38,"turns":4},{"damage":50,"enemies":"2 Orb Walkers","floor":41,"turns":4}],"event_choices":[{"event_name":"World of Goop","player_choice":"Gather Gold","floor":3,"damage_taken":0},{"event_name":"Living Wall","player_choice":"Change","floor":4,"damage_taken":0},{"event_name":"Liars Game","player_choice":"disagreed","floor":5,"damage_taken":0},{"event_name":"Cursed Tome","player_choice":"Obtained Book","floor":20,"damage_taken":0},{"event_name":"Bonfire Elementals","player_choice":"UNCOMMON","floor":21,"damage_taken":0},{"event_name":"Drug Dealer","player_choice":"Ignored","floor":22,"damage_taken":0},{"event_name":"The Library","player_choice":"Heal","floor":31,"damage_taken":0},{"event_name":"Tomb of Lord Red Mask","player_choice":"Paid","floor":39,"damage_taken":0}],"boss_relics":[{"not_picked":["Calling Bell","Lizard Tail"],"picked":"Astrolabe"},{"not_picked":["Velvet Choker","Eternal Feather"],"picked":"Question Card"}],"potions_floor_spawned":[1,2,18,29,33,35,38],"seed_played":"-6136486207927008872","killed_by":"2 Orb Walkers","ascension_level":0,"is_trial":false}