{"path_per_floor":["M","?","M","M","M","R","?","M","T","R","$","M","M","M","R","B",null,"M","?","$","M","?","R","T","?","T","$","R","M","$","M","R","B",null,"M","$","M","T","M","R","M","R","T","R","M","?","$","M","R","B"],"character_chosen":"THE_SILENT","items_purchased":["Block Potion","Regen Potion","Noxious Fumes","Block Potion","Noxious Fumes","Caltrops","Outmaneuver","Footwork"],"gold_per_floor":[12,12,26,37,57,57,57,69,69,69,19,38,55,65,65,161,191,207,207,120,135,135,135,135,135,135,16,16,27,27,40,40,137,137,152,31,44,44,56,56,71,71,71,71,82,182,70,82,82,82],"floor_reached":51,"campfire_rested":5,"playtime":2515,"current_hp_per_floor":[70,70,70,63,46,67,67,67,67,67,67,67,67,67,67,39,75,63,63,63,75,75,75,75,75,75,75,75,75,75,75,75,75,75,75,75,68,68,49,71,44,66,66,75,49,49,49,49,71,33],"items_purged":["Regret"],"gold":82,"play_id":"724e565d-af1a-4888-b57f-cd10d8f416e8","is_prod":false,"is_daily":false,"is_ascension_mode":false,"campfire_upgraded":2,"path_taken":["M","?","?","M","M","R","?","M","T","R","?","M","?","M","R","BOSS","M","?","?","?","?","R","?","?","T","$","R","M","?","?","R","BOSS","M","?","M","?","M","R","M","R","T","R","?","?","$","M","R","BOSS"],"build_version":"2018-01-25-PROD3","purchased_purges":3,"victory":true,"master_deck":["Defend_G","Defend_G","Defend_G","Defend_G","Defend_G","Strike_G","Strike_G","Strike_G","Strike_G","Strike_G","Survivor","Neutralize","Blade Dance","Dagger Spray","Die Die Die","Skewer+1","Terror","Distraction","Malaise","Leg Sweep+1","Die Die Die","Flying Knee","Burst","Noxious Fumes","Deflect+1","Noxious Fumes","Caltrops+1","Backflip","A Thousand Cuts","Poisoned Stab","Caltrops","Outmaneuver","Dodge and Roll+1","Parasite","Quick Slash","Deflect","Acrobatics+1","Footwork","Caltrops"],"max_hp_per_floor":[70,70,70,70,70,70,70,70,70,70,70,70,70,70,70,70,75,75,75,75,75,75,75,75,75,75,75,75,75,75,75,75,75,75,75,75,75,75,75,75,75,75,75,75,75,75,75,75,75,75],"relics":["Ring of the Snake","Calipers","Dodecahedron","Girya","Tiny House","Bag of Marbles","Mercury Hourglass","Bird Faced Urn","Cursed Key","Unceasing Top","Ginger"],"card_choices":[{"not_picked":["Bane","Deadly Poison"],"picked":"Blade Dance"},{"not_picked":["PiercingWail","Outmaneuver"],"picked":"Dagger Spray"},{"not_picked":["Deflect","Dagger Throw"],"picked":"Die Die Die"},{"not_picked":["Bouncing Flask","All Out Attack"],"picked":"Skewer"},{"not_picked":["Heel Hook","Acrobatics"],"picked":"Terror"},{"not_picked":["Dagger Spray","Prepared"],"picked":"Distraction"},{"not_picked":["Distraction","Prepared"],"picked":"Malaise"},{"not_picked":["Acrobatics","Dagger Spray"],"picked":"Leg Sweep"},{"not_picked":["Venomology","Doppelganger"],"picked":"Die Die Die"},{"not_picked":["Bane","Dagger Spray"],"picked":"Flying Knee"},{"not_picked":["Dodge and Roll","Prepared"],"picked":"Burst"},{"not_picked":["Deadly Poison","Outmaneuver"],"picked":"Deflect"},{"not_picked":["Deflect","Dodge and Roll"],"picked":"Caltrops"},{"not_picked":["Reflex","Sucker Punch"],"picked":"Backflip"},{"not_picked":["Corpse Explosion","Unload"],"picked":"A Thousand Cuts"},{"not_picked":["Bane","PiercingWail"],"picked":"Poisoned Stab"},{"not_picked":["Underhanded Strike","Leg Sweep"],"picked":"Dodge and Roll"},{"not_picked":["Deadly Poison","Reflex"],"picked":"Quick Slash"},{"not_picked":["Bane","Dagger Spray"],"picked":"Deflect"},{"not_picked":["Dagger Spray","Prepared"],"picked":"Acrobatics"},{"not_picked":["Dodge and Roll","Deadly Poison"],"picked":"Caltrops"}],"player_experience":42846,"potions_floor_usage":[12,13,14,21,21,29,33,50,50,50],"damage_taken":[{"damage":0,"enemies":"Small Slimes","floor":1,"turns":3},{"damage":0,"enemies":"Blue Slaver","floor":3,"turns":5},{"damage":7,"enemies":"Jaw Worm","floor":4,"turns":4},{"damage":17,"enemies":"Gremlin Gang","floor":5,"turns":4},{"damage":0,"enemies":"2 Fungi Beasts","floor":8,"turns":2},{"damage":0,"enemies":"Exordium Thugs","floor":12,"turns":3},{"damage":0,"enemies":"Looter","floor":13,"turns":3},{"damage":0,"enemies":"Exordium Wildlife","floor":14,"turns":3},{"damage":28,"enemies":"The Guardian","floor":16,"turns":10},{"damage":12,"enemies":"Shell Parasite","floor":18,"turns":7},{"damage":0,"enemies":"Chosen","floor":21,"turns":5},{"damage":0,"enemies":"Snake Plant","floor":29,"turns":2},{"damage":1,"enemies":"3 Cultists","floor":31,"turns":4},{"damage":0,"enemies":"Champ","floor":33,"turns":11},{"damage":0,"enemies":"Orb Walker","floor":35,"turns":3},{"damage":9,"enemies":"3 Shapes","floor":37,"turns":1},{"damage":23,"enemies":"3 Darklings","floor":39,"turns":3},{"damage":33,"enemies":"Sphere and 2 Shapes","floor":41,"turns":4},{"damage":28,"enemies":"Maw","floor":45,"turns":5},{"damage":0,"enemies":"4 Shapes","floor":48,"turns":1},{"damage":79,"enemies":"Donu and Deca","floor":50,"turns":11}],"event_choices":[{"event_name":"Accursed Blacksmith","player_choice":"Rummage","floor":2,"damage_taken":0},{"event_name":"Living Wall","player_choice":"Forget","floor":7,"damage_taken":0},{"event_name":"Beggar","player_choice":"Ignored","floor":19,"damage_taken":0},{"event_name":"The Mausoleum","player_choice":"Yes","floor":22,"damage_taken":0},{"event_name":"Vampires","player_choice":"Ignored","floor":25,"damage_taken":0},{"event_name":"Golden Shrine","player_choice":"Pray","floor":46,"damage_taken":0}],"boss_relics":[{"not_picked":["Question Card","Velvet Choker"],"picked":"Tiny House"},{"not_picked":["Philosopher\u0027s Stone","Snecko Eye"],"picked":"Cursed Key"}],"potions_floor_spawned":[1,4,8,13,18,29,31,35,39,41,48],"seed_played":"-4518206990664900136","ascension_level":0,"is_trial":false}