{"path_per_floor":["M","M","M","?","?","E","?","R","T","$","E","$","E","?","R","B",null,"M","?","?","?","M","E","R","E","T"],"character_chosen":"THE_SILENT","items_purchased":["Caltrops","Cloak And Dagger"],"gold_per_floor":[116,131,144,144,144,170,170,170,170,20,63,37,72,247,247,373,373,373,373,373,373,313,313,313,313,313],"floor_reached":27,"campfire_rested":3,"playtime":1821,"current_hp_per_floor":[70,65,65,65,65,29,29,50,50,50,59,59,44,44,68,68,80,78,78,50,50,56,35,51,45,45],"items_purged":["Defend_G"],"gold":313,"play_id":"759ee094-a5d5-435c-b1e8-66f9f475190c","is_prod":false,"is_daily":false,"is_ascension_mode":true,"campfire_upgraded":0,"path_taken":["M","?","?","?","?","E","?","R","T","$","E","$","E","?","R","BOSS","M","?","?","?","M","E","R","E","T","E"],"build_version":"2018-01-25-PROD3","purchased_purges":1,"victory":false,"master_deck":["Defend_G","Defend_G","Defend_G","Defend_G","Survivor","Neutralize","Leg Sweep+1","Malaise+1","Infinite Blades+1","Calculated Gamble","Dagger Throw","Caltrops","Neutralize","After Image","Quick Slash","Injury","Caltrops","Accuracy","Cloak And Dagger","Acrobatics","Doubt","Adrenaline","Flying Knee","Writhe","Swift Strike","Trip","Deep Breath","Bite_G","Bite_G","Bite_G","Bite_G","Bite_G","Accuracy","Leg Sweep","Prepared"],"max_hp_per_floor":[70,70,70,70,70,70,70,70,70,70,80,80,80,80,80,80,80,80,80,80,56,56,56,56,56,56],"relics":["Astrolabe","Gremlin Horn","Mummified Hand","Golden Idol","Pen Nib","Pear","Art of War","Ectoplasm","Ancient Tea Set","Mercury Hourglass","Shuriken","Lantern"],"card_choices":[{"not_picked":["Grand Finale","Deflect"],"picked":"Calculated Gamble"},{"not_picked":["Distraction","Deflect"],"picked":"Dagger Throw"},{"not_picked":["Quick Slash","Deflect"],"picked":"Caltrops"},{"not_picked":["Terror","Bane"],"picked":"Quick Slash"},{"not_picked":["Dodge and Roll","Glass Knife"],"picked":"Accuracy"},{"not_picked":["Underhanded Strike","Distraction"],"picked":"Acrobatics"},{"not_picked":["Bullet Time","Phantasmal Killer"],"picked":"Adrenaline"},{"not_picked":["Deadly Poison","Acrobatics"],"picked":"Flying Knee"},{"not_picked":["PiercingWail","Backflip"],"picked":"Accuracy"},{"not_picked":["Grand Finale","Deadly Poison"],"picked":"Leg Sweep"},{"not_picked":["Deadly Poison","Outmaneuver"],"picked":"Prepared"}],"player_experience":152530,"potions_floor_usage":[16,25,25],"damage_taken":[{"damage":0,"enemies":"Blue Slaver","floor":1,"turns":7},{"damage":5,"enemies":"Jaw Worm","floor":2,"turns":7},{"damage":0,"enemies":"Small Slimes","floor":3,"turns":3},{"damage":36,"enemies":"Gremlin Nob","floor":6,"turns":6},{"damage":1,"enemies":"Lagavulin","floor":11,"turns":9},{"damage":15,"enemies":"Gremlin Nob","floor":13,"turns":5},{"damage":0,"enemies":"The Guardian","floor":16,"turns":9},{"damage":2,"enemies":"Chosen","floor":18,"turns":8},{"damage":0,"enemies":"2 Thieves","floor":22,"turns":4},{"damage":35,"enemies":"Gremlin Leader","floor":23,"turns":9},{"damage":13,"enemies":"Book of Stabbing","floor":25,"turns":4},{"damage":51,"enemies":"Slavers","floor":27,"turns":3}],"event_choices":[{"event_name":"Accursed Blacksmith","player_choice":"Rummage","floor":4,"damage_taken":0},{"event_name":"Match and Keep!","player_choice":"2 cards matched","floor":5,"damage_taken":0},{"event_name":"Golden Idol","player_choice":"Take Wound","floor":7,"damage_taken":0},{"event_name":"Liars Game","player_choice":"agreed","floor":14,"damage_taken":0},{"event_name":"The Mausoleum","player_choice":"Yes","floor":19,"damage_taken":0},{"event_name":"Knowing Skull","player_choice":"CARD CARD CARD ","floor":20,"damage_taken":0},{"event_name":"Vampires","player_choice":"Became a vampire","floor":21,"damage_taken":0}],"boss_relics":[{"not_picked":["Eternal Feather","Sozu"],"picked":"Ectoplasm"}],"potions_floor_spawned":[1,2,11,16,18],"seed_played":"-7422151524475772253","killed_by":"Slavers","ascension_level":1,"is_trial":false}