{"path_per_floor":["M","M","?","?","M","E","R","?","T","R","$","M","T","M","R","B",null,"M","M","T","?","?","R","E","R","T","?","$","M","E","M","R","B",null,"M","M","?","$","?","R","E","R","T","?","T","M","R","M","R","B"],"character_chosen":"THE_SILENT","items_purchased":["Footwork","Tactician","Backflip"],"gold_per_floor":[110,126,126,126,140,168,168,168,223,223,105,117,142,157,157,260,260,270,283,307,232,232,232,260,260,260,175,48,68,102,120,120,218,218,230,250,302,302,302,302,336,336,336,336,383,398,398,418,418,418],"floor_reached":51,"campfire_rested":1,"playtime":3439,"current_hp_per_floor":[58,54,47,47,43,12,32,25,25,25,25,36,36,36,36,18,55,54,67,67,67,67,67,39,39,39,49,49,48,45,47,47,26,64,58,60,63,63,63,63,65,65,65,70,70,70,70,72,72,35],"items_purged":["Strike_G"],"gold":418,"score":854,"play_id":"7ce3c70c-e523-4d77-9db2-db302958889f","is_prod":false,"is_daily":false,"is_ascension_mode":true,"campfire_upgraded":9,"path_taken":["M","M","?","?","M","E","R","?","T","R","$","M","?","M","R","BOSS","M","M","?","?","?","R","E","R","T","?","$","M","E","M","R","BOSS","M","M","?","$","?","R","E","R","T","?","?","?","R","M","R","BOSS"],"build_version":"2018-02-08-PROD1","purchased_purges":1,"victory":true,"master_deck":["Survivor","Neutralize+1","Predator+1","Expertise+1","Prepared","Acrobatics","Footwork+1","Noxious Fumes+1","Dash","Die Die Die","Deflect","Backflip","Outmaneuver","Deflect+1","Prepared","Skewer","Outmaneuver+1","Choke+1","Noxious Fumes+1","Tactician+1","Backflip","Tactician+1","Prepared+1","Malaise+1","Malaise+1"],"max_hp_per_floor":[67,67,67,67,67,67,67,67,67,67,67,67,67,67,67,67,67,67,67,67,67,67,67,67,67,67,77,77,77,77,77,77,77,77,77,77,91,91,91,91,91,91,91,91,91,91,91,91,91,91],"relics":["Ring of the Snake","Lantern","Smiling Mask","Tiny Chest","Happy Flower","Pandora\u0027s Box","Oddly Smooth Stone","War Paint","Meat on the Bone","Pear","Blood Vial","Sozu","Mango","Bottled Lightning","Mummified Hand","Prayer Wheel"],"card_choices":[{"not_picked":["Flying Knee","All Out Attack"],"picked":"Predator"},{"not_picked":["Bane","Backstab"],"picked":"Expertise"},{"not_picked":["Outmaneuver","Deadly Poison"],"picked":"Prepared"},{"not_picked":["Riddle With Holes","Quick Slash"],"picked":"Acrobatics"},{"not_picked":["Crippling Poison","Prepared"],"picked":"Noxious Fumes"},{"not_picked":["Backflip","Dagger Spray"],"picked":"Dash"},{"not_picked":["Storm of Steel","Unload"],"picked":"Die Die Die"},{"not_picked":["Expertise","Deadly Poison"],"picked":"Choke"},{"not_picked":["Dash","Noxious Fumes"],"picked":"Deflect"},{"not_picked":["Envenom","Die Die Die"],"picked":"Tactician"},{"not_picked":["Dagger Throw","Riddle With Holes"],"picked":"Prepared"},{"not_picked":["Backflip","Dagger Spray"],"picked":"Malaise"},{"not_picked":["Dash","Underhanded Strike"],"picked":"Malaise"}],"player_experience":326919,"potions_floor_usage":[12,19,24],"damage_taken":[{"damage":5,"enemies":"2 Louse","floor":1,"turns":3},{"damage":4,"enemies":"Small Slimes","floor":2,"turns":3},{"damage":4,"enemies":"Blue Slaver","floor":5,"turns":4},{"damage":31,"enemies":"3 Sentries","floor":6,"turns":11},{"damage":4,"enemies":"2 Fungi Beasts","floor":12,"turns":7},{"damage":0,"enemies":"Large Slime","floor":14,"turns":5},{"damage":18,"enemies":"Slime Boss","floor":16,"turns":10},{"damage":1,"enemies":"3 Byrds","floor":18,"turns":5},{"damage":0,"enemies":"Spheric Guardian","floor":19,"turns":5},{"damage":28,"enemies":"Slavers","floor":24,"turns":5},{"damage":1,"enemies":"Centurion and Healer","floor":29,"turns":6},{"damage":15,"enemies":"Book of Stabbing","floor":30,"turns":6},{"damage":0,"enemies":"Snake Plant","floor":31,"turns":4},{"damage":35,"enemies":"Automaton","floor":33,"turns":9},{"damage":8,"enemies":"3 Shapes","floor":35,"turns":4},{"damage":0,"enemies":"Orb Walker","floor":36,"turns":3},{"damage":13,"enemies":"Mysterious Sphere","floor":37,"turns":5},{"damage":0,"enemies":"Giant Head","floor":41,"turns":7},{"damage":2,"enemies":"Sphere and 2 Shapes","floor":46,"turns":4},{"damage":0,"enemies":"Maw","floor":48,"turns":4},{"damage":51,"enemies":"Time Eater","floor":50,"turns":13}],"event_choices":[{"event_name":"Scrap Ooze","player_choice":"success","floor":3,"damage_taken":7},{"event_name":"Upgrade Shrine","player_choice":"Upgraded","floor":4,"damage_taken":0},{"event_name":"Golden Wing","player_choice":"Card Removal","floor":8,"damage_taken":0},{"event_name":"Beggar","player_choice":"Gave Gold","floor":21,"damage_taken":0},{"event_name":"The Library","player_choice":"Read","floor":22,"damage_taken":0},{"event_name":"Addict","player_choice":"Obtained Relic","floor":27,"damage_taken":0},{"event_name":"Mysterious Sphere","player_choice":"Fight","floor":37,"damage_taken":0},{"event_name":"Tomb of Lord Red Mask","player_choice":"Ignored","floor":39,"damage_taken":0},{"event_name":"Bonfire Elementals","player_choice":"COMMON","floor":44,"damage_taken":0}],"boss_relics":[{"not_picked":["Orrery","Eternal Feather"],"picked":"Pandora\u0027s Box"},{"not_picked":["Velvet Choker","Philosopher\u0027s Stone"],"picked":"Sozu"}],"potions_floor_spawned":[1,2,6,14,16,18,30,31,33,41,48],"seed_played":"8094180459091400723","ascension_level":10,"is_trial":false}