{"path_per_floor":["M","?","M","M","$","R","E","R","T","E","$","M","M","M","R"],"character_chosen":"THE_SILENT","items_purchased":["Dramatic Entrance"],"gold_per_floor":[110,110,126,143,41,41,70,70,70,102,27,44,64,78,78],"floor_reached":16,"campfire_rested":1,"playtime":569,"current_hp_per_floor":[63,56,55,55,55,55,40,40,40,16,16,16,16,12,32],"items_purged":["Doubt"],"gold":78,"score":185,"play_id":"64641550-2e84-4a30-ba53-cce51574abf5","is_prod":false,"is_daily":false,"is_ascension_mode":true,"campfire_upgraded":2,"path_taken":["M","?","M","M","$","R","E","R","T","E","$","M","M","M","R","BOSS"],"build_version":"2018-02-15-PROD1","purchased_purges":2,"victory":false,"master_deck":["Defend_G+1","Defend_G","Defend_G+1","Defend_G","Defend_G","Strike_G","Strike_G","Strike_G","Strike_G","Strike_G","Survivor","Neutralize+1","Sucker Punch","Slice","Escape Plan","Dramatic Entrance","Dagger Throw+1","Bouncing Flask","Dagger Spray","Deflect","Dagger Throw"],"max_hp_per_floor":[70,67,67,67,67,67,67,67,67,67,67,67,67,67,67],"relics":["Cursed Key","Calipers","Dead Branch","War Paint"],"card_choices":[{"not_picked":["Deadly Poison","Distraction"],"picked":"Sucker Punch"},{"not_picked":["Malaise","Flechettes"],"picked":"Slice"},{"not_picked":["Slice","PiercingWail"],"picked":"Escape Plan"},{"not_picked":["Adrenaline","Crippling Poison"],"picked":"Dagger Throw"},{"not_picked":["Quick Slash","Cloak And Dagger"],"picked":"Bouncing Flask"},{"not_picked":["Infinite Blades","Distraction"],"picked":"Dagger Spray"},{"not_picked":["Flying Knee","Dodge and Roll"],"picked":"Deflect"},{"not_picked":["Flying Knee","Infinite Blades"],"picked":"Dagger Throw"}],"player_experience":361312,"potions_floor_usage":[7,16],"damage_taken":[{"damage":0,"enemies":"2 Louse","floor":1,"turns":3},{"damage":1,"enemies":"Small Slimes","floor":3,"turns":3},{"damage":0,"enemies":"Cultist","floor":4,"turns":4},{"damage":15,"enemies":"Lagavulin","floor":7,"turns":8},{"damage":24,"enemies":"Gremlin Nob","floor":10,"turns":5},{"damage":0,"enemies":"2 Fungi Beasts","floor":12,"turns":3},{"damage":0,"enemies":"Large Slime","floor":13,"turns":3},{"damage":4,"enemies":"Exordium Thugs","floor":14,"turns":4},{"damage":34,"enemies":"Slime Boss","floor":16,"turns":8}],"event_choices":[{"event_name":"Golden Wing","player_choice":"Card Removal","floor":2,"damage_taken":0}],"boss_relics":[],"potions_floor_spawned":[4,13,14],"seed_played":"-9147855418749059771","killed_by":"Slime Boss","ascension_level":13,"is_trial":false}