{"path_per_floor":["M","M","$","?","$","R","T","R","T","$","E","R","?","M","R","B",null,"M","?","$","?","M","E"],"character_chosen":"THE_SILENT","items_purchased":[],"gold_per_floor":[117,134,59,134,34,34,61,61,61,61,86,86,146,156,156,259,259,271,271,146,176,189,224],"floor_reached":24,"campfire_rested":2,"playtime":1560,"current_hp_per_floor":[64,64,64,53,53,70,70,70,70,70,63,63,29,29,50,49,70,69,56,56,56,57,2],"items_purged":["Defend_G","Strike_G","Defend_G"],"gold":224,"score":231,"play_id":"0fffb024-6625-4751-a303-ecc6df1c7699","is_prod":false,"is_daily":false,"is_ascension_mode":true,"campfire_upgraded":2,"path_taken":["M","M","?","?","?","R","?","R","T","$","E","R","?","M","R","BOSS","M","?","?","?","M","E","M"],"build_version":"2018-02-15-PROD1","purchased_purges":3,"victory":false,"master_deck":["Defend_G","Defend_G","Defend_G","Strike_G+1","Strike_G","Strike_G","Survivor","Neutralize+1","Dagger Spray","Leg Sweep","Heel Hook","Concentrate+1","Dash+1","Acrobatics","Wraith Form","Leg Sweep+1","Backflip+1","Prepared+1"],"max_hp_per_floor":[70,70,70,70,70,70,70,70,70,70,70,70,70,70,70,70,70,70,75,75,75,75,75],"relics":["Ring of the Snake","Orichalcum","Bird Faced Urn","Letter Opener","Mercury Hourglass","Black Star","Tiny Chest","Whetstone","Regal Pillow"],"card_choices":[{"not_picked":["PiercingWail","Cloak And Dagger"],"picked":"Leg Sweep"},{"not_picked":["Prepared","Backflip"],"picked":"Heel Hook"},{"not_picked":["Backstab","Slice"],"picked":"Concentrate"},{"not_picked":["Caltrops","Bane"],"picked":"Dash"},{"not_picked":["Blade Dance","Bouncing Flask"],"picked":"Acrobatics"},{"not_picked":["Doppelganger","Phantasmal Killer"],"picked":"Wraith Form"},{"not_picked":["Flying Knee","Cloak And Dagger"],"picked":"Leg Sweep"},{"not_picked":["Endless Agony","Deflect"],"picked":"Backflip"},{"not_picked":["Underhanded Strike","Grand Finale"],"picked":"Prepared"}],"player_experience":185477,"potions_floor_usage":[13,16,22,23],"damage_taken":[{"damage":6.0,"enemies":"Blue Slaver","floor":1.0,"turns":6.0},{"damage":0.0,"enemies":"Jaw Worm","floor":2.0,"turns":5.0},{"damage":7,"enemies":"3 Sentries","floor":11,"turns":9},{"damage":34,"enemies":"Lagavulin Event","floor":13,"turns":13},{"damage":0,"enemies":"2 Louse","floor":14,"turns":2},{"damage":1,"enemies":"Slime Boss","floor":16,"turns":10},{"damage":1,"enemies":"2 Thieves","floor":18,"turns":4},{"damage":1,"enemies":"Chosen","floor":22,"turns":6},{"damage":57,"enemies":"Gremlin Leader","floor":23,"turns":15},{"damage":6,"enemies":"Centurion and Healer","floor":24,"turns":6}],"event_choices":[{"event_name":"World of Goop","player_choice":"Gather Gold","floor":4,"damage_taken":0},{"event_name":"Dead Adventurer","player_choice":"Searched \u00271\u0027 times","floor":13,"damage_taken":0},{"event_name":"Forgotten Altar","player_choice":"Shed Blood","floor":19,"damage_taken":0},{"event_name":"The Mausoleum","player_choice":"Yes","floor":21,"damage_taken":0}],"boss_relics":[{"not_picked":["Runic Pyramid","Calling Bell"],"picked":"Black Star"}],"potions_floor_spawned":[1,11,13,16,23],"seed_played":"8417622657183086243","killed_by":"Centurion and Healer","ascension_level":2,"is_trial":false}