{"path_per_floor":["M","?","M","M","?","R","M","$","T","E","M","T","M","$","R","B",null,"M","?","?","?","?","R"],"character_chosen":"THE_SILENT","items_purchased":["Blade Dance","Accuracy","Footwork"],"gold_per_floor":[117,192,207,225,225,225,243,17,17,50,69,69,89,53,53,156,156,146,146,146,146,146,146],"floor_reached":24,"campfire_rested":3,"playtime":932,"current_hp_per_floor":[63,52,50,50,50,70,69,69,69,46,45,45,44,44,65,38,70,51,51,51,35,35,56],"items_purged":["Strike_G"],"gold":146,"score":223,"play_id":"c8483843-28e7-4a7a-9e54-3a5ccb832567","is_prod":false,"is_daily":false,"is_ascension_mode":true,"campfire_upgraded":0,"path_taken":["M","?","M","M","?","R","M","$","T","E","M","?","?","$","R","BOSS","M","?","?","?","?","R","E"],"build_version":"2018-02-15-PROD1","purchased_purges":2,"victory":false,"master_deck":["Defend_G","Defend_G","Defend_G","Defend_G","Defend_G","Strike_G","Strike_G","Strike_G","Survivor","Neutralize+1","Poisoned Stab","Dagger Throw","Tools of the Trade","Expertise","Outmaneuver","Blade Dance","Accuracy","Caltrops","Blade Dance","Footwork","Doppelganger","Outmaneuver","Decay","Blade Dance","Necronomicurse"],"max_hp_per_floor":[70,70,70,70,70,70,70,70,70,70,70,70,70,70,70,70,70,70,70,70,70,70,70],"relics":["Ring of the Snake","Peace Pipe","Sundial","Unceasing Top","Question Card","Necronomicon"],"card_choices":[{"not_picked":["Prepared","Underhanded Strike"],"picked":"Poisoned Stab"},{"not_picked":["Dodge and Roll","Bane"],"picked":"Dagger Throw"},{"not_picked":["Expertise","Reflex"],"picked":"Tools of the Trade"},{"not_picked":["Endless Agony","Cloak And Dagger"],"picked":"Outmaneuver"},{"not_picked":["Bane","Distraction"],"picked":"Caltrops"},{"not_picked":["Dagger Spray","Malaise"],"picked":"Blade Dance"},{"not_picked":["Grand Finale","Bullet Time"],"picked":"Doppelganger"},{"not_picked":["Dagger Throw","Deadly Poison","Finisher"],"picked":"Outmaneuver"}],"player_experience":220177,"potions_floor_usage":[11,16],"damage_taken":[{"damage":7,"enemies":"Jaw Worm","floor":1,"turns":7},{"damage":2,"enemies":"2 Louse","floor":3,"turns":3},{"damage":0,"enemies":"Cultist","floor":4,"turns":3},{"damage":1,"enemies":"Blue Slaver","floor":7,"turns":4},{"damage":23,"enemies":"Lagavulin","floor":10,"turns":8},{"damage":1,"enemies":"Red Slaver","floor":11,"turns":4},{"damage":1,"enemies":"Looter","floor":13,"turns":3},{"damage":27,"enemies":"Hexaghost","floor":16,"turns":12},{"damage":19,"enemies":"2 Thieves","floor":18,"turns":4},{"damage":68,"enemies":"Gremlin Leader","floor":24,"turns":9}],"event_choices":[{"event_name":"World of Goop","player_choice":"Gather Gold","floor":2,"damage_taken":0},{"event_name":"Living Wall","player_choice":"Change","floor":5,"damage_taken":0},{"event_name":"Wheel of Change","player_choice":"Curse","floor":19,"damage_taken":0},{"event_name":"Duplicator","player_choice":"One dupe","floor":20,"damage_taken":0},{"event_name":"Cursed Tome","player_choice":"Obtained Book","floor":21,"damage_taken":0},{"event_name":"The Mausoleum","player_choice":"No","floor":22,"damage_taken":0}],"boss_relics":[{"not_picked":["White Beast Statue","Ectoplasm"],"picked":"Question Card"}],"potions_floor_spawned":[7,10],"seed_played":"4775045502493433698","killed_by":"Gremlin Leader","ascension_level":3,"is_trial":false}