{"path_per_floor":["M","?","?","M","M","E","M","R","T","?","R","E","R","M","R","B",null,"M","?","M","$","M","R","E","R","T","?","$","E","R","M","R","B",null,"M","M","?","$","?","E","R","?","T","R","E","R","E","?","R","B"],"character_chosen":"THE_SILENT","items_purchased":["Vajra","Accuracy"],"gold_per_floor":[114,114,64,75,91,122,140,140,167,194,194,222,222,234,234,337,337,353,353,371,145,158,158,185,185,185,110,10,38,38,50,50,147,147,158,176,176,101,101,126,126,0,0,0,30,30,60,107,107,107],"floor_reached":51,"campfire_rested":3,"playtime":3568,"current_hp_per_floor":[70,70,70,70,70,53,46,67,67,59,59,51,70,70,70,58,70,70,54,54,54,52,70,70,70,70,70,70,70,70,70,70,68,70,70,70,70,70,70,70,70,70,70,70,70,70,62,62,62,70],"items_purged":["Sucker Punch","Dodge and Roll"],"gold":107,"score":815,"play_id":"82bffe53-23a8-4bb6-a5ef-8ed9b6d64c87","is_prod":false,"is_daily":false,"is_ascension_mode":true,"campfire_upgraded":6,"path_taken":["M","?","?","M","?","E","M","R","T","?","R","E","R","M","R","BOSS","M","?","M","$","M","R","E","R","T","?","$","E","R","M","R","BOSS","M","M","?","$","?","E","R","?","T","R","E","R","E","?","R","BOSS"],"build_version":"2018-02-12-PROD1","purchased_purges":2,"victory":true,"master_deck":["Survivor","Neutralize","Blade Dance+1","Blade Dance+1","Storm of Steel","Well Laid Plans","Dodge and Roll","Prepared","Concentrate+1","Bullet Time+1","PiercingWail","Reflex","Dagger Throw","Cloak And Dagger","Backflip","Cloak And Dagger","Footwork","Blur+1","Backflip+1","Acrobatics+1","Adrenaline+1","Footwork","Accuracy+1","Phantasmal Killer","Acrobatics","Concentrate+1"],"max_hp_per_floor":[70,70,70,70,70,70,70,70,70,70,70,70,70,70,70,70,70,70,70,70,70,70,70,70,70,70,70,70,70,70,70,70,70,70,70,70,70,70,70,70,70,70,70,70,70,70,70,70,70,70],"relics":["Ring of the Snake","Dead Branch","Art of War","Odd Mushroom","Mummified Hand","Pandora\u0027s Box","Enchiridion","Vajra","Pantograph","Girya","Bag of Preparation","Kunai","Red Mask","Torii","Ninja Scroll","Matryoshka","Du-Vu Doll"],"card_choices":[{"not_picked":["Dagger Throw","Riddle With Holes"],"picked":"Blade Dance"},{"not_picked":["Poisoned Stab","Deadly Poison"],"picked":"Dagger Throw"},{"not_picked":["PiercingWail","Distraction"],"picked":"Storm of Steel"},{"not_picked":["Finisher","Quick Slash"],"picked":"Well Laid Plans"},{"not_picked":["Quick Slash","Flechettes"],"picked":"Dodge and Roll"},{"not_picked":["Slice","Crippling Poison"],"picked":"Prepared"},{"not_picked":["Dagger Spray","Crippling Poison"],"picked":"Concentrate"},{"not_picked":["Burst","Unload"],"picked":"Bullet Time"},{"not_picked":["Dagger Throw","Riddle With Holes"],"picked":"Cloak And Dagger"},{"not_picked":["Dagger Throw","Dagger Spray"],"picked":"Footwork"},{"not_picked":["Dagger Spray","Slice"],"picked":"Blur"},{"not_picked":["Bouncing Flask","Outmaneuver"],"picked":"Backflip"},{"not_picked":["Doppelganger","Underhanded Strike"],"picked":"Acrobatics"},{"not_picked":["Storm of Steel","Unload"],"picked":"Adrenaline"},{"not_picked":["Dagger Spray","Caltrops"],"picked":"Footwork"},{"not_picked":["Calculated Gamble","Die Die Die"],"picked":"Concentrate"}],"player_experience":179661,"potions_floor_usage":[22,24,33,36,50,50],"damage_taken":[{"damage":0.0,"enemies":"Cultist","floor":1.0,"turns":4.0},{"damage":0.0,"enemies":"Jaw Worm","floor":4.0,"turns":3.0},{"damage":0.0,"enemies":"Small Slimes","floor":5.0,"turns":3.0},{"damage":17.0,"enemies":"3 Sentries","floor":6.0,"turns":11.0},{"damage":7.0,"enemies":"3 Louse","floor":7.0,"turns":2.0},{"damage":8.0,"enemies":"The Mushroom Lair","floor":10.0,"turns":3.0},{"damage":8.0,"enemies":"Gremlin Nob","floor":12.0,"turns":3.0},{"damage":0.0,"enemies":"Looter","floor":14.0,"turns":2.0},{"damage":12.0,"enemies":"Slime Boss","floor":16.0,"turns":8.0},{"damage":0,"enemies":"Chosen","floor":18,"turns":2},{"damage":0,"enemies":"2 Thieves","floor":20,"turns":3},{"damage":2,"enemies":"Slaver and Parasite","floor":22,"turns":4},{"damage":0,"enemies":"Slavers","floor":24,"turns":3},{"damage":0,"enemies":"Gremlin Leader","floor":29,"turns":4},{"damage":0,"enemies":"Cultist and Chosen","floor":31,"turns":2},{"damage":2,"enemies":"Collector","floor":33,"turns":6},{"damage":0,"enemies":"Orb Walker","floor":35,"turns":1},{"damage":0,"enemies":"3 Shapes","floor":36,"turns":2},{"damage":0,"enemies":"2 Orb Walkers","floor":40,"turns":4},{"damage":0,"enemies":"Giant Head","floor":45,"turns":2},{"damage":8,"enemies":"2 Orb Walkers","floor":47,"turns":3},{"damage":0,"enemies":"Mysterious Sphere","floor":48,"turns":3},{"damage":0,"enemies":"Donu and Deca","floor":50,"turns":7}],"event_choices":[{"event_name":"Living Wall","player_choice":"Change","floor":2.0,"damage_taken":0.0},{"event_name":"The Cleric","player_choice":"Card Removal","floor":3.0,"damage_taken":0.0},{"event_name":"Mushrooms","player_choice":"Fought Mushrooms","floor":10.0,"damage_taken":0.0},{"event_name":"Cursed Tome","player_choice":"Obtained Book","floor":19,"damage_taken":0},{"event_name":"Beggar","player_choice":"Gave Gold","floor":27,"damage_taken":0},{"event_name":"Match and Keep!","player_choice":"2 cards matched","floor":39,"damage_taken":0},{"event_name":"Tomb of Lord Red Mask","player_choice":"Paid","floor":42,"damage_taken":0},{"event_name":"Mysterious Sphere","player_choice":"Fight","floor":48,"damage_taken":0}],"boss_relics":[{"not_picked":["Runic Pyramid","Calling Bell","Snecko Eye"]}],"potions_floor_spawned":[1,6,12,22,24,31,35,47],"seed_played":"8505215578704816196","ascension_level":1,"is_trial":false}