{"path_per_floor":["M","$","?","M","M","R","$","M","T","E","R","?","R","?","R","B",null,"M","?","$","M","M","R","M","R","T","?","R","?","$","M","R","B",null,"M","?","M","$","M","R","?","R","T","$","M","$","R","M","R"],"character_chosen":"THE_SILENT","items_purchased":["Caltrops","Catalyst","Apotheosis","Footwork","Bouncing Flask","Acrobatics","Backflip","Bouncing Flask"],"gold_per_floor":[116,40,115,131,145,145,33,52,121,146,146,176,176,276,276,373,373,383,308,16,34,49,49,61,61,84,84,84,84,4,14,14,111,111,129,129,140,40,53,53,53,53,131,59,78,10,10,27,27],"floor_reached":50,"campfire_rested":6,"playtime":2056,"current_hp_per_floor":[77,77,66,66,59,77,77,75,75,62,62,62,62,62,77,46,77,58,58,58,58,42,65,59,77,77,77,77,77,77,77,77,61,77,71,71,63,63,55,77,77,77,77,77,67,67,67,31,54],"items_purged":["Strike_G","Venomology"],"gold":27,"score":475,"play_id":"8ed37275-af11-41c2-b1aa-79e7ce3f2613","is_prod":false,"is_daily":false,"is_ascension_mode":true,"campfire_upgraded":6,"path_taken":["M","?","?","M","M","R","$","M","T","E","R","?","R","?","R","BOSS","M","?","$","M","M","R","?","R","T","?","R","?","?","M","R","BOSS","M","?","M","$","M","R","?","R","T","?","M","$","R","M","R","BOSS"],"build_version":"2018-02-15-PROD1","purchased_purges":3,"victory":false,"master_deck":["Defend_G","Defend_G","Defend_G","Defend_G","Survivor","Neutralize","Acrobatics+1","Caltrops","Crippling Poison+1","Backflip","Catalyst+1","Poisoned Stab","Malaise+1","Tactician+1","Apotheosis+1","Footwork","Bane","PiercingWail","Bouncing Flask+1","Bouncing Flask","Corpse Explosion","Grand Finale+1","Cloak And Dagger+1","Outmaneuver+1","Bullet Time","Acrobatics","Backflip","Bouncing Flask"],"max_hp_per_floor":[77,77,77,77,77,77,77,77,77,77,77,77,77,77,77,77,77,77,77,77,77,77,77,77,77,77,77,77,77,77,77,77,77,77,77,77,77,77,77,77,77,77,77,77,77,77,77,77,77],"relics":["Ring of the Snake","Mercury Hourglass","Bag of Marbles","Prayer Wheel","Sozu","Juzu Bracelet","Astrolabe","Matryoshka"],"card_choices":[{"not_picked":["Dagger Spray","PiercingWail"],"picked":"Acrobatics"},{"not_picked":["Dash","Catalyst"],"picked":"Crippling Poison"},{"not_picked":["Malaise","Acrobatics"],"picked":"Backflip"},{"not_picked":["Accuracy","PiercingWail"],"picked":"Poisoned Stab"},{"not_picked":["Dodge and Roll","Deflect"],"picked":"Malaise"},{"not_picked":["Die Die Die","Envenom"],"picked":"Tactician"},{"not_picked":["Underhanded Strike","Cloak And Dagger"],"picked":"Bane"},{"not_picked":["Sucker Punch","Blur"],"picked":"PiercingWail"},{"not_picked":["Sucker Punch","Concentrate"],"picked":"Bouncing Flask"},{"not_picked":["Envenom","A Thousand Cuts"],"picked":"Corpse Explosion"},{"not_picked":["PiercingWail","Quick Slash"],"picked":"Outmaneuver"},{"not_picked":["Bane","Endless Agony"],"picked":"Footwork"},{"not_picked":["Bane","Dagger Spray"],"picked":"Bullet Time"}],"player_experience":203849,"potions_floor_usage":[8],"damage_taken":[{"damage":0,"enemies":"Cultist","floor":1,"turns":4},{"damage":0,"enemies":"2 Louse","floor":4,"turns":4},{"damage":7,"enemies":"Small Slimes","floor":5,"turns":5},{"damage":2,"enemies":"Red Slaver","floor":8,"turns":5},{"damage":13,"enemies":"3 Sentries","floor":10,"turns":8},{"damage":31,"enemies":"Hexaghost","floor":16,"turns":8},{"damage":19,"enemies":"Chosen","floor":18,"turns":6},{"damage":0,"enemies":"Spheric Guardian","floor":21,"turns":5},{"damage":16,"enemies":"3 Cultists","floor":22,"turns":6},{"damage":6,"enemies":"Centurion and Healer","floor":24,"turns":7},{"damage":0,"enemies":"Chosen and Byrds","floor":31,"turns":4},{"damage":16,"enemies":"Collector","floor":33,"turns":6},{"damage":6,"enemies":"3 Shapes","floor":35,"turns":7},{"damage":8,"enemies":"3 Darklings","floor":37,"turns":5},{"damage":8,"enemies":"Maw","floor":39,"turns":6},{"damage":10,"enemies":"4 Shapes","floor":45,"turns":4},{"damage":36,"enemies":"Sphere and 2 Shapes","floor":48,"turns":5},{"damage":55,"enemies":"Awakened One","floor":50,"turns":7}],"event_choices":[{"event_name":"World of Goop","player_choice":"Gather Gold","floor":3,"damage_taken":0},{"event_name":"Dead Adventurer","player_choice":"Searched \u00272\u0027 times","floor":12,"damage_taken":0},{"event_name":"Golden Shrine","player_choice":"Pray","floor":14,"damage_taken":0},{"event_name":"Beggar","player_choice":"Gave Gold","floor":19,"damage_taken":0},{"event_name":"Transmorgrifier","player_choice":"Transform","floor":27,"damage_taken":0},{"event_name":"Back to Basics","player_choice":"Elegance","floor":29,"damage_taken":0},{"event_name":"Mysterious Sphere","player_choice":"Ignore","floor":36,"damage_taken":0}],"boss_relics":[{"not_picked":["Orrery","Runic Dome"],"picked":"Sozu"},{"not_picked":["Eternal Feather","Question Card"],"picked":"Astrolabe"}],"potions_floor_spawned":[5,8,10,24,33,45],"seed_played":"6316507505581559785","killed_by":"Awakened One","ascension_level":3,"is_trial":false}