{"path_per_floor":["M","?","$","M","M","E","R","M","T","?","M","?","R","M","R","B",null,"M","?","?","T","M","E"],"character_chosen":"THE_SILENT","items_purchased":["Quick Slash"],"gold_per_floor":[112,112,60,75,92,123,123,142,142,142,156,109,109,120,120,222,222,222,222,222,222,147,147],"floor_reached":24,"campfire_rested":3,"playtime":2806,"current_hp_per_floor":[59,45,45,45,44,12,33,27,27,20,19,19,40,25,46,13,70,70,49,33,33,30,9],"items_purged":[],"gold":147,"score":240,"play_id":"7fba15c9-f1e3-4eb8-b4d8-7c6eb60cb6c2","is_prod":false,"is_daily":false,"is_ascension_mode":false,"campfire_upgraded":0,"path_taken":["M","?","$","M","M","E","R","M","T","?","?","?","R","M","R","BOSS","M","?","?","?","M","E","?"],"build_version":"2018-02-12-PROD1","purchased_purges":1,"victory":false,"master_deck":["Defend_G","Defend_G","Defend_G","Defend_G","Defend_G","Survivor","Neutralize","Dash","Quick Slash","A Thousand Cuts","Poisoned Stab","Glass Knife","Outmaneuver","Bane","Dagger Spray","Dagger Spray","Infinite Blades","Acrobatics","Venomology","Endless Agony","Bite","Bite","Bite","Bite","Bite","Necronomicurse","Blade Dance","Adrenaline"],"max_hp_per_floor":[70,70,70,70,70,70,70,70,70,70,70,70,70,70,70,70,70,70,49,49,49,49,49],"relics":["Black Star","Oddly Smooth Stone","Dream Catcher","Dodecahedron","Ice Cream","Ectoplasm","Necronomicon","Letter Opener","Paper Crane","Pantograph"],"card_choices":[{"not_picked":["Acrobatics","Flying Knee"],"picked":"Dash"},{"not_picked":["Slice","Backflip"],"picked":"A Thousand Cuts"},{"not_picked":["Eviscerate","Bane"],"picked":"Poisoned Stab"},{"not_picked":["Calculated Gamble","Masterful Stab"],"picked":"Glass Knife"},{"not_picked":["PiercingWail","Masterful Stab"],"picked":"Outmaneuver"},{"not_picked":["Deadly Poison","Bouncing Flask"],"picked":"Bane"},{"not_picked":["PiercingWail","Malaise"],"picked":"Dagger Spray"},{"not_picked":["Catalyst","Deadly Poison"],"picked":"Dagger Spray"},{"not_picked":["Quick Slash","Flying Knee"],"picked":"Infinite Blades"},{"not_picked":["Riddle With Holes","Deflect"],"picked":"Acrobatics"},{"not_picked":["Night Terror","Envenom"],"picked":"Venomology"},{"not_picked":["Bane","Dagger Spray"],"picked":"Endless Agony"},{"not_picked":["Caltrops","Deflect"],"picked":"Blade Dance"},{"not_picked":["PiercingWail","Skewer"],"picked":"Adrenaline"}],"player_experience":213906,"potions_floor_usage":[16,16,23,23,24],"damage_taken":[{"damage":11,"enemies":"Jaw Worm","floor":1,"turns":5},{"damage":0,"enemies":"2 Louse","floor":4,"turns":2},{"damage":1,"enemies":"Cultist","floor":5,"turns":3},{"damage":32,"enemies":"Lagavulin","floor":6,"turns":8},{"damage":6,"enemies":"3 Louse","floor":8,"turns":2},{"damage":1,"enemies":"Red Slaver","floor":11,"turns":3},{"damage":15,"enemies":"Large Slime","floor":14,"turns":5},{"damage":33,"enemies":"The Guardian","floor":16,"turns":10},{"damage":0,"enemies":"3 Byrds","floor":18,"turns":3},{"damage":13,"enemies":"2 Thieves","floor":22,"turns":5},{"damage":25,"enemies":"Slavers","floor":23,"turns":4},{"damage":16,"enemies":"Centurion and Healer","floor":24,"turns":3}],"event_choices":[{"event_name":"Shining Light","player_choice":"Entered Light","floor":2,"damage_taken":0},{"event_name":"Scrap Ooze","player_choice":"success","floor":10,"damage_taken":7},{"event_name":"World of Goop","player_choice":"Left","floor":12,"damage_taken":0},{"event_name":"Vampires","player_choice":"Became a vampire","floor":19,"damage_taken":0},{"event_name":"Cursed Tome","player_choice":"Obtained Book","floor":20,"damage_taken":0}],"boss_relics":[{"not_picked":["Question Card","Orrery"],"picked":"Ectoplasm"}],"potions_floor_spawned":[4,8,16,23],"seed_played":"828593761396593322","killed_by":"Centurion and Healer","ascension_level":0,"is_trial":false}