{"path_per_floor":["M","?","?","M","M","E","M","R","T","M","R","?","R","M","R","B",null,"M","M","M","$","T","R","M","R","T","E","R","$","R","M","R","B",null,"M","M","$","M","$","E","$","R","T","M","R","M","R","E","R","B"],"character_chosen":"THE_SILENT","items_purchased":["Footwork","Backflip","Vajra","Blur","Pen Nib","Snake Skull"],"gold_per_floor":[113,213,213,227,248,287,303,303,356,376,376,449,449,464,464,585,585,600,619,632,285,285,285,304,304,331,369,369,81,81,102,102,222,222,246,265,122,146,21,52,52,52,52,77,77,93,93,124,124,124],"floor_reached":51,"campfire_rested":1,"playtime":3787,"current_hp_per_floor":[70,70,53,49,49,33,30,30,30,30,30,24,24,24,24,28,80,61,61,40,40,40,40,17,17,24,22,22,22,22,19,19,41,87,87,81,81,66,66,65,65,65,65,49,49,48,48,18,59,49],"items_purged":["Doubt","Doubt","Injury"],"gold":124,"play_id":"7d740a6a-ecff-444f-9d02-f4835bebb438","is_prod":false,"is_daily":false,"is_ascension_mode":false,"campfire_upgraded":12,"path_taken":["M","?","?","?","M","E","M","R","T","M","R","?","R","M","R","BOSS","M","M","M","$","?","R","?","R","T","E","R","$","R","M","R","BOSS","M","M","$","M","$","E","$","R","T","?","R","M","R","E","R","BOSS"],"build_version":"2018-02-01-PROD3","purchased_purges":3,"victory":true,"master_deck":["Defend_G","Defend_G+1","Defend_G+1","Defend_G","Defend_G","Strike_G","Strike_G","Strike_G","Strike_G","Strike_G","Survivor","Neutralize+1","Noxious Fumes+1","Deadly Poison","Die Die Die","Poisoned Stab","Predator+1","Prepared+1","Dagger Spray+1","After Image+1","Escape Plan","Calculated Gamble+1","Footwork+1","Backflip+1","Concentrate+1","Backflip+1","Blur+1","Catalyst+1","Backflip+1","Caltrops+1","Footwork+1"],"max_hp_per_floor":[70,70,70,70,70,70,70,70,70,70,70,70,70,70,70,70,80,80,80,80,80,80,80,80,80,87,87,87,87,87,87,87,87,87,87,87,87,87,87,87,87,87,87,87,87,87,87,87,87,87],"relics":["Ring of the Snake","Golden Idol","War Paint","Bag of Marbles","Pantograph","Calling Bell","Shuriken","Pear","Matryoshka","Vajra","Regal Pillow","Frozen Egg 2","Strawberry","Oddly Smooth Stone","Molten Egg 2","Pen Nib","Black Star","Snake Skull","Dream Catcher","Happy Flower","Torii","Prayer Wheel","Bag of Preparation"],"card_choices":[{"not_picked":["Dodge and Roll","Flying Knee"],"picked":"Noxious Fumes"},{"not_picked":["Prepared","Acrobatics"],"picked":"Deadly Poison"},{"not_picked":["Dodge and Roll","Acrobatics"],"picked":"Die Die Die"},{"not_picked":["Acrobatics","Prepared"],"picked":"Poisoned Stab"},{"not_picked":["Cloak And Dagger","Sucker Punch"],"picked":"Predator"},{"not_picked":["Deflect","Bane"],"picked":"Prepared"},{"not_picked":["Flying Knee","Wraith Form"],"picked":"Dagger Spray"},{"not_picked":["Phantasmal Killer","Wraith Form"],"picked":"After Image"},{"not_picked":["Quick Slash","Eviscerate"],"picked":"Escape Plan"},{"not_picked":["Prepared","Deflect"],"picked":"Calculated Gamble"},{"not_picked":["Dodge and Roll","Poisoned Stab"],"picked":"Concentrate"},{"not_picked":["Distraction","Doppelganger"],"picked":"Backflip"},{"not_picked":["Predator","Dagger Spray"],"picked":"Catalyst"},{"not_picked":["Outmaneuver","PiercingWail"],"picked":"Backflip"},{"not_picked":["Deflect","Dagger Spray"],"picked":"Caltrops"},{"not_picked":["Quick Slash","Cloak And Dagger"],"picked":"Footwork"}],"player_experience":288854,"potions_floor_usage":[33,33,40,50,50,50],"damage_taken":[{"damage":0,"enemies":"2 Louse","floor":1,"turns":4},{"damage":4,"enemies":"Blue Slaver","floor":4,"turns":6},{"damage":0,"enemies":"Jaw Worm","floor":5,"turns":4},{"damage":16,"enemies":"Lagavulin","floor":6,"turns":6},{"damage":3,"enemies":"Exordium Wildlife","floor":7,"turns":4},{"damage":0,"enemies":"Looter","floor":10,"turns":2},{"damage":6,"enemies":"3 Sentries","floor":12,"turns":5},{"damage":0,"enemies":"Exordium Thugs","floor":14,"turns":2},{"damage":21,"enemies":"Slime Boss","floor":16,"turns":8},{"damage":19,"enemies":"3 Byrds","floor":18,"turns":4},{"damage":0,"enemies":"Chosen","floor":19,"turns":5},{"damage":21,"enemies":"Sentry and Sphere","floor":20,"turns":6},{"damage":23,"enemies":"Snecko","floor":24,"turns":6},{"damage":2,"enemies":"Book of Stabbing","floor":27,"turns":6},{"damage":3,"enemies":"Chosen and Byrds","floor":31,"turns":6},{"damage":3,"enemies":"Collector","floor":33,"turns":13},{"damage":0,"enemies":"3 Shapes","floor":35,"turns":5},{"damage":6,"enemies":"3 Darklings","floor":36,"turns":6},{"damage":15,"enemies":"4 Shapes","floor":38,"turns":8},{"damage":16,"enemies":"Nemesis","floor":40,"turns":10},{"damage":16,"enemies":"Sphere and 2 Shapes","floor":44,"turns":6},{"damage":1,"enemies":"Maw","floor":46,"turns":7},{"damage":30,"enemies":"2 Orb Walkers","floor":48,"turns":5},{"damage":35,"enemies":"Time Eater","floor":50,"turns":15}],"event_choices":[{"event_name":"Golden Shrine","player_choice":"Pray","floor":2,"damage_taken":0},{"event_name":"Golden Idol","player_choice":"Take Damage","floor":3,"damage_taken":0},{"event_name":"Dead Adventurer","player_choice":"Searched \u00271\u0027 times","floor":12,"damage_taken":0}],"boss_relics":[{"not_picked":["Snecko Eye","Lizard Tail"],"picked":"Calling Bell"},{"not_picked":["White Beast Statue","Runic Dome"],"picked":"Black Star"}],"potions_floor_spawned":[4,6,12,14,20,24,38,40,48],"seed_played":"888368077964552475","ascension_level":0,"is_trial":false}