{"path_per_floor":["M","$","?","M","$","E","R","E","T","M","E","M","M","M","R","B",null,"M","?","?","?","M","E","R","E","T"],"character_chosen":"THE_SILENT","items_purchased":["Caltrops","Dagger Spray"],"gold_per_floor":[119,50,50,65,12,42,42,75,100,114,144,155,167,186,186,289,289,289,289,289,289,289,289,289,289,289],"floor_reached":27,"campfire_rested":2,"playtime":1244,"current_hp_per_floor":[69,69,74,67,67,43,43,27,27,27,6,4,4,4,26,7,75,69,69,69,69,68,14,36,20,20],"items_purged":[],"gold":289,"score":312,"play_id":"a9793847-4dcd-46f2-a781-8e18067367c9","is_prod":false,"is_daily":false,"is_ascension_mode":true,"campfire_upgraded":1,"path_taken":["M","?","?","M","$","E","R","E","T","M","E","?","?","M","R","BOSS","M","?","?","?","M","E","R","E","T","M"],"build_version":"2018-02-15-PROD1","purchased_purges":0,"victory":false,"master_deck":["Defend_G","Defend_G","Defend_G","Defend_G","Defend_G","Strike_G","Strike_G","Strike_G","Strike_G","Strike_G","Survivor","Neutralize","Cloak And Dagger","Caltrops+1","Sucker Punch","Dagger Spray+1","Dagger Throw","Backflip","Blade Dance","Cloak And Dagger","Flying Knee","Caltrops+1","Sucker Punch","Leg Sweep","Dagger Throw+1","Cloak And Dagger"],"max_hp_per_floor":[70,70,75,75,75,75,75,75,75,75,75,75,75,75,75,75,75,75,75,75,75,75,75,75,75,75],"relics":["Ring of the Snake","Orichalcum","Peace Pipe","Bag of Preparation","Omamori","Ectoplasm","Nloth\u0027s Gift","Prayer Wheel","Molten Egg 2","Shovel"],"card_choices":[{"not_picked":["Calculated Gamble","Bane"],"picked":"Cloak And Dagger"},{"not_picked":["Dodge and Roll","Outmaneuver"],"picked":"Sucker Punch"},{"not_picked":["Infinite Blades","Cloak And Dagger"],"picked":"Dagger Throw"},{"not_picked":["Slice","Poisoned Stab"],"picked":"Backflip"},{"not_picked":["Predator","Flechettes"],"picked":"Blade Dance"},{"not_picked":["Finisher","PiercingWail"],"picked":"Cloak And Dagger"},{"not_picked":["Backstab","Slice"],"picked":"Flying Knee"},{"not_picked":["PiercingWail","Crippling Poison"],"picked":"Sucker Punch"},{"not_picked":["Dodge and Roll","Dagger Throw"],"picked":"Leg Sweep"},{"not_picked":["Tactician","Wraith Form"],"picked":"Dagger Throw"},{"not_picked":["Sucker Punch","PiercingWail"],"picked":"Cloak And Dagger"}],"player_experience":236624,"potions_floor_usage":[8,16,23,25,27,27],"damage_taken":[{"damage":1,"enemies":"Cultist","floor":1,"turns":5},{"damage":7,"enemies":"Jaw Worm","floor":4,"turns":6},{"damage":24,"enemies":"Gremlin Nob","floor":6,"turns":5},{"damage":16,"enemies":"3 Sentries","floor":8,"turns":7},{"damage":0,"enemies":"Small Slimes","floor":10,"turns":3},{"damage":21,"enemies":"Gremlin Nob","floor":11,"turns":5},{"damage":2,"enemies":"2 Fungi Beasts","floor":12,"turns":3},{"damage":0,"enemies":"Red Slaver","floor":13,"turns":5},{"damage":0,"enemies":"Lots of Slimes","floor":14,"turns":2},{"damage":19,"enemies":"The Guardian","floor":16,"turns":15},{"damage":6,"enemies":"Shell Parasite","floor":18,"turns":6},{"damage":1,"enemies":"3 Byrds","floor":22,"turns":4},{"damage":54,"enemies":"Slavers","floor":23,"turns":5},{"damage":16,"enemies":"Book of Stabbing","floor":25,"turns":4},{"damage":30,"enemies":"Cultist and Chosen","floor":27,"turns":4}],"event_choices":[{"event_name":"Big Fish","player_choice":"Donut","floor":3,"damage_taken":0},{"event_name":"Duplicator","player_choice":"One dupe","floor":19,"damage_taken":0},{"event_name":"N\u0027loth","player_choice":"Traded a The Courier","floor":20,"damage_taken":0},{"event_name":"Accursed Blacksmith","player_choice":"Forge","floor":21,"damage_taken":0}],"boss_relics":[{"not_picked":["The Specimen","Philosopher\u0027s Stone"],"picked":"Ectoplasm"}],"potions_floor_spawned":[1,8,11,13,23,25],"seed_played":"6071706093890080195","killed_by":"Cultist and Chosen","ascension_level":3,"is_trial":false}