{"path_per_floor":["M","?","?","$","?","R","E","R","T","R","E","M","R","$","R","B",null,"M","?","M","M","M","R","?","E","T","R","M","M","E"],"character_chosen":"THE_SILENT","items_purchased":["Blade Dance"],"gold_per_floor":[111,111,111,35,35,35,70,70,70,70,96,108,108,33,33,132,132,142,42,43,62,73,73,73,102,183,183,203,220,248],"floor_reached":31,"campfire_rested":4,"playtime":1524,"current_hp_per_floor":[67,67,60,60,65,65,30,52,52,74,67,69,69,69,69,46,75,65,65,64,56,46,68,68,37,37,59,55,20,19],"items_purged":["Strike_G"],"gold":248,"score":309,"play_id":"3f0b2b97-8471-42a0-b51c-66af852dcc78","is_prod":false,"is_daily":false,"is_ascension_mode":true,"campfire_upgraded":3,"path_taken":["M","?","?","$","?","R","E","R","T","R","E","?","R","$","R","BOSS","M","?","?","M","M","R","?","E","T","R","M","?","E","M"],"build_version":"2018-02-15-PROD1","purchased_purges":1,"victory":false,"master_deck":["Defend_G+1","Defend_G","Defend_G","Defend_G","Strike_G","Strike_G","Strike_G","Strike_G","Survivor","Neutralize","Acrobatics","Acrobatics+1","Blur","Swift Strike","Neutralize+1","Blade Dance+1","Terror","Footwork+1","Wraith Form","Outmaneuver+1","J.A.X.","Acrobatics+1","Deflect+1","Expertise","Decay","Tactician","Regret","Flechettes","Endless Agony","Choke"],"max_hp_per_floor":[70,70,70,70,75,75,75,75,75,75,75,75,75,75,75,75,75,75,75,75,75,75,75,75,75,75,75,75,75,75],"relics":["Ring of the Snake","War Paint","Ice Cream","Blood Vial","Cursed Key","Snake Skull","Tiny Chest","The Courier"],"card_choices":[{"not_picked":["Flechettes","Prepared"],"picked":"Acrobatics"},{"not_picked":["Calculated Gamble","Sucker Punch"],"picked":"Acrobatics"},{"not_picked":["Doppelganger","Dagger Spray"],"picked":"Terror"},{"not_picked":["Skewer","Glass Knife"],"picked":"Footwork"},{"not_picked":["Storm of Steel","Glass Knife"],"picked":"Wraith Form"},{"not_picked":["Caltrops","Dagger Throw"],"picked":"Outmaneuver"},{"not_picked":["Prepared","Terror"],"picked":"Acrobatics"},{"not_picked":["Poisoned Stab","Sucker Punch"],"picked":"Deflect"},{"not_picked":["Outmaneuver","Bouncing Flask"],"picked":"Expertise"},{"not_picked":["Eviscerate","Terror"],"picked":"Tactician"},{"not_picked":["Quick Slash","Prepared"],"picked":"Flechettes"},{"not_picked":["Sucker Punch","Deflect"],"picked":"Endless Agony"},{"not_picked":["Dagger Throw","Deadly Poison"],"picked":"Choke"}],"player_experience":188347,"potions_floor_usage":[21,22,25,28,28,30,31],"damage_taken":[{"damage":3,"enemies":"Jaw Worm","floor":1,"turns":7},{"damage":35,"enemies":"Lagavulin","floor":7,"turns":12},{"damage":7,"enemies":"Gremlin Nob","floor":11,"turns":3},{"damage":0,"enemies":"Cultist","floor":12,"turns":3},{"damage":25,"enemies":"Hexaghost","floor":16,"turns":13},{"damage":10,"enemies":"Shell Parasite","floor":18,"turns":5},{"damage":3,"enemies":"2 Thieves","floor":20,"turns":4},{"damage":19,"enemies":"3 Cultists","floor":21,"turns":5},{"damage":12,"enemies":"Centurion and Healer","floor":22,"turns":6},{"damage":33,"enemies":"Gremlin Leader","floor":25,"turns":6},{"damage":6,"enemies":"Chosen and Byrds","floor":28,"turns":4},{"damage":37,"enemies":"3 Cultists","floor":29,"turns":6},{"damage":3,"enemies":"Book of Stabbing","floor":30,"turns":5},{"damage":21,"enemies":"Centurion and Healer","floor":31,"turns":7}],"event_choices":[{"event_name":"Match and Keep!","player_choice":"3 cards matched","floor":2,"damage_taken":0},{"event_name":"Golden Wing","player_choice":"Card Removal","floor":3,"damage_taken":0},{"event_name":"Big Fish","player_choice":"Donut","floor":5,"damage_taken":0},{"event_name":"Drug Dealer","player_choice":"Got JAXXED","floor":19,"damage_taken":0},{"event_name":"Forgotten Altar","player_choice":"Smashed Altar","floor":24,"damage_taken":0}],"boss_relics":[{"not_picked":["Orrery","Black Star"],"picked":"Cursed Key"}],"potions_floor_spawned":[1,7,16,21,22,29,30],"seed_played":"-3561255954116298750","killed_by":"Centurion and Healer","ascension_level":2,"is_trial":false}