{"path_per_floor":["M","?","?","?","M","R","$","M","T","R","E","M","M","M","R","B",null,"M","?","$","?","$","R","E","M","T","M","M"],"character_chosen":"THE_SILENT","items_purchased":["Oddly Smooth Stone","Infinite Blades","Regen Potion","Noxious Fumes"],"gold_per_floor":[115,115,190,190,204,204,61,80,80,80,115,125,145,159,159,257,287,299,299,260,510,307,307,337,357,384,397,409],"floor_reached":29,"campfire_rested":1,"playtime":1310,"current_hp_per_floor":[67,53,42,65,65,65,65,65,65,65,58,58,57,56,70,40,75,74,74,74,74,74,74,53,42,42,34,22],"items_purged":["Regret"],"gold":409,"score":270,"play_id":"bda49247-d464-4563-ac30-cf66e32cc1f0","is_prod":false,"is_daily":false,"is_ascension_mode":true,"campfire_upgraded":3,"path_taken":["M","?","?","?","M","R","$","M","T","R","E","?","M","M","R","BOSS","M","?","$","?","$","R","E","M","T","M","M","?"],"build_version":"2018-02-15-PROD1","purchased_purges":2,"victory":false,"master_deck":["Defend_G","Defend_G","Defend_G+1","Defend_G","Strike_G","Strike_G","Strike_G","Strike_G+1","Strike_G","Survivor","Neutralize+1","Glass Knife+1","Backflip","Backflip","Deadly Poison","Adrenaline","Expertise","Dash+1","Dagger Throw","After Image+1","Deadly Poison","Infinite Blades","Noxious Fumes","Acrobatics","Escape Plan"],"max_hp_per_floor":[70,70,70,70,70,70,70,70,70,70,70,70,70,70,70,70,75,75,75,75,75,75,75,75,75,75,75,75],"relics":["Ring of the Snake","Oddly Smooth Stone","Bird Faced Urn","Vajra","Tiny House","Ice Cream","Ancient Tea Set"],"card_choices":[{"not_picked":["Acrobatics","Slice"],"picked":"Backflip"},{"not_picked":["Deadly Poison","Dagger Throw"],"picked":"Backflip"},{"not_picked":["Deflect","Flying Knee"],"picked":"Deadly Poison"},{"not_picked":["Flechettes","Quick Slash"],"picked":"Adrenaline"},{"not_picked":["Dagger Throw","Backstab"],"picked":"Expertise"},{"not_picked":["Heel Hook","Deflect"],"picked":"Dash"},{"not_picked":["PiercingWail","Dodge and Roll"],"picked":"Dagger Throw"},{"not_picked":["Phantasmal Killer","Unload"],"picked":"After Image"},{"not_picked":["PiercingWail","Eviscerate"],"picked":"Deadly Poison"},{"not_picked":["Expertise","Distraction"],"picked":"Acrobatics"},{"not_picked":["Setup","Deflect"],"picked":"Escape Plan"}],"player_experience":187037,"potions_floor_usage":[16,24,25,27,28,29,29],"damage_taken":[{"damage":3,"enemies":"2 Louse","floor":1,"turns":2},{"damage":0,"enemies":"Jaw Worm","floor":5,"turns":3},{"damage":0,"enemies":"Small Slimes","floor":8,"turns":2},{"damage":7,"enemies":"Lagavulin","floor":11,"turns":6},{"damage":0,"enemies":"2 Fungi Beasts","floor":12,"turns":2},{"damage":1,"enemies":"3 Louse","floor":13,"turns":3},{"damage":1,"enemies":"Exordium Wildlife","floor":14,"turns":4},{"damage":30,"enemies":"Slime Boss","floor":16,"turns":13},{"damage":3,"enemies":"Chosen","floor":18,"turns":4},{"damage":38,"enemies":"Slavers","floor":24,"turns":7},{"damage":17,"enemies":"2 Thieves","floor":25,"turns":4},{"damage":14,"enemies":"Snake Plant","floor":27,"turns":5},{"damage":18,"enemies":"Centurion and Healer","floor":28,"turns":7},{"damage":27,"enemies":"3 Cultists","floor":29,"turns":5}],"event_choices":[{"event_name":"Shining Light","player_choice":"Entered Light","floor":2,"damage_taken":0},{"event_name":"World of Goop","player_choice":"Gather Gold","floor":3,"damage_taken":0},{"event_name":"Big Fish","player_choice":"Banana","floor":4,"damage_taken":0},{"event_name":"Bonfire Elementals","player_choice":"BASIC","floor":19,"damage_taken":0},{"event_name":"Golden Shrine","player_choice":"Desecrate","floor":21,"damage_taken":0}],"boss_relics":[{"not_picked":["Snecko Eye","Runic Pyramid"],"picked":"Tiny House"}],"potions_floor_spawned":[8,12,24,27,28],"seed_played":"6895961221259286706","killed_by":"3 Cultists","ascension_level":2,"is_trial":false}