{"path_per_floor":["M","?","M","$","?","R","E","M","T","M","R","?","M","M","R","B",null,"M","M","?","?","$"],"character_chosen":"THE_SILENT","items_purchased":["Madness"],"gold_per_floor":[17,17,31,31,31,31,63,83,83,100,100,50,70,89,89,185,185,201,217,217,217,36],"floor_reached":23,"campfire_rested":2,"playtime":1259,"current_hp_per_floor":[68,68,67,67,67,67,27,27,27,25,46,46,46,46,67,29,70,58,34,34,34,34],"items_purged":["Writhe"],"gold":36,"play_id":"48d7aede-8eae-466a-937f-6a403eb7c9bd","is_prod":false,"is_daily":false,"is_ascension_mode":false,"campfire_upgraded":1,"path_taken":["M","?","M","$","?","R","E","M","T","M","R","?","?","M","R","BOSS","M","M","?","?","$","E"],"build_version":"2018-02-01-PROD3","purchased_purges":1,"victory":false,"master_deck":["Defend_G+1","Defend_G+1","Defend_G+1","Defend_G+1","Defend_G+1","Strike_G+1","Strike_G+1","Strike_G+1","Strike_G+1","Strike_G+1","Survivor","Neutralize","Venomology","Choke","Outmaneuver+1","Dramatic Entrance","A Thousand Cuts","Neutralize","Tools of the Trade","Blur","Quick Slash","Deflect","Prepared","Infinite Blades","Tactician","A Thousand Cuts","Dagger Throw","Madness"],"max_hp_per_floor":[70,70,70,70,70,70,70,70,70,70,70,70,70,70,70,70,70,70,70,70,70,70],"relics":["Ring of the Snake","Snake Skull","Du-Vu Doll","Dream Catcher","Cursed Key","Happy Flower"],"card_choices":[{"not_picked":["Storm of Steel","Glass Knife"],"picked":"Venomology"},{"not_picked":["Underhanded Strike","Outmaneuver"],"picked":"Choke"},{"not_picked":["Dagger Throw","Masterful Stab"],"picked":"Outmaneuver"},{"not_picked":["Deflect","Backstab"],"picked":"Tools of the Trade"},{"not_picked":["Sucker Punch","Skewer"],"picked":"Blur"},{"not_picked":["All Out Attack","Outmaneuver"],"picked":"Quick Slash"},{"not_picked":["Deadly Poison","Catalyst"],"picked":"Deflect"},{"not_picked":["Deadly Poison","Quick Slash"],"picked":"Prepared"},{"not_picked":["Deflect","Flechettes"],"picked":"Infinite Blades"},{"not_picked":["Accuracy","Riddle With Holes"],"picked":"Tactician"},{"not_picked":["Bullet Time","Venomology"],"picked":"A Thousand Cuts"},{"not_picked":["Reflex","Backflip"],"picked":"Dagger Throw"}],"player_experience":127825,"potions_floor_usage":[18,18,19,19],"damage_taken":[{"damage":2.0,"enemies":"2 Louse","floor":1.0,"turns":3.0},{"damage":1.0,"enemies":"Cultist","floor":3.0,"turns":4.0},{"damage":40.0,"enemies":"Lagavulin","floor":7.0,"turns":7.0},{"damage":0.0,"enemies":"Jaw Worm","floor":8.0,"turns":2.0},{"damage":2.0,"enemies":"Red Slaver","floor":10.0,"turns":2.0},{"damage":0.0,"enemies":"Lots of Slimes","floor":13.0,"turns":1.0},{"damage":0.0,"enemies":"3 Louse","floor":14.0,"turns":3.0},{"damage":38.0,"enemies":"The Guardian","floor":16.0,"turns":11.0},{"damage":12,"enemies":"Shell Parasite","floor":18,"turns":4},{"damage":24,"enemies":"2 Thieves","floor":19,"turns":4},{"damage":39,"enemies":"Slavers","floor":23,"turns":2}],"event_choices":[{"event_name":"Big Fish","player_choice":"Box","floor":2.0,"damage_taken":0.0},{"event_name":"Match and Keep!","player_choice":"3 cards matched","floor":5.0,"damage_taken":0.0},{"event_name":"The Cleric","player_choice":"Card Removal","floor":12.0,"damage_taken":0.0},{"event_name":"Back to Basics","player_choice":"Simplicity","floor":20,"damage_taken":0},{"event_name":"The Mausoleum","player_choice":"Yes","floor":21,"damage_taken":0}],"boss_relics":[],"potions_floor_spawned":[7,10,13,14],"seed_played":"-8859826057339644552","killed_by":"Slavers","ascension_level":0,"is_trial":false}