{"path_per_floor":["M","$","M","$","?","R","E","?","T","R","M","?","M","T","R","B",null,"M","T","?","$","M","E","M","R","T","M","M","T","?","M","R"],"character_chosen":"THE_SILENT","items_purchased":["Tiny Chest","Noxious Fumes","Lantern","Bag of Preparation","Apotheosis"],"gold_per_floor":[369,171,182,34,109,109,136,311,311,311,326,426,439,439,439,543,543,553,577,577,160,171,200,220,220,220,238,253,302,302,313,313],"floor_reached":33,"campfire_rested":5,"playtime":1114,"current_hp_per_floor":[35,35,33,33,22,43,3,3,3,24,24,24,21,21,42,25,70,52,52,39,39,39,11,15,37,37,14,20,20,20,19,41],"items_purged":["Doubt"],"gold":313,"score":303,"play_id":"44366511-239d-433c-b3f9-111e4310543d","is_prod":false,"is_daily":false,"is_ascension_mode":true,"campfire_upgraded":0,"path_taken":["M","$","M","$","?","R","E","?","T","R","M","?","M","?","R","BOSS","M","?","?","$","M","E","M","R","T","?","M","?","?","M","R","BOSS"],"build_version":"2018-02-08-PROD1","purchased_purges":1,"victory":false,"master_deck":["Defend_G","Defend_G","Defend_G","Defend_G","Defend_G","Strike_G","Strike_G","Strike_G","Strike_G","Strike_G","Survivor","Neutralize","Backflip","Noxious Fumes","Terror","Noxious Fumes","Glass Knife","Flying Knee","Night Terror","Bane","Noxious Fumes","Dagger Spray","Flying Knee","All Out Attack","Backflip","Apotheosis","Deflect+1","Backflip+1","Acrobatics+1","Dodge and Roll","Slice","Writhe","Caltrops"],"max_hp_per_floor":[70,70,70,70,70,70,70,70,70,70,70,70,70,70,70,70,70,70,70,75,75,75,75,75,75,75,75,75,75,75,75,75],"relics":["Ring of the Snake","Tiny Chest","Lantern","Bronze Scales","Shovel","Gambling Chip","Orrery","Ancient Tea Set","Bag of Preparation","Bottled Tornado","Centennial Puzzle","Orichalcum","Vajra"],"card_choices":[{"not_picked":["Outmaneuver","Underhanded Strike"],"picked":"Backflip"},{"not_picked":["Dagger Spray","Backflip"],"picked":"Terror"},{"not_picked":["Outmaneuver","Underhanded Strike"],"picked":"Noxious Fumes"},{"not_picked":["Accuracy","Deadly Poison"],"picked":"Glass Knife"},{"not_picked":["Quick Slash","Reflex"],"picked":"Flying Knee"},{"not_picked":["Tactician","Storm of Steel"],"picked":"Night Terror"},{"not_picked":["Backflip","Quick Slash"],"picked":"Bane"},{"not_picked":["Backflip","Well Laid Plans"],"picked":"Noxious Fumes"},{"not_picked":["PiercingWail","Underhanded Strike"],"picked":"Dagger Spray"},{"not_picked":["PiercingWail","Eviscerate"],"picked":"Flying Knee"},{"not_picked":["Bane","Blade Dance"],"picked":"All Out Attack"},{"not_picked":["Blade Dance","Underhanded Strike"],"picked":"Backflip"},{"not_picked":["PiercingWail","Heel Hook"],"picked":"Deflect"},{"not_picked":["Terror","Blade Dance"],"picked":"Backflip"},{"not_picked":["Underhanded Strike","PiercingWail"],"picked":"Acrobatics"},{"not_picked":["Eviscerate","Blade Dance"],"picked":"Dodge and Roll"},{"not_picked":["Heel Hook","Quick Slash"],"picked":"Slice"},{"not_picked":["Grand Finale","Reflex"],"picked":"Caltrops"}],"player_experience":154599,"potions_floor_usage":[7,16,16,24,28,33],"damage_taken":[{"damage":0,"enemies":"Small Slimes","floor":1,"turns":3},{"damage":2,"enemies":"Jaw Worm","floor":3,"turns":4},{"damage":40,"enemies":"Gremlin Nob","floor":7,"turns":6},{"damage":0,"enemies":"2 Louse","floor":11,"turns":3},{"damage":3,"enemies":"Gremlin Gang","floor":13,"turns":4},{"damage":17,"enemies":"Hexaghost","floor":16,"turns":8},{"damage":18,"enemies":"Spheric Guardian","floor":18,"turns":4},{"damage":0,"enemies":"3 Byrds","floor":22,"turns":3},{"damage":28,"enemies":"Book of Stabbing","floor":23,"turns":5},{"damage":5,"enemies":"3 Cultists","floor":24,"turns":4},{"damage":23,"enemies":"Slaver and Parasite","floor":27,"turns":4},{"damage":6,"enemies":"Snecko","floor":28,"turns":5},{"damage":1,"enemies":"3 Cultists","floor":31,"turns":4},{"damage":47,"enemies":"Champ","floor":33,"turns":8}],"event_choices":[{"event_name":"World of Goop","player_choice":"Gather Gold","floor":5,"damage_taken":0},{"event_name":"Liars Game","player_choice":"agreed","floor":8,"damage_taken":0},{"event_name":"Golden Shrine","player_choice":"Pray","floor":12,"damage_taken":0},{"event_name":"Forgotten Altar","player_choice":"Shed Blood","floor":20,"damage_taken":0},{"event_name":"The Mausoleum","player_choice":"Yes","floor":30,"damage_taken":0}],"boss_relics":[{"not_picked":["The Specimen","Cursed Key"],"picked":"Orrery"}],"potions_floor_spawned":[3,7,11,16,24,31],"seed_played":"3363396323064331926","killed_by":"Champ","ascension_level":1,"is_trial":false}