{"path_per_floor":["M","?","?","M","?","R","$","R","T","M","M","M","E","$","R","B",null,"M","?","$","?"],"character_chosen":"THE_SILENT","items_purchased":["Secret Technique"],"gold_per_floor":[116,116,116,126,126,126,51,51,76,92,116,130,169,69,69,188,188,209,209,31,31],"floor_reached":22,"campfire_rested":3,"playtime":889,"current_hp_per_floor":[69,69,55,55,38,59,59,70,70,70,63,63,47,47,70,59,70,35,35,35,35],"items_purged":["Strike_G","Strike_G"],"gold":0,"score":209,"play_id":"b8a38949-a98a-4fa9-ad2f-4c8835db7d67","is_prod":false,"is_daily":false,"is_ascension_mode":true,"campfire_upgraded":0,"path_taken":["M","?","?","M","?","R","$","R","T","?","?","?","E","$","R","BOSS","M","?","$","?","M"],"build_version":"2018-02-15-PROD1","purchased_purges":3,"victory":false,"master_deck":["Defend_G","Defend_G","Defend_G","Defend_G+1","Defend_G","Strike_G","Strike_G","Survivor","Neutralize","Slice+1","Slice","Bouncing Flask","Well Laid Plans","Burst","Noxious Fumes","PiercingWail","Envenom","Dodge and Roll+1","Secret Technique"],"max_hp_per_floor":[70,70,70,70,70,70,70,70,70,70,70,70,70,70,70,70,70,70,70,70,70],"relics":["Ring of the Snake","Bag of Preparation","Regal Pillow","Nloth\u0027s Gift"],"card_choices":[{"not_picked":["Deadly Poison","Setup"],"picked":"Slice"},{"not_picked":["Acrobatics","Deflect"],"picked":"Bouncing Flask"},{"not_picked":["Setup","Dagger Spray"],"picked":"Well Laid Plans"},{"not_picked":["Underhanded Strike","Malaise"],"picked":"Burst"},{"not_picked":["Underhanded Strike","Backflip"],"picked":"Noxious Fumes"},{"not_picked":["Blade Dance","Masterful Stab"],"picked":"PiercingWail"},{"not_picked":["Doppelganger","Die Die Die"],"picked":"Envenom"},{"not_picked":["Deflect","Quick Slash"],"picked":"Dodge and Roll"}],"player_experience":196890,"potions_floor_usage":[13],"damage_taken":[{"damage":1,"enemies":"Jaw Worm","floor":1,"turns":5},{"damage":0,"enemies":"Small Slimes","floor":4,"turns":4},{"damage":0,"enemies":"2 Louse","floor":10,"turns":3},{"damage":7,"enemies":"Large Slime","floor":11,"turns":5},{"damage":0,"enemies":"2 Fungi Beasts","floor":12,"turns":3},{"damage":16,"enemies":"3 Sentries","floor":13,"turns":5},{"damage":11,"enemies":"The Guardian","floor":16,"turns":8},{"damage":35,"enemies":"Shell Parasite","floor":18,"turns":6},{"damage":35,"enemies":"2 Thieves","floor":22,"turns":3}],"event_choices":[{"event_name":"Liars Game","player_choice":"disagreed","floor":2,"damage_taken":0},{"event_name":"Shining Light","player_choice":"Entered Light","floor":3,"damage_taken":0},{"event_name":"Golden Idol","player_choice":"Take Damage","floor":5,"damage_taken":0},{"event_name":"The Woman in Blue","player_choice":"Bought 0 Potions","floor":19,"damage_taken":0},{"event_name":"N\u0027loth","player_choice":"Traded a Golden Idol","floor":21,"damage_taken":0}],"boss_relics":[{"not_picked":["Philosopher\u0027s Stone","Pandora\u0027s Box","Calling Bell"]}],"potions_floor_spawned":[4,10,13,18],"seed_played":"-7420536872081107151","killed_by":"2 Thieves","ascension_level":3,"is_trial":false}