{"path_per_floor":["M","M","?","?","M","R","M","R","T","M","M","R","?","$","R","B",null,"M","?","?","?","M","R","$","R","T","M","?","E","M","E","R","B",null,"M","?","M","M","$","R","M","M","T","E","$","E","M","$","R","B"],"character_chosen":"THE_SILENT","items_purchased":["Flash of Steel","Noxious Fumes","Sadistic Nature","Poisoned Stab"],"gold_per_floor":[119,137,137,137,154,154,167,167,167,185,200,200,200,31,31,133,133,145,145,145,70,80,80,80,80,105,119,119,154,171,196,196,296,296,310,363,379,394,294,294,313,329,329,361,10,40,60,14,14,14],"floor_reached":51,"campfire_rested":1,"playtime":3897,"current_hp_per_floor":[61,53,53,46,30,30,28,28,28,18,12,12,17,17,37,33,59,59,43,43,43,43,43,43,43,43,24,24,26,28,10,10,35,63,62,46,63,75,75,75,80,79,86,72,72,61,77,77,77,34],"items_purged":["Strike_G","Doubt","Sucker Punch"],"gold":14,"score":851,"play_id":"4d638d35-a2c0-4dd5-8533-10e2ac54188e","is_prod":false,"is_daily":false,"is_ascension_mode":true,"campfire_upgraded":8,"path_taken":["M","M","?","?","M","R","M","R","T","M","M","R","?","$","R","BOSS","M","?","?","?","M","R","$","R","T","M","?","E","M","E","R","BOSS","M","?","?","M","$","R","M","M","T","E","$","E","M","?","R","BOSS"],"build_version":"2018-02-08-PROD1","purchased_purges":3,"victory":true,"master_deck":["Survivor","Neutralize+1","Wraith Form+1","Deflect","Expertise+1","Outmaneuver","Noxious Fumes","Deflect","Flash of Steel+1","Adrenaline+1","Deflect","Cloak And Dagger","Backstab","Outmaneuver","Backflip","Well Laid Plans+1","After Image+1","A Thousand Cuts+1","Skewer+1","Predator+1","Noxious Fumes","Sadistic Nature","Caltrops+1","Poisoned Stab+1"],"max_hp_per_floor":[63,63,63,63,63,63,63,63,63,63,63,63,68,68,68,68,68,68,68,68,68,68,68,68,68,68,68,68,70,72,72,72,72,72,74,76,78,80,80,80,80,82,89,91,91,93,93,93,93,93],"relics":["Ring of the Snake","Ancient Tea Set","Pandora\u0027s Box","Enchiridion","Snake Skull","Kunai","Singing Bowl","Pantograph","Astrolabe","Bird Faced Urn","Strawberry","Molten Egg 2","Darkstone Periapt"],"card_choices":[{"not_picked":["Finisher","Acrobatics"],"picked":"Wraith Form"},{"not_picked":["Sucker Punch","Poisoned Stab"],"picked":"Deflect"},{"not_picked":["Cloak And Dagger","Dagger Spray"],"picked":"Noxious Fumes"},{"not_picked":["Flying Knee","Underhanded Strike"],"picked":"Deflect"},{"not_picked":["Caltrops","Dodge and Roll"],"picked":"Prepared"},{"not_picked":["Distraction","Poisoned Stab"],"picked":"Quick Slash"},{"not_picked":["Corpse Explosion","Phantasmal Killer"],"picked":"Adrenaline"},{"not_picked":["Quick Slash","Distraction"],"picked":"Well Laid Plans"},{"not_picked":["Catalyst","Sucker Punch"],"picked":"After Image"},{"not_picked":["Tools of the Trade","Storm of Steel"],"picked":"A Thousand Cuts"},{"not_picked":["Calculated Gamble","Slice"],"picked":"Predator"},{"not_picked":["Prepared","Cloak And Dagger"],"picked":"Caltrops"}],"player_experience":297746,"potions_floor_usage":[16,33,35,37,50,50,50],"damage_taken":[{"damage":2,"enemies":"Jaw Worm","floor":1,"turns":7},{"damage":8,"enemies":"Blue Slaver","floor":2,"turns":6},{"damage":16,"enemies":"Small Slimes","floor":5,"turns":4},{"damage":2,"enemies":"2 Fungi Beasts","floor":7,"turns":4},{"damage":10,"enemies":"Exordium Wildlife","floor":10,"turns":5},{"damage":6,"enemies":"3 Louse","floor":11,"turns":5},{"damage":4,"enemies":"The Guardian","floor":16,"turns":9},{"damage":0,"enemies":"Spheric Guardian","floor":18,"turns":3},{"damage":0,"enemies":"Chosen","floor":22,"turns":3},{"damage":19,"enemies":"Snecko","floor":27,"turns":4},{"damage":0,"enemies":"Book of Stabbing","floor":29,"turns":4},{"damage":0,"enemies":"Cultist and Chosen","floor":30,"turns":4},{"damage":18,"enemies":"Slavers","floor":31,"turns":4},{"damage":0,"enemies":"Collector","floor":33,"turns":5},{"damage":3,"enemies":"3 Shapes","floor":35,"turns":4},{"damage":18,"enemies":"Mysterious Sphere","floor":36,"turns":5},{"damage":6,"enemies":"3 Darklings","floor":37,"turns":4},{"damage":2,"enemies":"Maw","floor":38,"turns":7},{"damage":0,"enemies":"Sphere and 2 Shapes","floor":41,"turns":4},{"damage":9,"enemies":"4 Shapes","floor":42,"turns":4},{"damage":23,"enemies":"2 Orb Walkers","floor":44,"turns":5},{"damage":29,"enemies":"Nemesis","floor":46,"turns":7},{"damage":0,"enemies":"Maw","floor":47,"turns":6},{"damage":65,"enemies":"Time Eater","floor":50,"turns":11}],"event_choices":[{"event_name":"Match and Keep!","player_choice":"2 cards matched","floor":3,"damage_taken":0},{"event_name":"Golden Wing","player_choice":"Card Removal","floor":4,"damage_taken":0},{"event_name":"Big Fish","player_choice":"Donut","floor":13,"damage_taken":0},{"event_name":"Cursed Tome","player_choice":"Obtained Book","floor":19,"damage_taken":0},{"event_name":"The Woman in Blue","player_choice":"Bought 0 Potions","floor":20,"damage_taken":0},{"event_name":"Beggar","player_choice":"Gave Gold","floor":21,"damage_taken":0},{"event_name":"The Mausoleum","player_choice":"Yes","floor":28,"damage_taken":0},{"event_name":"Mysterious Sphere","player_choice":"Fight","floor":36,"damage_taken":0}],"boss_relics":[{"not_picked":["Black Star","Lizard Tail"],"picked":"Pandora\u0027s Box"},{"not_picked":["Question Card","White Beast Statue"],"picked":"Astrolabe"}],"potions_floor_spawned":[1,2,10,18,30,33,36,38,42],"seed_played":"533437581140919739","ascension_level":7,"is_trial":false}