{"path_per_floor":["M","?","$","M","?","R","M","R","T","E","M","$","?","M","R","B",null,"M","M","$","M","?","E","M","R","T","?","R","T","$","M","R"],"character_chosen":"THE_SILENT","items_purchased":["Orichalcum","Deep Breath"],"gold_per_floor":[117,117,42,54,54,54,73,73,97,122,136,36,36,55,55,159,189,174,188,42,62,62,97,107,107,107,107,107,107,16,29,29],"floor_reached":33,"campfire_rested":1,"playtime":1716,"current_hp_per_floor":[57,57,57,56,49,49,45,45,45,22,22,22,27,27,27,20,64,56,47,47,56,56,54,29,29,29,15,15,15,15,6,30],"items_purged":["Defend_G","Strike_G"],"gold":29,"score":423,"play_id":"11d97074-a13b-4400-b7b0-69d2243de56f","is_prod":false,"is_daily":false,"is_ascension_mode":true,"campfire_upgraded":5,"path_taken":["M","?","$","M","?","R","M","R","T","E","?","$","?","?","R","BOSS","M","M","$","M","?","E","M","R","T","?","R","?","?","M","R","BOSS"],"build_version":"2018-02-15-PROD1","purchased_purges":2,"victory":false,"master_deck":["Defend_G+1","Defend_G","Defend_G+1","Defend_G+1","Strike_G","Strike_G","Strike_G","Strike_G","Survivor","Neutralize+1","Dagger Spray+1","Dash+1","Acrobatics+1","Calculated Gamble+1","Deflect+1","After Image","Backflip+1","Footwork+1","Noxious Fumes+1","Expertise+1","Slice","Heel Hook","Outmaneuver+1","Backstab","Deep Breath+1"],"max_hp_per_floor":[70,67,67,67,67,67,67,67,67,67,67,67,72,72,72,72,77,77,77,77,77,77,77,77,77,77,82,82,82,82,82,82],"relics":["White Beast Statue","Spirit Poop","Toxic Egg 2","War Paint","Prayer Wheel","Tiny House","Orichalcum","Shuriken","Pen Nib","Anchor"],"card_choices":[{"not_picked":["Escape Plan","Blade Dance"],"picked":"Dagger Spray"},{"not_picked":["Acrobatics","Accuracy"],"picked":"Dash"},{"not_picked":["Terror","Flechettes"],"picked":"Acrobatics"},{"not_picked":["Sucker Punch","Backflip"],"picked":"Calculated Gamble"},{"not_picked":["Bane","Riddle With Holes"],"picked":"Deflect"},{"not_picked":["Envenom","Bullet Time"],"picked":"After Image"},{"not_picked":["Dagger Throw","Dodge and Roll"],"picked":"Backflip"},{"not_picked":["Quick Slash","Poisoned Stab"],"picked":"Footwork"},{"not_picked":["Bouncing Flask","Eviscerate"],"picked":"Noxious Fumes"},{"not_picked":["Deadly Poison","Quick Slash"],"picked":"Expertise"},{"not_picked":["Calculated Gamble","Dagger Throw"],"picked":"Slice"},{"not_picked":["Dodge and Roll","Poisoned Stab"],"picked":"Heel Hook"},{"not_picked":["PiercingWail","Cloak And Dagger"],"picked":"Outmaneuver"},{"not_picked":["Endless Agony","Distraction"],"picked":"Backstab"}],"player_experience":354009,"potions_floor_usage":[10,10,14,16,16,16,18,21,23,23,24,33,33,33],"damage_taken":[{"damage":6,"enemies":"Small Slimes","floor":1,"turns":6},{"damage":1,"enemies":"Cultist","floor":4,"turns":4},{"damage":4,"enemies":"2 Louse","floor":7,"turns":3},{"damage":23,"enemies":"Lagavulin","floor":10,"turns":6},{"damage":0,"enemies":"Large Slime","floor":11,"turns":6},{"damage":0,"enemies":"Exordium Thugs","floor":14,"turns":3},{"damage":7,"enemies":"The Guardian","floor":16,"turns":19},{"damage":8,"enemies":"2 Thieves","floor":18,"turns":4},{"damage":9,"enemies":"3 Byrds","floor":19,"turns":9},{"damage":3,"enemies":"Snecko","floor":21,"turns":7},{"damage":2,"enemies":"Gremlin Leader","floor":23,"turns":9},{"damage":25,"enemies":"Chosen and Byrds","floor":24,"turns":9},{"damage":9,"enemies":"Centurion and Healer","floor":31,"turns":4},{"damage":37,"enemies":"Champ","floor":33,"turns":12}],"event_choices":[{"event_name":"Bonfire Elementals","player_choice":"CURSE","floor":2,"damage_taken":0},{"event_name":"Scrap Ooze","player_choice":"success","floor":5,"damage_taken":7},{"event_name":"Big Fish","player_choice":"Donut","floor":13,"damage_taken":0},{"event_name":"Drug Dealer","player_choice":"Ignored","floor":22,"damage_taken":0},{"event_name":"Forgotten Altar","player_choice":"Shed Blood","floor":27,"damage_taken":0}],"boss_relics":[{"not_picked":["Black Star","Snecko Eye"],"picked":"Tiny House"}],"potions_floor_spawned":[1,4,7,10,11,14,16,18,19,21,23,24,31],"seed_played":"-1179885021525315984","killed_by":"Champ","ascension_level":12,"is_trial":false}