{"path_per_floor":["M","M","M","$","?","E","R","M","T","$","M","R","E","M","R","B",null,"M","$","M","?","?","R","E","M","T","R","$","?","?","M","R","B",null,"M","$","?","?","?","E","R","E","T","M"],"character_chosen":"THE_SILENT","items_purchased":["After Image","Noxious Fumes","Pen Nib","Noxious Fumes","Well Laid Plans"],"gold_per_floor":[112,132,147,73,73,101,101,117,140,70,90,90,119,129,129,233,233,245,19,39,39,39,39,70,88,88,88,6,6,6,18,18,121,121,136,2,2,0,0,28,28,58,58,68],"floor_reached":45,"campfire_rested":6,"playtime":2016,"current_hp_per_floor":[65,65,64,64,46,40,61,57,57,57,57,57,68,68,80,56,80,70,70,59,59,59,80,72,39,39,63,63,63,63,54,78,26,80,69,69,69,69,80,58,80,12,12,1],"items_purged":["Defend_G","Strike_G"],"gold":68,"score":494,"play_id":"f48dcc7c-d9aa-4e00-ba4a-de80e16590e3","is_prod":false,"is_daily":false,"is_ascension_mode":true,"campfire_upgraded":1,"path_taken":["M","?","M","$","?","E","R","M","T","$","M","R","E","M","R","BOSS","M","$","M","?","?","R","E","M","T","R","$","?","?","M","R","BOSS","M","$","?","?","?","E","R","E","T","M","M"],"build_version":"2018-02-15-PROD1","purchased_purges":4,"victory":false,"master_deck":["Defend_G","Defend_G+1","Defend_G","Defend_G+1","Strike_G","Strike_G","Strike_G","Survivor","Neutralize","Leg Sweep","Bouncing Flask+1","Blur","After Image","Backstab","Poisoned Stab","Noxious Fumes","Calculated Gamble","Tactician","Infinite Blades+1","Noxious Fumes","Flechettes","Choke","Noxious Fumes","Acrobatics+1","Bouncing Flask","Envenom","Malaise","Well Laid Plans","Writhe","Backflip","Distraction+1","Cloak And Dagger+1","Choke"],"max_hp_per_floor":[70,70,70,70,70,70,70,70,70,70,70,70,80,80,80,80,80,80,80,80,80,80,80,80,80,80,80,80,80,80,80,80,80,80,80,80,80,80,80,80,80,80,80,80],"relics":["Ring of the Snake","Ice Cream","Matryoshka","War Paint","Anchor","Pear","Snecko Eye","Pen Nib","Dream Catcher","Ornamental Fan","Bronze Scales","Calipers","Thread and Needle","Sozu","Red Mask","Regal Pillow","Frozen Egg 2","Unceasing Top"],"card_choices":[{"not_picked":["Dodge and Roll","Deflect"],"picked":"Leg Sweep"},{"not_picked":["Prepared","All Out Attack"],"picked":"Bouncing Flask"},{"not_picked":["Expertise","Predator"],"picked":"Blur"},{"not_picked":["Deflect","Unload"],"picked":"Backstab"},{"not_picked":["Quick Slash","PiercingWail"],"picked":"Poisoned Stab"},{"not_picked":["Riddle With Holes","Skewer"],"picked":"Calculated Gamble"},{"not_picked":["Glass Knife","A Thousand Cuts"],"picked":"Tactician"},{"not_picked":["Outmaneuver","Slice"],"picked":"Infinite Blades"},{"not_picked":["Dagger Spray","PiercingWail"],"picked":"Noxious Fumes"},{"not_picked":["Cloak And Dagger","Backflip"],"picked":"Flechettes"},{"not_picked":["Sucker Punch","Footwork"],"picked":"Choke"},{"not_picked":["Tactician","Outmaneuver"],"picked":"Acrobatics"},{"not_picked":["Cloak And Dagger","Sucker Punch"],"picked":"Bouncing Flask"},{"not_picked":["A Thousand Cuts","Corpse Explosion"],"picked":"Envenom"},{"not_picked":["Terror","Underhanded Strike"],"picked":"Malaise"},{"not_picked":["Leg Sweep","Acrobatics"],"picked":"Backflip"},{"not_picked":["Quick Slash","Dagger Throw"],"picked":"Distraction"},{"not_picked":["Expertise","Tools of the Trade"],"picked":"Cloak And Dagger"},{"not_picked":["Deadly Poison","Eviscerate"],"picked":"Choke"}],"player_experience":190435,"potions_floor_usage":[6,13,13,24,24,25],"damage_taken":[{"damage":5,"enemies":"Cultist","floor":1,"turns":6},{"damage":0,"enemies":"2 Louse","floor":2,"turns":3},{"damage":1,"enemies":"Small Slimes","floor":3,"turns":5},{"damage":6,"enemies":"3 Sentries","floor":6,"turns":11},{"damage":4,"enemies":"2 Fungi Beasts","floor":8,"turns":5},{"damage":0,"enemies":"Blue Slaver","floor":11,"turns":4},{"damage":8,"enemies":"Gremlin Nob","floor":13,"turns":4},{"damage":0,"enemies":"Large Slime","floor":14,"turns":6},{"damage":24,"enemies":"Hexaghost","floor":16,"turns":8},{"damage":10,"enemies":"Shell Parasite","floor":18,"turns":5},{"damage":11,"enemies":"Spheric Guardian","floor":20,"turns":4},{"damage":8,"enemies":"Slavers","floor":24,"turns":8},{"damage":33,"enemies":"3 Cultists","floor":25,"turns":6},{"damage":9,"enemies":"Sentry and Sphere","floor":31,"turns":4},{"damage":52,"enemies":"Champ","floor":33,"turns":11},{"damage":11,"enemies":"3 Shapes","floor":35,"turns":5},{"damage":22,"enemies":"Nemesis","floor":40,"turns":7},{"damage":68,"enemies":"2 Orb Walkers","floor":42,"turns":6},{"damage":11,"enemies":"3 Darklings","floor":44,"turns":8},{"damage":16,"enemies":"Maw","floor":45,"turns":2}],"event_choices":[{"event_name":"Scrap Ooze","player_choice":"success","floor":5,"damage_taken":18},{"event_name":"Beggar","player_choice":"Ignored","floor":21,"damage_taken":0},{"event_name":"Accursed Blacksmith","player_choice":"Rummage","floor":22,"damage_taken":0},{"event_name":"Drug Dealer","player_choice":"Ignored","floor":29,"damage_taken":0},{"event_name":"The Mausoleum","player_choice":"Yes","floor":30,"damage_taken":0},{"event_name":"Mysterious Sphere","player_choice":"Ignore","floor":37,"damage_taken":0},{"event_name":"Tomb of Lord Red Mask","player_choice":"Paid","floor":38,"damage_taken":0},{"event_name":"Winding Halls","player_choice":"Writhe","floor":39,"damage_taken":0}],"boss_relics":[{"not_picked":["Calling Bell","Philosopher\u0027s Stone"],"picked":"Snecko Eye"},{"not_picked":["Tiny House","White Beast Statue"],"picked":"Sozu"}],"potions_floor_spawned":[1,8,11,13,14,18,20,33,35,42],"seed_played":"1278729605952519036","killed_by":"Maw","ascension_level":2,"is_trial":false}