{"path_per_floor":["M","?","$","?","M","R","E","R","T","?","$","M","R","$","R","B",null,"M","?","$","M","M","R"],"character_chosen":"THE_SILENT","items_purchased":["Dash","Enlightenment"],"gold_per_floor":[114,64,64,139,152,152,178,178,178,178,66,80,80,80,80,203,203,226,226,23,24,37,37],"floor_reached":24,"campfire_rested":0,"playtime":1741,"current_hp_per_floor":[59,59,59,48,48,48,20,20,20,20,20,20,20,20,20,2,44,44,44,44,41,41,41],"items_purged":["Defend_G"],"gold":37,"score":259,"play_id":"4e2a0394-4c9c-466f-bddb-dfd7194d042b","is_prod":false,"is_daily":false,"is_ascension_mode":true,"campfire_upgraded":5,"path_taken":["M","?","?","?","M","R","E","R","T","?","$","M","R","$","R","BOSS","M","?","$","M","?","R","E"],"build_version":"2018-02-08-PROD1","purchased_purges":1,"victory":false,"master_deck":["Defend_G","Defend_G","Defend_G","Survivor","Neutralize+1","Deadly Poison","Footwork+1","Dash+1","Backflip+1","Burst","Phantasmal Killer+1","Cloak And Dagger+1","Dash+1","Enlightenment+1","Escape Plan"],"max_hp_per_floor":[63,63,63,63,63,63,63,63,63,58,58,58,58,58,58,58,58,58,58,58,58,58,58],"relics":["Ring of the Snake","Bag of Preparation","Regal Pillow","Golden Idol","Astrolabe"],"card_choices":[{"not_picked":["Deflect","Slice"],"picked":"Deadly Poison"},{"not_picked":["Dagger Throw","Malaise"],"picked":"Footwork"},{"not_picked":["Night Terror","Prepared"],"picked":"Backflip"},{"not_picked":["Bullet Time","Night Terror"],"picked":"Burst"},{"not_picked":["Deadly Poison","Blade Dance"],"picked":"Escape Plan"}],"player_experience":296005,"potions_floor_usage":[18,24,24],"damage_taken":[{"damage":4,"enemies":"Cultist","floor":1,"turns":6},{"damage":0,"enemies":"Small Slimes","floor":5,"turns":3},{"damage":28,"enemies":"3 Sentries","floor":7,"turns":18},{"damage":0,"enemies":"Jaw Worm","floor":12,"turns":3},{"damage":18,"enemies":"The Guardian","floor":16,"turns":14},{"damage":0,"enemies":"Spheric Guardian","floor":18,"turns":5},{"damage":3,"enemies":"2 Thieves","floor":21,"turns":5},{"damage":0,"enemies":"Centurion and Healer","floor":22,"turns":6},{"damage":46,"enemies":"Slavers","floor":24,"turns":6}],"event_choices":[{"event_name":"The Cleric","player_choice":"Card Removal","floor":2,"damage_taken":0},{"event_name":"World of Goop","player_choice":"Gather Gold","floor":4,"damage_taken":0},{"event_name":"Golden Idol","player_choice":"Lose Max HP","floor":10,"damage_taken":0},{"event_name":"Vampires","player_choice":"Ignored","floor":19,"damage_taken":0}],"boss_relics":[{"not_picked":["Snecko Eye","Calling Bell"],"picked":"Astrolabe"}],"potions_floor_spawned":[7,16,18],"seed_played":"-268526495194751213","killed_by":"Slavers","ascension_level":7,"is_trial":false}