{"path_per_floor":["M","?","$","M","M","R","?","R","T","M","M","R","M","M","R","B",null,"M","?","$","M","M","R","M","R","T","T","E","M","M","E","R","B",null,"M","M","M","T","?","R","E","?","T","M","R","E","M","?","R","B"],"character_chosen":"THE_SILENT","items_purchased":["Footwork","Dash","Backflip","Heel Hook"],"gold_per_floor":[111,111,2,19,37,37,37,37,37,51,63,63,78,93,93,189,189,189,189,18,18,18,18,18,18,18,18,18,18,18,18,18,18,18,18,18,18,18,0,0,0,0,0,0,0,0,0,0,0,0],"floor_reached":51,"campfire_rested":2,"playtime":3205,"current_hp_per_floor":[57,57,57,50,50,50,50,50,50,48,48,48,34,32,32,48,59,49,49,49,49,48,48,44,44,44,44,44,42,35,33,33,28,59,43,43,43,43,43,43,20,20,20,14,34,34,24,14,37,13],"items_purged":["Strike_G"],"gold":0,"score":956,"play_id":"8a07dd7c-92a6-47da-bfdd-3650a595362d","is_prod":false,"is_daily":false,"is_ascension_mode":true,"campfire_upgraded":8,"path_taken":["M","?","$","M","M","R","?","R","T","?","M","R","M","?","R","BOSS","M","?","$","M","M","R","M","R","T","?","E","M","M","E","R","BOSS","M","M","M","?","?","R","E","?","T","M","R","E","M","?","R","BOSS"],"build_version":"2018-02-15-PROD1","purchased_purges":1,"victory":true,"master_deck":["Defend_G","Defend_G","Defend_G","Defend_G","Defend_G","Strike_G","Strike_G","Strike_G","Survivor","Neutralize+1","Parasite","Prepared","Footwork+1","Dash+1","Poisoned Stab","Adrenaline+1","Flying Knee","A Thousand Cuts+1","Dagger Spray+1","Backflip","Die Die Die","Dodge and Roll","Predator+1","Backflip","Heel Hook","Calculated Gamble+1","Acrobatics+1","Malaise","Heel Hook","Backstab","Tools of the Trade+1","Heel Hook","Deflect+1","Concentrate+1","Escape Plan","Outmaneuver+1","Expertise+1","Terror+1","Madness+1","Madness+1","Reflex+1"],"max_hp_per_floor":[63,63,63,63,63,63,63,63,63,63,63,63,63,63,63,63,63,63,63,63,63,63,63,63,63,63,63,63,63,63,63,63,63,68,68,68,68,68,68,68,68,68,68,68,68,78,78,78,78,78],"relics":["Ring of the Snake","Ice Cream","Pantograph","Ectoplasm","Ornamental Fan","Happy Flower","Juzu Bracelet","Orichalcum","Tiny House","Dream Catcher","Red Mask","Toxic Egg 2","Anchor","Pear"],"card_choices":[{"not_picked":["PiercingWail","Cloak And Dagger"],"picked":"Prepared"},{"not_picked":["PiercingWail","Backstab"],"picked":"Poisoned Stab"},{"not_picked":["Crippling Poison","Prepared"],"picked":"Slice"},{"not_picked":["Poisoned Stab","Infinite Blades"],"picked":"Flying Knee"},{"not_picked":["Leg Sweep","Underhanded Strike"],"picked":"A Thousand Cuts"},{"not_picked":["Distraction","Prepared"],"picked":"Dagger Spray"},{"not_picked":["Bouncing Flask","Distraction"],"picked":"Backflip"},{"not_picked":["Burst","Grand Finale"],"picked":"Die Die Die"},{"not_picked":["Blade Dance","Outmaneuver"],"picked":"Dodge and Roll"},{"not_picked":["Deflect","Acrobatics"],"picked":"Calculated Gamble"},{"not_picked":["Finisher","Sucker Punch"],"picked":"Acrobatics"},{"not_picked":["Backflip","Burst"],"picked":"Malaise"},{"not_picked":["Bouncing Flask","Quick Slash"],"picked":"Heel Hook"},{"not_picked":["Tools of the Trade","Bane"],"picked":"Backstab"},{"not_picked":["Glass Knife","A Thousand Cuts"],"picked":"Tools of the Trade"},{"not_picked":["Deflect","Dagger Throw"],"picked":"Heel Hook"},{"not_picked":["Underhanded Strike","Dagger Throw"],"picked":"Deflect"},{"not_picked":["Backflip","Dagger Throw"],"picked":"Concentrate"},{"not_picked":["Backstab","Infinite Blades"],"picked":"Escape Plan"},{"not_picked":["Prepared","Burst"],"picked":"Outmaneuver"},{"not_picked":["Poisoned Stab","Riddle With Holes"],"picked":"Expertise"},{"not_picked":["Dagger Throw","Flechettes"],"picked":"Terror"},{"not_picked":["Endless Agony","Terror"],"picked":"Reflex"}],"player_experience":355725,"potions_floor_usage":[16,16,16,28,28,31,31,47,50,50],"damage_taken":[{"damage":6,"enemies":"2 Louse","floor":1,"turns":5},{"damage":7,"enemies":"Cultist","floor":4,"turns":4},{"damage":0,"enemies":"Jaw Worm","floor":5,"turns":4},{"damage":2,"enemies":"Lots of Slimes","floor":10,"turns":5},{"damage":0,"enemies":"2 Fungi Beasts","floor":11,"turns":3},{"damage":14,"enemies":"Red Slaver","floor":13,"turns":4},{"damage":2,"enemies":"Exordium Wildlife","floor":14,"turns":4},{"damage":9,"enemies":"Slime Boss","floor":16,"turns":9},{"damage":10,"enemies":"Spheric Guardian","floor":18,"turns":4},{"damage":0,"enemies":"3 Byrds","floor":21,"turns":4},{"damage":1,"enemies":"Centurion and Healer","floor":22,"turns":7},{"damage":4,"enemies":"Snecko","floor":24,"turns":6},{"damage":0,"enemies":"Slavers","floor":28,"turns":5},{"damage":2,"enemies":"Cultist and Chosen","floor":29,"turns":7},{"damage":7,"enemies":"Chosen and Byrds","floor":30,"turns":7},{"damage":2,"enemies":"Gremlin Leader","floor":31,"turns":5},{"damage":30,"enemies":"Collector","floor":33,"turns":10},{"damage":16,"enemies":"3 Shapes","floor":35,"turns":5},{"damage":0,"enemies":"3 Darklings","floor":36,"turns":4},{"damage":0,"enemies":"Maw","floor":37,"turns":8},{"damage":23,"enemies":"2 Orb Walkers","floor":41,"turns":6},{"damage":6,"enemies":"Sphere and 2 Shapes","floor":44,"turns":4},{"damage":10,"enemies":"Nemesis","floor":46,"turns":7},{"damage":10,"enemies":"3 Darklings","floor":47,"turns":5},{"damage":49,"enemies":"Time Eater","floor":50,"turns":15}],"event_choices":[{"event_name":"Upgrade Shrine","player_choice":"Upgraded","floor":2,"damage_taken":0},{"event_name":"Transmorgrifier","player_choice":"Transform","floor":7,"damage_taken":0},{"event_name":"The Library","player_choice":"Read","floor":19,"damage_taken":0},{"event_name":"Tomb of Lord Red Mask","player_choice":"Paid","floor":39,"damage_taken":0},{"event_name":"Winding Halls","player_choice":"Embrace Madness","floor":48,"damage_taken":0}],"boss_relics":[{"not_picked":["White Beast Statue","Lizard Tail"],"picked":"Ectoplasm"},{"not_picked":["Runic Pyramid","Orrery"],"picked":"Tiny House"}],"potions_floor_spawned":[5,13,14,16,21,24,28,29,35,44,46],"seed_played":"-896797051629509883","ascension_level":12,"is_trial":false}