{"path_per_floor":["M","M","M","?","M","E","R","E","T","R","?","R","M","$","R","B",null,"M","?","$","?","?","E","R"],"character_chosen":"THE_SILENT","items_purchased":["Footwork","Footwork","Dash","Deflect"],"gold_per_floor":[115,129,148,148,161,186,186,221,221,221,221,221,237,93,93,194,194,214,214,28,28,28,85,85],"floor_reached":25,"campfire_rested":2,"playtime":1195,"current_hp_per_floor":[61,55,55,41,30,20,20,17,17,17,17,17,8,8,29,3,56,52,38,38,38,38,14,53],"items_purged":["Strike_G"],"gold":85,"score":329,"play_id":"45d100eb-44e1-4c36-a79c-fdd552241d8e","is_prod":false,"is_daily":false,"is_ascension_mode":true,"campfire_upgraded":3,"path_taken":["M","?","M","?","?","E","R","E","T","R","?","R","?","$","R","BOSS","M","?","$","?","?","E","R","E"],"build_version":"2018-02-08-PROD1","purchased_purges":1,"victory":false,"master_deck":["Defend_G","Defend_G","Defend_G","Defend_G","Defend_G","Strike_G","Strike_G+1","Strike_G","Survivor","Neutralize+1","Noxious Fumes+1","A Thousand Cuts","Backflip+1","Slice","Backflip","Phantasmal Killer+1","Skewer","Footwork","Caltrops+1","Footwork","Dash","Deflect"],"max_hp_per_floor":[70,70,70,70,70,70,70,72,72,72,72,72,72,72,72,74,74,74,79,79,79,79,81,81],"relics":["Ring of the Snake","Oddly Smooth Stone","Singing Bowl","Gremlin Horn","Tough Bandages","The Specimen","Regal Pillow","Tiny Chest"],"card_choices":[{"not_picked":["Prepared","Infinite Blades"],"picked":"Noxious Fumes"},{"not_picked":["Flying Knee","Slice"],"picked":"A Thousand Cuts"},{"not_picked":["Slice","Infinite Blades"],"picked":"Backflip"},{"not_picked":["Eviscerate","Setup"],"picked":"Slice"},{"not_picked":["Dagger Throw","Flying Knee"],"picked":"Backflip"},{"not_picked":["Dodge and Roll","Acrobatics"],"picked":"Skewer"},{"not_picked":["Blade Dance","Underhanded Strike"],"picked":"Caltrops"}],"player_experience":315825,"potions_floor_usage":[],"damage_taken":[{"damage":2.0,"enemies":"Blue Slaver","floor":1.0,"turns":6.0},{"damage":6.0,"enemies":"2 Louse","floor":2.0,"turns":3.0},{"damage":0.0,"enemies":"Jaw Worm","floor":3.0,"turns":7.0},{"damage":11.0,"enemies":"Lots of Slimes","floor":5.0,"turns":5.0},{"damage":10.0,"enemies":"Gremlin Nob","floor":6.0,"turns":4.0},{"damage":5.0,"enemies":"Lagavulin","floor":8.0,"turns":9.0},{"damage":9.0,"enemies":"Red Slaver","floor":13.0,"turns":4.0},{"damage":28.0,"enemies":"Slime Boss","floor":16.0,"turns":9.0},{"damage":4.0,"enemies":"Spheric Guardian","floor":18.0,"turns":7.0},{"damage":26.0,"enemies":"Book of Stabbing","floor":23.0,"turns":7.0},{"damage":57,"enemies":"Slavers","floor":25,"turns":3}],"event_choices":[{"event_name":"Shining Light","player_choice":"Entered Light","floor":4.0,"damage_taken":0.0},{"event_name":"Living Wall","player_choice":"Change","floor":11.0,"damage_taken":0.0},{"event_name":"Forgotten Altar","player_choice":"Shed Blood","floor":19.0,"damage_taken":0.0},{"event_name":"Drug Dealer","player_choice":"Ignored","floor":21.0,"damage_taken":0.0},{"event_name":"The Mausoleum","player_choice":"Yes","floor":22.0,"damage_taken":0.0}],"boss_relics":[],"potions_floor_spawned":[3,5,8],"seed_played":"-6991736465487106709","killed_by":"Slavers","ascension_level":9,"is_trial":false}