{"path_per_floor":["M","?","$","?","M","R","E","R","T","M","R","E","?","M","R","B",null,"M","$","?","M","M","R"],"character_chosen":"THE_SILENT","items_purchased":["Footwork","Apotheosis","Reflex"],"gold_per_floor":[116,116,39,39,53,53,80,80,107,126,126,157,157,170,170,275,275,264,52,52,65,85,85],"floor_reached":24,"campfire_rested":5,"playtime":1059,"current_hp_per_floor":[70,70,70,52,46,67,17,38,38,38,59,46,46,46,71,49,84,60,60,60,57,43,68],"items_purged":[],"gold":85,"score":224,"play_id":"e97fcfd2-779d-4ad1-8cfb-c8984de546f9","is_prod":false,"is_daily":false,"is_ascension_mode":true,"campfire_upgraded":0,"path_taken":["M","?","$","?","M","R","E","R","T","M","R","E","?","M","R","BOSS","M","$","?","M","M","R","E"],"build_version":"2018-02-12-PROD1","purchased_purges":2,"victory":false,"master_deck":["Defend_G","Defend_G","Defend_G","Defend_G","Strike_G","Strike_G","Strike_G","Strike_G","Survivor","Neutralize","Backstab","Night Terror","Footwork","Acrobatics","Predator","Caltrops","Escape Plan","Tools of the Trade","Concentrate","A Thousand Cuts","Prepared","Apotheosis","Reflex","Decay","Noxious Fumes","Caltrops","Infinite Blades+1"],"max_hp_per_floor":[70,70,70,70,70,70,70,70,70,70,70,84,84,84,84,84,84,84,84,84,84,84,84],"relics":["Ring of the Snake","Peace Pipe","Bronze Scales","Dream Catcher","Mango","Black Star"],"card_choices":[{"not_picked":["Deadly Poison","All Out Attack"],"picked":"Night Terror"},{"not_picked":["PiercingWail","Skewer"],"picked":"Acrobatics"},{"not_picked":["Flying Knee","Bane"],"picked":"Predator"},{"not_picked":["Concentrate","Deadly Poison"],"picked":"Caltrops"},{"not_picked":["Flechettes","Skewer"],"picked":"Escape Plan"},{"not_picked":["Backflip","Slice"],"picked":"Tools of the Trade"},{"not_picked":["Outmaneuver","Escape Plan"],"picked":"Concentrate"},{"not_picked":["Night Terror","Grand Finale"],"picked":"A Thousand Cuts"},{"not_picked":["Cloak And Dagger","Quick Slash"],"picked":"Prepared"},{"not_picked":["Dagger Throw","Crippling Poison"],"picked":"Noxious Fumes"},{"not_picked":["Masterful Stab","All Out Attack"],"picked":"Caltrops"},{"not_picked":["Quick Slash","Glass Knife"],"picked":"Infinite Blades"}],"player_experience":184418,"potions_floor_usage":[16,18,24],"damage_taken":[{"damage":0,"enemies":"Cultist","floor":1,"turns":4},{"damage":6,"enemies":"Blue Slaver","floor":5,"turns":6},{"damage":50,"enemies":"Gremlin Nob","floor":7,"turns":7},{"damage":0,"enemies":"2 Louse","floor":10,"turns":2},{"damage":27,"enemies":"3 Sentries","floor":12,"turns":7},{"damage":0,"enemies":"Large Slime","floor":14,"turns":4},{"damage":22,"enemies":"Slime Boss","floor":16,"turns":8},{"damage":24,"enemies":"2 Thieves","floor":18,"turns":4},{"damage":3,"enemies":"3 Byrds","floor":21,"turns":2},{"damage":14,"enemies":"Centurion and Healer","floor":22,"turns":6},{"damage":71,"enemies":"Slavers","floor":24,"turns":4}],"event_choices":[{"event_name":"Purifier","player_choice":"One Purge","floor":2,"damage_taken":0},{"event_name":"Scrap Ooze","player_choice":"success","floor":4,"damage_taken":18},{"event_name":"The Lab","player_choice":"Got Potions","floor":13,"damage_taken":0},{"event_name":"Forgotten Altar","player_choice":"Smashed Altar","floor":20,"damage_taken":0}],"boss_relics":[{"not_picked":["Calling Bell","The Specimen"],"picked":"Black Star"}],"potions_floor_spawned":[5,12,22],"seed_played":"-6203113103393145267","killed_by":"Slavers","ascension_level":2,"is_trial":false}