{"path_per_floor":["M","M","M","?","?","R","E","?","T","R","E","$","?","M","R","B",null,"M","?","M","M","M","R","E","$","T","R","$","?","M","T","R"],"character_chosen":"THE_SILENT","items_purchased":["Sucker Punch","Heel Hook","Escape Plan","Infinite Blades","Bag of Marbles","Quick Slash","Prepared"],"gold_per_floor":[20,31,46,221,296,296,327,327,350,350,380,49,117,129,129,231,231,245,245,259,275,295,295,329,60,60,60,36,36,52,99,99],"floor_reached":33,"campfire_rested":3,"playtime":2285,"current_hp_per_floor":[70,70,70,70,59,59,49,49,49,70,57,57,57,57,70,29,70,67,67,55,64,60,60,38,38,38,70,70,70,56,56,56],"items_purged":["Doubt","Strike_G"],"gold":99,"play_id":"a5a13c8e-2701-4fb9-954e-1ba0f4514cb5","is_prod":false,"is_daily":false,"is_ascension_mode":false,"campfire_upgraded":2,"path_taken":["M","M","M","?","?","R","E","?","T","R","E","$","?","M","R","BOSS","M","?","?","M","M","R","E","$","T","R","$","?","M","?","R","BOSS"],"build_version":"2018-02-01-PROD3","purchased_purges":4,"victory":false,"master_deck":["Defend_G","Defend_G","Defend_G","Defend_G","Strike_G","Strike_G","Strike_G","Strike_G+1","Survivor","Neutralize+1","Terror+1","Reflex+1","Dagger Throw+1","Heel Hook","Slice","Sucker Punch","Heel Hook","Escape Plan","Infinite Blades","Escape Plan","A Thousand Cuts","Quick Slash","Escape Plan+1","Setup","Acrobatics","Eviscerate+1","Quick Slash","Pain","Prepared","Calculated Gamble+1","Clumsy"],"max_hp_per_floor":[70,70,70,70,70,70,70,70,70,70,70,70,70,70,70,70,70,70,70,70,70,70,70,70,70,70,70,70,70,70,70,70],"relics":["Ring of the Snake","Thread and Needle","Whetstone","Regal Pillow","Mercury Hourglass","Cursed Key","Ice Cream","Bag of Marbles","Shovel","Anchor","Frozen Egg 2"],"card_choices":[{"not_picked":["Catalyst","Deadly Poison"],"picked":"Terror"},{"not_picked":["Dash","Flying Knee"],"picked":"Reflex"},{"not_picked":["Poisoned Stab","Quick Slash"],"picked":"Dagger Throw"},{"not_picked":["Dash","Slice"],"picked":"Heel Hook"},{"not_picked":["Deadly Poison","Accuracy"],"picked":"Slice"},{"not_picked":["Catalyst","Skewer"],"picked":"Escape Plan"},{"not_picked":["Corpse Explosion","Glass Knife"],"picked":"A Thousand Cuts"},{"not_picked":["Endless Agony","Escape Plan"],"picked":"Quick Slash"},{"not_picked":["Noxious Fumes","Dodge and Roll"],"picked":"Escape Plan"},{"not_picked":["Quick Slash","Cloak And Dagger"],"picked":"Setup"},{"not_picked":["Quick Slash","Dodge and Roll"],"picked":"Acrobatics"},{"not_picked":["Deadly Poison","Sucker Punch"],"picked":"Eviscerate"},{"not_picked":["All Out Attack","Flying Knee"],"picked":"Calculated Gamble"}],"player_experience":125540,"potions_floor_usage":[33],"damage_taken":[{"damage":0.0,"enemies":"2 Louse","floor":1.0,"turns":3.0},{"damage":0.0,"enemies":"Jaw Worm","floor":2.0,"turns":4.0},{"damage":0.0,"enemies":"Small Slimes","floor":3.0,"turns":3.0},{"damage":25.0,"enemies":"Lagavulin","floor":7.0,"turns":8.0},{"damage":13.0,"enemies":"Gremlin Nob","floor":11.0,"turns":5.0},{"damage":0.0,"enemies":"Exordium Wildlife","floor":14.0,"turns":2.0},{"damage":41.0,"enemies":"Hexaghost","floor":16.0,"turns":10.0},{"damage":3.0,"enemies":"Shell Parasite","floor":18.0,"turns":5.0},{"damage":12.0,"enemies":"Spheric Guardian","floor":20.0,"turns":4.0},{"damage":0.0,"enemies":"Snecko","floor":21.0,"turns":4.0},{"damage":4.0,"enemies":"3 Cultists","floor":22.0,"turns":4.0},{"damage":37.0,"enemies":"Gremlin Leader","floor":24.0,"turns":7.0},{"damage":14,"enemies":"Snake Plant","floor":30,"turns":4},{"damage":56,"enemies":"Champ","floor":33,"turns":8}],"event_choices":[{"event_name":"Liars Game","player_choice":"agreed","floor":4.0,"damage_taken":0.0},{"event_name":"World of Goop","player_choice":"Gather Gold","floor":5.0,"damage_taken":0.0},{"event_name":"Upgrade Shrine","player_choice":"Upgraded","floor":8.0,"damage_taken":0.0},{"event_name":"Golden Wing","player_choice":"Gained Gold","floor":13.0,"damage_taken":0.0},{"event_name":"Wheel of Change","player_choice":"Card Removal","floor":19.0,"damage_taken":0.0},{"event_name":"Drug Dealer","player_choice":"Ignored","floor":29.0,"damage_taken":0.0}],"boss_relics":[],"potions_floor_spawned":[1,2,14,20,21],"seed_played":"8555494111644392133","killed_by":"Champ","ascension_level":0,"is_trial":false}