{"path_per_floor":["M","?","?","M","M","E","R","E","T","R","?","R","$","M","R","B",null,"M","?","?","$","M"],"character_chosen":"THE_SILENT","items_purchased":[],"gold_per_floor":[114,114,114,125,138,169,169,201,201,201,166,166,91,108,108,205,205,225,225,140,40,50],"floor_reached":23,"campfire_rested":2,"playtime":1082,"current_hp_per_floor":[59,52,52,52,44,28,49,11,11,32,49,49,49,49,49,20,70,62,62,72,72,72],"items_purged":["Strike_G","Strike_G"],"gold":50,"score":227,"play_id":"a5d9cff8-537c-4f04-8cff-1a7c6f1ca8d1","is_prod":false,"is_daily":false,"is_ascension_mode":true,"campfire_upgraded":2,"path_taken":["M","?","?","M","?","E","R","E","T","R","?","R","$","M","R","BOSS","M","?","?","$","M","E"],"build_version":"2018-02-15-PROD1","purchased_purges":2,"victory":false,"master_deck":["Defend_G","Defend_G","Defend_G","Defend_G","Defend_G","Strike_G","Strike_G","Survivor","Neutralize","Dagger Throw","Cloak And Dagger","Predator+1","Leg Sweep+1","After Image","After Image","Blur"],"max_hp_per_floor":[70,70,70,70,70,70,70,70,70,70,70,70,70,70,70,70,70,70,70,80,80,80],"relics":["Ring of the Snake","Art of War","Shuriken","Torii","Tingsha","Velvet Choker","Pear"],"card_choices":[{"not_picked":["Deadly Poison","Deflect"],"picked":"Dagger Throw"},{"not_picked":["Outmaneuver","Blade Dance"],"picked":"Cloak And Dagger"},{"not_picked":["PiercingWail","Riddle With Holes"],"picked":"Predator"},{"not_picked":["All Out Attack","Bane"],"picked":"Leg Sweep"},{"not_picked":["Doppelganger","Wraith Form"],"picked":"After Image"},{"not_picked":["Bane","PiercingWail"],"picked":"Blur"}],"player_experience":235542,"potions_floor_usage":[6,23],"damage_taken":[{"damage":11,"enemies":"Small Slimes","floor":1,"turns":4},{"damage":0,"enemies":"Cultist","floor":4,"turns":4},{"damage":8,"enemies":"Jaw Worm","floor":5,"turns":6},{"damage":16,"enemies":"Lagavulin","floor":6,"turns":5},{"damage":38,"enemies":"Gremlin Nob","floor":8,"turns":6},{"damage":0,"enemies":"3 Louse","floor":14,"turns":5},{"damage":29,"enemies":"The Guardian","floor":16,"turns":15},{"damage":8,"enemies":"Chosen","floor":18,"turns":6},{"damage":0,"enemies":"Shell Parasite","floor":22,"turns":8},{"damage":72,"enemies":"Gremlin Leader","floor":23,"turns":10}],"event_choices":[{"event_name":"Golden Wing","player_choice":"Card Removal","floor":2,"damage_taken":0},{"event_name":"Liars Game","player_choice":"disagreed","floor":3,"damage_taken":0},{"event_name":"The Cleric","player_choice":"Healed","floor":11,"damage_taken":0},{"event_name":"Duplicator","player_choice":"One dupe","floor":19,"damage_taken":0},{"event_name":"Addict","player_choice":"Obtained Relic","floor":20,"damage_taken":0}],"boss_relics":[{"not_picked":["Philosopher\u0027s Stone","Runic Pyramid"],"picked":"Velvet Choker"}],"potions_floor_spawned":[5,16],"seed_played":"4986372104367489662","killed_by":"Gremlin Leader","ascension_level":3,"is_trial":false}