{"path_per_floor":["M","M","?","M","M","E","M","R","T","E","M","R","M","M","R","B",null,"M","$","M","$","M","E","?","$","T","R","M","?","M","$","R"],"character_chosen":"THE_SILENT","items_purchased":["Accuracy","Deflect","Mummified Hand"],"gold_per_floor":[111,123,123,139,159,184,197,197,220,247,266,266,278,289,289,388,388,400,400,418,325,342,370,370,52,52,52,70,70,82,82,82],"floor_reached":33,"campfire_rested":5,"playtime":2087,"current_hp_per_floor":[66,66,66,64,62,37,37,58,58,32,32,53,48,48,69,28,70,70,70,65,65,43,26,26,26,26,47,9,9,8,8,29],"items_purged":["Decay"],"gold":82,"play_id":"e40b6dcb-362a-4891-aad2-a69addfbea59","is_prod":false,"is_daily":false,"is_ascension_mode":false,"campfire_upgraded":0,"path_taken":["M","M","?","?","?","E","?","R","T","E","M","R","M","M","R","BOSS","M","$","M","$","M","E","?","?","T","R","M","?","M","$","R","BOSS"],"build_version":"2018-02-01-PROD3","purchased_purges":3,"victory":false,"master_deck":["Defend_G","Defend_G","Defend_G","Defend_G","Defend_G","Survivor","Neutralize","All Out Attack","Blade Dance","Masterful Stab","Blade Dance","Backflip","Slice","Dodge and Roll","Distraction","Outmaneuver","Backstab","After Image","Well Laid Plans","Backflip","Accuracy","Deflect","Well Laid Plans","Writhe","A Thousand Cuts","Bite","Bite","Bite","Bite","Bite","Acrobatics"],"max_hp_per_floor":[70,70,70,70,70,70,70,70,70,70,70,70,70,70,70,70,70,70,70,70,70,70,70,70,70,70,70,70,70,70,70,70],"relics":["Ring of the Snake","Happy Flower","Bag of Marbles","Bird Faced Urn","Cursed Key","Mummified Hand","Juzu Bracelet"],"card_choices":[{"not_picked":["Flying Knee","Masterful Stab"],"picked":"All Out Attack"},{"not_picked":["Caltrops","Backflip"],"picked":"Blade Dance"},{"not_picked":["Bane","Dagger Spray"],"picked":"Masterful Stab"},{"not_picked":["Dash","PiercingWail"],"picked":"Blade Dance"},{"not_picked":["Bane","Dodge and Roll"],"picked":"Backflip"},{"not_picked":["Bouncing Flask","Corpse Explosion"],"picked":"Slice"},{"not_picked":["Underhanded Strike","Calculated Gamble"],"picked":"Dodge and Roll"},{"not_picked":["Malaise","Flying Knee"],"picked":"Distraction"},{"not_picked":["Slice","Bane"],"picked":"Outmaneuver"},{"not_picked":["Flechettes","Calculated Gamble"],"picked":"Backstab"},{"not_picked":["Doppelganger","Phantasmal Killer"],"picked":"After Image"},{"not_picked":["Quick Slash","Cloak And Dagger"],"picked":"Well Laid Plans"},{"not_picked":["Sucker Punch","Dodge and Roll"],"picked":"Backflip"},{"not_picked":["Dodge and Roll","Quick Slash"],"picked":"Well Laid Plans"},{"not_picked":["Malaise","Dagger Spray"],"picked":"A Thousand Cuts"},{"not_picked":["Deadly Poison","Riddle With Holes"],"picked":"Acrobatics"}],"player_experience":133092,"potions_floor_usage":[2,10,16,23,23,30],"damage_taken":[{"damage":4,"enemies":"Cultist","floor":1,"turns":4},{"damage":0,"enemies":"Jaw Worm","floor":2,"turns":4},{"damage":2,"enemies":"Blue Slaver","floor":4,"turns":4},{"damage":2,"enemies":"Gremlin Gang","floor":5,"turns":3},{"damage":25,"enemies":"3 Sentries","floor":6,"turns":7},{"damage":0,"enemies":"Lots of Slimes","floor":7,"turns":1},{"damage":26,"enemies":"Lagavulin","floor":10,"turns":7},{"damage":0,"enemies":"Exordium Wildlife","floor":11,"turns":1},{"damage":5,"enemies":"Large Slime","floor":13,"turns":5},{"damage":0,"enemies":"2 Fungi Beasts","floor":14,"turns":3},{"damage":41,"enemies":"Hexaghost","floor":16,"turns":10},{"damage":0,"enemies":"Chosen","floor":18,"turns":2},{"damage":6,"enemies":"Shell Parasite","floor":20,"turns":6},{"damage":28,"enemies":"Snake Plant","floor":22,"turns":6},{"damage":23,"enemies":"Slavers","floor":23,"turns":7},{"damage":48,"enemies":"Chosen and Byrds","floor":28,"turns":7},{"damage":19,"enemies":"Centurion and Healer","floor":30,"turns":5},{"damage":75,"enemies":"Automaton","floor":33,"turns":10}],"event_choices":[{"event_name":"The Cleric","player_choice":"Leave","floor":3,"damage_taken":0},{"event_name":"Forgotten Altar","player_choice":"Smashed Altar","floor":24,"damage_taken":0},{"event_name":"Vampires","player_choice":"Became a vampire (Vial)","floor":29,"damage_taken":0}],"boss_relics":[{"not_picked":["White Beast Statue","Astrolabe"],"picked":"Cursed Key"}],"potions_floor_spawned":[1,6,7,11,14,20,22,30],"seed_played":"-5477623207674347016","killed_by":"Automaton","ascension_level":0,"is_trial":false}