{"path_per_floor":["M","?","?","M","$","R","?","R","T","M","M","$","R","E","R","B",null,"M","?","$","M"],"character_chosen":"THE_SILENT","items_purchased":["Tiny Chest","Purity","Dagger Spray"],"gold_per_floor":[115,290,240,255,60,60,60,60,84,104,118,19,19,54,54,150,150,166,166,17,28],"floor_reached":22,"campfire_rested":0,"playtime":2365,"current_hp_per_floor":[63,63,63,63,63,63,63,63,63,63,63,63,63,54,54,6,52,39,39,39,21],"items_purged":["Parasite","Normality"],"gold":28,"score":317,"play_id":"18888877-1758-4237-8621-59076c317fc1","is_prod":false,"is_daily":false,"is_ascension_mode":true,"campfire_upgraded":4,"path_taken":["M","?","?","M","$","R","?","R","T","M","M","$","R","E","R","BOSS","M","?","$","M","M"],"build_version":"2018-02-08-PROD1","purchased_purges":2,"victory":false,"master_deck":["Defend_G","Defend_G","Defend_G","Defend_G","Survivor","Neutralize+1","Catalyst+1","Poisoned Stab","Escape Plan","Well Laid Plans","Purity+1","Footwork+1","Burst","Noxious Fumes+1","Masterful Stab+1","Wraith Form+1","All Out Attack","Bite","Bite","Bite","Bite","Bite","Dagger Spray","Backstab"],"max_hp_per_floor":[70,70,70,70,67,67,67,67,67,67,67,67,67,67,67,67,67,67,46,46,46],"relics":["Ring of the Snake","Tiny Chest","Prayer Wheel","Bag of Marbles","Matryoshka","Astrolabe"],"card_choices":[{"not_picked":["Infinite Blades","Quick Slash"],"picked":"Catalyst"},{"not_picked":["Crippling Poison","Setup"],"picked":"Poisoned Stab"},{"not_picked":["Dodge and Roll","Blade Dance"],"picked":"Escape Plan"},{"not_picked":["Endless Agony","Blur"],"picked":"Well Laid Plans"},{"not_picked":["Endless Agony","Quick Slash"],"picked":"Footwork"},{"not_picked":["Storm of Steel","Bullet Time"],"picked":"Burst"},{"not_picked":["Acrobatics","Underhanded Strike"],"picked":"All Out Attack"},{"not_picked":["Caltrops","Slice"],"picked":"Backstab"}],"player_experience":340122,"potions_floor_usage":[16,22],"damage_taken":[{"damage":0,"enemies":"Cultist","floor":1,"turns":4},{"damage":0,"enemies":"2 Louse","floor":4,"turns":3},{"damage":0,"enemies":"Small Slimes","floor":10,"turns":3},{"damage":0,"enemies":"Looter","floor":11,"turns":3},{"damage":9,"enemies":"Lagavulin","floor":14,"turns":8},{"damage":48,"enemies":"Slime Boss","floor":16,"turns":20},{"damage":13,"enemies":"Spheric Guardian","floor":18,"turns":5},{"damage":22,"enemies":"Chosen","floor":21,"turns":6},{"damage":29,"enemies":"Centurion and Healer","floor":22,"turns":4}],"event_choices":[{"event_name":"Liars Game","player_choice":"agreed","floor":2,"damage_taken":0},{"event_name":"The Cleric","player_choice":"Card Removal","floor":3,"damage_taken":0},{"event_name":"Accursed Blacksmith","player_choice":"Rummage","floor":7,"damage_taken":0},{"event_name":"Vampires","player_choice":"Became a vampire","floor":19,"damage_taken":0}],"boss_relics":[{"not_picked":["Black Star","Question Card"],"picked":"Astrolabe"}],"potions_floor_spawned":[1,11,18,21],"seed_played":"-3748911580819980481","killed_by":"Centurion and Healer","ascension_level":12,"is_trial":false}