{"path_per_floor":["M","$","M","M","?","R","$","R","T","M","R","M","M","$","R","B",null,"M","?","M","M","M","R","M","R","T","E","M","E","R","M","R","B",null,"M","M","?","?","?","R","M","R","T","$","E","M","M","?","R","B"],"character_chosen":"THE_SILENT","items_purchased":["Sundial","Dagger Spray","Kunai","Shuriken"],"gold_per_floor":[359,63,81,95,95,95,20,20,20,34,34,48,59,10,10,109,109,126,126,141,160,172,172,183,183,483,516,533,565,565,575,575,670,670,689,708,708,708,708,708,724,724,750,156,181,197,208,208,208,208],"floor_reached":51,"campfire_rested":2,"playtime":3727,"current_hp_per_floor":[51,51,51,51,44,44,44,44,44,34,34,24,28,28,28,26,52,45,45,47,43,38,38,32,32,32,13,17,17,35,39,39,36,54,60,41,41,41,41,41,41,41,41,41,33,25,29,29,47,22],"items_purged":["Parasite","Strike_G"],"gold":208,"score":817,"play_id":"6598162d-bc44-4e38-9f97-ee8b80a850c9","is_prod":false,"is_daily":false,"is_ascension_mode":true,"campfire_upgraded":8,"path_taken":["M","$","?","M","?","R","$","R","T","M","R","M","?","?","R","BOSS","M","?","M","M","M","R","M","R","T","E","?","E","R","M","R","BOSS","M","M","?","?","?","R","?","R","T","$","E","M","M","?","R","BOSS"],"build_version":"2018-02-08-PROD1","purchased_purges":2,"victory":true,"master_deck":["Defend_G","Defend_G","Defend_G","Strike_G","Strike_G+1","Survivor","Neutralize+1","Backflip+1","Well Laid Plans","Dagger Throw+1","Envenom+1","Prepared","Dagger Spray+1","Die Die Die","Expertise+1","Backflip+1","Adrenaline+1","Deflect+1","Predator+1","Backstab+1","Skewer","Footwork+1","Envenom+1","Caltrops+1","Catalyst+1","Sucker Punch"],"max_hp_per_floor":[63,63,63,63,63,63,60,60,60,60,60,60,60,60,60,60,60,60,60,60,60,60,60,60,60,60,60,60,60,60,60,60,60,60,60,60,60,60,60,60,60,60,60,60,60,60,60,60,60,60],"relics":["Ring of the Snake","Sundial","Pen Nib","Bird Faced Urn","Sozu","Old Coin","Oddly Smooth Stone","Peace Pipe","Velvet Choker","Bag of Marbles","Kunai","Shuriken","Whetstone"],"card_choices":[{"not_picked":["Dodge and Roll","Distraction"],"picked":"Backflip"},{"not_picked":["Backflip","Cloak And Dagger"],"picked":"Well Laid Plans"},{"not_picked":["Terror","Underhanded Strike"],"picked":"Dagger Throw"},{"not_picked":["Slice","Flechettes"],"picked":"Envenom"},{"not_picked":["Acrobatics","Deadly Poison"],"picked":"Prepared"},{"not_picked":["Phantasmal Killer","Tools of the Trade"],"picked":"Die Die Die"},{"not_picked":["Prepared","PiercingWail"],"picked":"Expertise"},{"not_picked":["Poisoned Stab","Sucker Punch"],"picked":"Backflip"},{"not_picked":["Dagger Throw","Bane"],"picked":"Adrenaline"},{"not_picked":["Flechettes","Quick Slash"],"picked":"Deflect"},{"not_picked":["Sucker Punch","Cloak And Dagger"],"picked":"Predator"},{"not_picked":["Noxious Fumes","Caltrops"],"picked":"Backstab"},{"not_picked":["Dagger Throw","Distraction"],"picked":"Skewer"},{"not_picked":["Dagger Throw","Deadly Poison"],"picked":"Footwork"},{"not_picked":["Die Die Die","Burst"],"picked":"Envenom"},{"not_picked":["Crippling Poison","Acrobatics"],"picked":"Caltrops"},{"not_picked":["Backflip","Masterful Stab"],"picked":"Catalyst"}],"player_experience":335858,"potions_floor_usage":[],"damage_taken":[{"damage":12.0,"enemies":"Blue Slaver","floor":1.0,"turns":5.0},{"damage":0.0,"enemies":"2 Louse","floor":3.0,"turns":4.0},{"damage":0.0,"enemies":"Cultist","floor":4.0,"turns":5.0},{"damage":12.0,"enemies":"Large Slime","floor":10.0,"turns":9.0},{"damage":12.0,"enemies":"Lots of Slimes","floor":12.0,"turns":6.0},{"damage":0.0,"enemies":"Exordium Thugs","floor":13.0,"turns":4.0},{"damage":6.0,"enemies":"The Guardian","floor":16.0,"turns":11.0},{"damage":11.0,"enemies":"Chosen","floor":18.0,"turns":5.0},{"damage":0.0,"enemies":"Spheric Guardian","floor":20.0,"turns":3.0},{"damage":8.0,"enemies":"3 Cultists","floor":21.0,"turns":5.0},{"damage":9.0,"enemies":"Chosen and Byrds","floor":22.0,"turns":4.0},{"damage":10.0,"enemies":"Centurion and Healer","floor":24.0,"turns":4.0},{"damage":23.0,"enemies":"Gremlin Leader","floor":27.0,"turns":7.0},{"damage":0.0,"enemies":"3 Cultists","floor":28.0,"turns":3.0},{"damage":4.0,"enemies":"Book of Stabbing","floor":29.0,"turns":5.0},{"damage":0.0,"enemies":"Snecko","floor":31.0,"turns":4.0},{"damage":9.0,"enemies":"Automaton","floor":33.0,"turns":10.0},{"damage":0.0,"enemies":"Orb Walker","floor":35.0,"turns":3.0},{"damage":20.0,"enemies":"3 Darklings","floor":36.0,"turns":5.0},{"damage":8.0,"enemies":"Maw","floor":41.0,"turns":7.0},{"damage":14.0,"enemies":"2 Orb Walkers","floor":45.0,"turns":4.0},{"damage":18.0,"enemies":"Sphere and 2 Shapes","floor":46.0,"turns":5.0},{"damage":6.0,"enemies":"4 Shapes","floor":47.0,"turns":6.0},{"damage":35,"enemies":"Donu and Deca","floor":50,"turns":10}],"event_choices":[{"event_name":"Scrap Ooze","player_choice":"success","floor":5.0,"damage_taken":7.0},{"event_name":"Back to Basics","player_choice":"Elegance","floor":19.0,"damage_taken":0.0},{"event_name":"Tomb of Lord Red Mask","player_choice":"Ignored","floor":37.0,"damage_taken":0.0},{"event_name":"The Lab","player_choice":"Got Potions","floor":38.0,"damage_taken":0.0},{"event_name":"Transmorgrifier","player_choice":"Transform","floor":48.0,"damage_taken":0.0}],"boss_relics":[],"potions_floor_spawned":[3,13,18,20,21,29,31,36,46],"seed_played":"1991484826768389060","ascension_level":11,"is_trial":false}