{"path_per_floor":["M","$","?","$","?","E","R","E","T","R","M","?","M","E","R","B",null,"M","M"],"character_chosen":"THE_SILENT","items_purchased":["Cloak And Dagger","Caltrops"],"gold_per_floor":[117,90,90,16,16,347,347,382,435,435,450,450,474,517,517,636,636,651,670],"floor_reached":20,"campfire_rested":2,"playtime":610,"current_hp_per_floor":[70,70,65,65,40,40,59,59,59,59,51,51,51,40,59,29,65,55,40],"items_purged":[],"gold":670,"score":252,"play_id":"f48857c5-8049-4451-b5db-7bec73d53148","is_prod":false,"is_daily":false,"is_ascension_mode":true,"campfire_upgraded":1,"path_taken":["M","$","?","$","?","E","R","E","T","R","?","?","?","E","R","BOSS","M","M","?"],"build_version":"2018-02-08-PROD1","purchased_purges":0,"victory":false,"master_deck":["Defend_G","Defend_G","Defend_G","Defend_G","Defend_G","Strike_G","Strike_G","Strike_G","Strike_G","Strike_G","Survivor","Neutralize","Caltrops+1","Cloak And Dagger","Caltrops","Setup","PiercingWail","Terror","Blade Dance","Backstab","Envenom","All Out Attack","Flechettes"],"max_hp_per_floor":[70,70,65,65,65,65,65,65,65,65,65,65,65,65,65,65,65,65,65],"relics":["Ring of the Snake","NeowsBlessing","Golden Idol","Peace Pipe","Old Coin","Art of War","Tiny Chest","Anchor","Cursed Key"],"card_choices":[{"not_picked":["Dagger Throw","Choke"],"picked":"Caltrops"},{"not_picked":["Eviscerate","Prepared"],"picked":"Setup"},{"not_picked":["Bane","Sucker Punch"],"picked":"PiercingWail"},{"not_picked":["Distraction","Outmaneuver"],"picked":"Terror"},{"not_picked":["Poisoned Stab","Terror"],"picked":"Blade Dance"},{"not_picked":["Noxious Fumes","Expertise"],"picked":"Backstab"},{"not_picked":["Corpse Explosion","Phantasmal Killer"],"picked":"Envenom"},{"not_picked":["Prepared","Flying Knee"],"picked":"All Out Attack"},{"not_picked":["Setup","Deadly Poison"],"picked":"Flechettes"}],"player_experience":155713,"potions_floor_usage":[14,14,19,20],"damage_taken":[{"damage":0,"enemies":"2 Louse","floor":1,"turns":1},{"damage":0,"enemies":"Lagavulin","floor":6,"turns":1},{"damage":0,"enemies":"Gremlin Nob","floor":8,"turns":1},{"damage":8,"enemies":"Jaw Worm","floor":11,"turns":4},{"damage":0,"enemies":"Small Slimes","floor":13,"turns":5},{"damage":11,"enemies":"Lagavulin","floor":14,"turns":6},{"damage":30,"enemies":"Hexaghost","floor":16,"turns":9},{"damage":10,"enemies":"3 Byrds","floor":18,"turns":3},{"damage":15,"enemies":"Chosen","floor":19,"turns":5},{"damage":45,"enemies":"Sentry and Sphere","floor":20,"turns":7}],"event_choices":[{"event_name":"Golden Idol","player_choice":"Lose Max HP","floor":3,"damage_taken":0},{"event_name":"Scrap Ooze","player_choice":"success","floor":5,"damage_taken":25},{"event_name":"The Lab","player_choice":"Got Potions","floor":12,"damage_taken":0}],"boss_relics":[{"not_picked":["Pandora\u0027s Box","Sozu"],"picked":"Cursed Key"}],"potions_floor_spawned":[1,6,16],"seed_played":"-7117606291830343038","killed_by":"Sentry and Sphere","ascension_level":1,"is_trial":false}