{"path_per_floor":["M","M","M","?","$","E","R","M","T","M","?","M","$","M","R","B",null,"M","?","M","M","?"],"character_chosen":"THE_SILENT","items_purchased":[],"gold_per_floor":[114,134,152,152,77,102,102,112,112,125,125,139,39,63,63,183,183,172,172,185,204,204],"floor_reached":23,"campfire_rested":2,"playtime":1038,"current_hp_per_floor":[67,66,65,65,65,45,66,63,63,58,58,58,58,48,69,44,70,48,48,44,15,15],"items_purged":["Eviscerate","Injury"],"gold":204,"score":224,"play_id":"0c2ff6db-53b7-416d-8f3c-745ff40c0874","is_prod":false,"is_daily":false,"is_ascension_mode":true,"campfire_upgraded":0,"path_taken":["M","M","M","?","$","E","R","M","T","M","?","M","$","M","R","BOSS","M","?","?","M","?","M"],"build_version":"2018-02-15-PROD1","purchased_purges":3,"victory":false,"master_deck":["Defend_G+1","Defend_G+1","Defend_G+1","Defend_G+1","Defend_G+1","Strike_G+1","Strike_G+1","Strike_G+1","Strike_G+1","Survivor","Neutralize","Caltrops","Noxious Fumes+1","Dodge and Roll","Infinite Blades","Distraction","Leg Sweep","Escape Plan","Dash","Caltrops","After Image","Deadly Poison+1","Backflip","Backflip"],"max_hp_per_floor":[70,70,70,70,70,70,70,70,70,70,70,70,70,70,70,70,70,70,70,70,70,70],"relics":["Ring of the Snake","Prayer Wheel","Frozen Eye","Golden Idol","The Specimen"],"card_choices":[{"not_picked":["Masterful Stab","Malaise"],"picked":"Caltrops"},{"not_picked":["Reflex","Bane"],"picked":"Noxious Fumes"},{"not_picked":["Flying Knee","Deflect"],"picked":"Dodge and Roll"},{"not_picked":["Outmaneuver","Distraction"],"picked":"Infinite Blades"},{"not_picked":["Dagger Throw","Choke"],"picked":"Distraction"},{"not_picked":["Flying Knee","Setup"],"picked":"Leg Sweep"},{"not_picked":["Outmaneuver","Poisoned Stab"],"picked":"Escape Plan"},{"not_picked":["Acrobatics","Night Terror"],"picked":"Dash"},{"not_picked":["Dash","Distraction"],"picked":"Caltrops"},{"not_picked":["Tactician","Die Die Die"],"picked":"After Image"},{"not_picked":["Outmaneuver","Masterful Stab"],"picked":"Deadly Poison"},{"not_picked":["Dash","Terror"],"picked":"Backflip"},{"not_picked":["Outmaneuver","Sucker Punch"],"picked":"Backflip"}],"player_experience":195852,"potions_floor_usage":[20,21],"damage_taken":[{"damage":3.0,"enemies":"Jaw Worm","floor":1.0,"turns":8.0},{"damage":1.0,"enemies":"Cultist","floor":2.0,"turns":5.0},{"damage":1.0,"enemies":"2 Louse","floor":3.0,"turns":3.0},{"damage":20.0,"enemies":"3 Sentries","floor":6.0,"turns":8.0},{"damage":3.0,"enemies":"Blue Slaver","floor":8.0,"turns":4.0},{"damage":5.0,"enemies":"2 Fungi Beasts","floor":10.0,"turns":5.0},{"damage":0.0,"enemies":"Large Slime","floor":12.0,"turns":6.0},{"damage":10.0,"enemies":"Exordium Wildlife","floor":14.0,"turns":4.0},{"damage":25.0,"enemies":"Hexaghost","floor":16.0,"turns":10.0},{"damage":22,"enemies":"2 Thieves","floor":18,"turns":4},{"damage":4,"enemies":"3 Byrds","floor":20,"turns":2},{"damage":44,"enemies":"Cultist and Chosen","floor":21,"turns":6},{"damage":23,"enemies":"Centurion and Healer","floor":23,"turns":1}],"event_choices":[{"event_name":"Upgrade Shrine","player_choice":"Upgraded","floor":4.0,"damage_taken":0.0},{"event_name":"Golden Idol","player_choice":"Take Wound","floor":11.0,"damage_taken":0.0},{"event_name":"Drug Dealer","player_choice":"Ignored","floor":19,"damage_taken":0},{"event_name":"Back to Basics","player_choice":"Simplicity","floor":22,"damage_taken":0}],"boss_relics":[],"potions_floor_spawned":[1,8,12,16,18,20],"seed_played":"-8611106506820494645","killed_by":"Centurion and Healer","ascension_level":3,"is_trial":false}