{"path_per_floor":["M","M","M","?","$","?","?","R","T","M","R","M","?","M","R","B",null,"M","?","M","M","?","R","E","?","T","$","M","M","?","M","R"],"character_chosen":"THE_SILENT","items_purchased":["Gremlin Horn","Shuriken","PiercingWail"],"gold_per_floor":[117,134,146,321,8,8,8,8,32,44,44,62,84,100,100,200,200,220,320,339,350,275,275,335,335,335,40,54,66,66,76,76],"floor_reached":33,"campfire_rested":3,"playtime":1591,"current_hp_per_floor":[70,68,68,68,68,68,54,54,54,54,54,54,47,47,68,51,70,60,60,52,46,46,67,44,44,44,44,24,24,24,21,35],"items_purged":["Doubt"],"gold":76,"score":286,"play_id":"1034c48b-305e-4db6-be44-2366a6d6d106","is_prod":false,"is_daily":false,"is_ascension_mode":false,"campfire_upgraded":2,"path_taken":["M","M","M","?","$","?","?","R","T","M","R","M","?","M","R","BOSS","M","?","M","M","?","R","E","?","T","$","?","M","?","?","R","BOSS"],"build_version":"2018-02-15-PROD1","purchased_purges":1,"victory":false,"master_deck":["Defend_G+1","Defend_G","Defend_G","Defend_G","Survivor","Neutralize+1","Quick Slash","Slice","Noxious Fumes+1","Glass Knife+1","Flying Knee","Dagger Throw","Flying Knee","Adrenaline","Prepared+1","Endless Agony","Flying Knee+1","Flying Knee","Bite","Bite","Bite","Bite","Bite","Parasite","PiercingWail","Night Terror","Sucker Punch+1","Choke+1"],"max_hp_per_floor":[70,70,70,70,70,70,70,70,70,70,70,70,70,70,70,70,70,70,70,70,70,70,70,70,49,49,49,49,49,49,49,49],"relics":["Ring of the Snake","Gremlin Horn","Lantern","Odd Mushroom","Cursed Key","Tiny Chest","Sundial","Shuriken"],"card_choices":[{"not_picked":["Prepared","Acrobatics"],"picked":"Quick Slash"},{"not_picked":["Outmaneuver","Dodge and Roll"],"picked":"Slice"},{"not_picked":["Prepared","Dodge and Roll"],"picked":"Noxious Fumes"},{"not_picked":["A Thousand Cuts","Outmaneuver"],"picked":"Flying Knee"},{"not_picked":["Calculated Gamble","Outmaneuver"],"picked":"Dagger Throw"},{"not_picked":["Outmaneuver","Endless Agony"],"picked":"Flying Knee"},{"not_picked":["A Thousand Cuts","Corpse Explosion"],"picked":"Adrenaline"},{"not_picked":["Slice","Flying Knee"],"picked":"Prepared"},{"not_picked":["Leg Sweep","Deflect"],"picked":"Endless Agony"},{"not_picked":["Well Laid Plans","Bane"],"picked":"Flying Knee"},{"not_picked":["PiercingWail","Masterful Stab"],"picked":"Flying Knee"},{"not_picked":["Catalyst","Leg Sweep"],"picked":"Night Terror"},{"not_picked":["Prepared","Slice"],"picked":"Sucker Punch"},{"not_picked":["Backflip","Slice"],"picked":"Choke"}],"player_experience":34982,"potions_floor_usage":[16,24,28,29,31,31,31,33],"damage_taken":[{"damage":0,"enemies":"2 Louse","floor":1,"turns":2},{"damage":2,"enemies":"Small Slimes","floor":2,"turns":3},{"damage":0,"enemies":"Cultist","floor":3,"turns":4},{"damage":0,"enemies":"Looter","floor":10,"turns":1},{"damage":0,"enemies":"Large Slime","floor":12,"turns":3},{"damage":7,"enemies":"The Mushroom Lair","floor":13,"turns":3},{"damage":0,"enemies":"3 Louse","floor":14,"turns":2},{"damage":17,"enemies":"The Guardian","floor":16,"turns":9},{"damage":10,"enemies":"Chosen","floor":18,"turns":4},{"damage":8,"enemies":"Spheric Guardian","floor":20,"turns":4},{"damage":6,"enemies":"3 Cultists","floor":21,"turns":4},{"damage":23,"enemies":"Book of Stabbing","floor":24,"turns":4},{"damage":27,"enemies":"Slaver and Parasite","floor":28,"turns":5},{"damage":8,"enemies":"Snake Plant","floor":29,"turns":3},{"damage":7,"enemies":"Sentry and Sphere","floor":31,"turns":3},{"damage":55,"enemies":"Automaton","floor":33,"turns":6}],"event_choices":[{"event_name":"Liars Game","player_choice":"agreed","floor":4,"damage_taken":0},{"event_name":"Transmorgrifier","player_choice":"Transform","floor":6,"damage_taken":0},{"event_name":"Shining Light","player_choice":"Entered Light","floor":7,"damage_taken":0},{"event_name":"Mushrooms","player_choice":"Fought Mushrooms","floor":13,"damage_taken":0},{"event_name":"Golden Shrine","player_choice":"Pray","floor":19,"damage_taken":0},{"event_name":"Beggar","player_choice":"Gave Gold","floor":22,"damage_taken":0},{"event_name":"Vampires","player_choice":"Became a vampire","floor":25,"damage_taken":0},{"event_name":"The Lab","player_choice":"Got Potions","floor":30,"damage_taken":0}],"boss_relics":[{"not_picked":["Philosopher\u0027s Stone","Runic Dome"],"picked":"Cursed Key"}],"potions_floor_spawned":[1,13,14,21,31],"seed_played":"-1133808153821091262","killed_by":"Automaton","ascension_level":0,"is_trial":false}