{"path_per_floor":["M","?","M","M","?","R","E","M","T","R","?","R","$","M","R","B",null,"M","M","?","M","$","R","M"],"character_chosen":"THE_SILENT","items_purchased":["Adrenaline","Ornamental Fan"],"gold_per_floor":[111,111,122,142,142,142,203,217,217,217,217,217,68,84,84,210,210,226,247,247,266,13,13,34],"floor_reached":25,"campfire_rested":2,"playtime":1254,"current_hp_per_floor":[70,70,70,70,70,70,47,47,61,61,61,61,61,61,78,32,78,76,60,60,7,7,38,28],"items_purged":[],"gold":34,"score":244,"play_id":"e1379c88-a1ad-4709-863f-0489aa4a217d","is_prod":false,"is_daily":false,"is_ascension_mode":true,"campfire_upgraded":3,"path_taken":["M","?","M","M","?","R","E","M","T","R","?","R","$","?","R","BOSS","M","M","?","M","$","R","M","E"],"build_version":"2018-02-22-PROD1","purchased_purges":2,"victory":false,"master_deck":["Defend_G","Defend_G","Defend_G","Defend_G","Defend_G","Strike_G","Strike_G","Strike_G","Survivor","Neutralize","Skewer+1","Backflip+1","Injury","Endless Agony","Choke","Distraction+1","Cloak And Dagger+1","Backflip","Adrenaline","Cloak And Dagger","Tactician","Well Laid Plans+1","Malaise","Acrobatics"],"max_hp_per_floor":[70,70,70,70,70,70,70,70,84,84,78,78,78,78,78,78,78,78,78,78,78,78,78,78],"relics":["Ring of the Snake","Tiny Chest","Mango","Golden Idol","Eternal Feather","Ornamental Fan"],"card_choices":[{"not_picked":["Flying Knee","Dodge and Roll"],"picked":"Backflip"},{"not_picked":["Deflect","Calculated Gamble"],"picked":"Endless Agony"},{"not_picked":["Accuracy","Deadly Poison"],"picked":"Choke"},{"not_picked":["Well Laid Plans","Blade Dance"],"picked":"Cloak And Dagger"},{"not_picked":["Underhanded Strike","Expertise"],"picked":"Backflip"},{"not_picked":["Tactician","Flying Knee"],"picked":"Cloak And Dagger"},{"not_picked":["Corpse Explosion","Grand Finale"],"picked":"Tactician"},{"not_picked":["Cloak And Dagger","Malaise"],"picked":"Well Laid Plans"},{"not_picked":["Catalyst","Well Laid Plans"],"picked":"Malaise"},{"not_picked":["Masterful Stab","Slice"],"picked":"Acrobatics"}],"player_experience":261142,"potions_floor_usage":[16,16,21,24],"damage_taken":[{"damage":0,"enemies":"Small Slimes","floor":1,"turns":3},{"damage":0,"enemies":"Cultist","floor":3,"turns":3},{"damage":0,"enemies":"Jaw Worm","floor":4,"turns":3},{"damage":23,"enemies":"Gremlin Nob","floor":7,"turns":4},{"damage":0,"enemies":"2 Fungi Beasts","floor":8,"turns":2},{"damage":0,"enemies":"Exordium Thugs","floor":14,"turns":3},{"damage":46,"enemies":"Hexaghost","floor":16,"turns":13},{"damage":2,"enemies":"3 Byrds","floor":18,"turns":8},{"damage":16,"enemies":"Shell Parasite","floor":19,"turns":8},{"damage":53,"enemies":"Cultist and Chosen","floor":21,"turns":8},{"damage":25,"enemies":"Centurion and Healer","floor":24,"turns":15},{"damage":34,"enemies":"Gremlin Leader","floor":25,"turns":2}],"event_choices":[{"event_name":"Accursed Blacksmith","player_choice":"Forge","floor":2,"damage_taken":0},{"event_name":"Transmorgrifier","player_choice":"Transform","floor":5,"damage_taken":0},{"event_name":"Golden Idol","player_choice":"Lose Max HP","floor":11,"damage_taken":0},{"event_name":"Vampires","player_choice":"Ignored","floor":20,"damage_taken":0}],"boss_relics":[{"not_picked":["Ectoplasm","Black Star"],"picked":"Eternal Feather"}],"potions_floor_spawned":[7,8,16,18],"seed_played":"9169766249462478110","killed_by":"Gremlin Leader","ascension_level":4,"is_trial":false}