{"path_per_floor":["M","?","?","M","$","R","E","M","T","M","?","?","E","M","R","B",null,"M","?","$","?","?","R","?","R","T","M","$","M","T","$","R","B",null,"M","$","M","?","M","R","$","R","T","M","?","$","?","M","R"],"character_chosen":"THE_SILENT","items_purchased":["Strawberry","Backflip","Oddly Smooth Stone"],"gold_per_floor":[117,117,117,137,62,62,89,101,101,120,195,252,277,291,291,395,395,407,407,151,151,51,51,51,51,51,61,8,19,94,44,44,141,141,154,8,23,23,38,38,38,38,38,56,0,0,0,19,19],"floor_reached":50,"campfire_rested":5,"playtime":2575,"current_hp_per_floor":[70,56,56,56,56,70,57,57,57,57,46,21,12,12,33,25,70,63,63,70,70,70,70,70,70,70,70,70,64,64,64,64,9,77,42,42,33,33,12,35,35,58,58,51,51,51,41,34,57],"items_purged":["Defend_G","Strike_G","Defend_G"],"gold":19,"score":421,"play_id":"6942e6de-0e69-46b0-a7fd-01b627698361","is_prod":false,"is_daily":false,"is_ascension_mode":false,"campfire_upgraded":3,"path_taken":["M","?","?","?","$","R","E","M","T","?","?","?","E","M","R","BOSS","M","?","?","?","?","R","?","R","T","M","?","M","?","$","R","BOSS","M","$","M","?","M","R","$","R","T","M","?","$","?","?","R","BOSS"],"build_version":"2018-02-15-PROD1","purchased_purges":4,"victory":false,"master_deck":["Defend_G","Defend_G","Strike_G+1","Strike_G+1","Survivor","Neutralize+1","Flying Knee","Cloak And Dagger","Distraction+1","Predator+1","Footwork","Endless Agony","Adrenaline","Terror","Skewer+1","Backflip","A Thousand Cuts","A Thousand Cuts+1","Blade Dance+1","Envenom+1","Slice","Backflip+1","Bouncing Flask+1","Finisher+1","Terror+1","Madness","Madness","Phantasmal Killer","Acrobatics+1"],"max_hp_per_floor":[70,70,70,70,70,70,70,70,70,70,70,70,70,70,70,70,70,70,70,77,77,77,77,77,77,77,77,77,77,77,77,77,77,77,77,77,77,77,77,77,77,77,77,77,77,77,77,77,77],"relics":["Ring of the Snake","Lantern","Ice Cream","Ornamental Fan","Ancient Tea Set","Lizard Tail","Nloth\u0027s Gift","Dream Catcher","Smiling Mask","Astrolabe","Oddly Smooth Stone","Letter Opener","Red Mask"],"card_choices":[{"not_picked":["Expertise","Sucker Punch"],"picked":"Flying Knee"},{"not_picked":["Flying Knee","Dodge and Roll"],"picked":"Cloak And Dagger"},{"not_picked":["Dodge and Roll","Terror"],"picked":"Distraction"},{"not_picked":["Flying Knee","Noxious Fumes"],"picked":"Predator"},{"not_picked":["Dagger Throw","Underhanded Strike"],"picked":"Footwork"},{"not_picked":["Choke","Well Laid Plans"],"picked":"Endless Agony"},{"not_picked":["Tactician","Doppelganger"],"picked":"Adrenaline"},{"not_picked":["Distraction","Dagger Throw"],"picked":"Terror"},{"not_picked":["Tools of the Trade","Tactician"],"picked":"A Thousand Cuts"},{"not_picked":["Acrobatics","Well Laid Plans"],"picked":"Slice"},{"not_picked":["Slice","Footwork"],"picked":"Backflip"},{"not_picked":["Cloak And Dagger","Outmaneuver"],"picked":"Bouncing Flask"},{"not_picked":["Doppelganger","Deadly Poison"],"picked":"Finisher"},{"not_picked":["Flying Knee","Prepared"],"picked":"Terror"},{"not_picked":["Choke","Blur"],"picked":"Phantasmal Killer"},{"not_picked":["Dodge and Roll","Crippling Poison"],"picked":"Acrobatics"}],"player_experience":50712,"potions_floor_usage":[12,13,14,33,33,33,33,35,50,50,50],"damage_taken":[{"damage":0,"enemies":"Jaw Worm","floor":1,"turns":4},{"damage":0,"enemies":"2 Louse","floor":4,"turns":2},{"damage":13,"enemies":"3 Sentries","floor":7,"turns":8},{"damage":0,"enemies":"Cultist","floor":8,"turns":3},{"damage":0,"enemies":"2 Fungi Beasts","floor":10,"turns":2},{"damage":25,"enemies":"Gremlin Nob","floor":12,"turns":5},{"damage":9,"enemies":"Gremlin Nob","floor":13,"turns":3},{"damage":0,"enemies":"Exordium Thugs","floor":14,"turns":3},{"damage":8,"enemies":"The Guardian","floor":16,"turns":16},{"damage":7,"enemies":"Shell Parasite","floor":18,"turns":3},{"damage":0,"enemies":"2 Thieves","floor":27,"turns":2},{"damage":6,"enemies":"Snecko","floor":29,"turns":3},{"damage":95,"enemies":"Collector","floor":33,"turns":16},{"damage":35,"enemies":"3 Darklings","floor":35,"turns":5},{"damage":9,"enemies":"Orb Walker","floor":37,"turns":3},{"damage":21,"enemies":"Sphere and 2 Shapes","floor":39,"turns":4},{"damage":7,"enemies":"3 Darklings","floor":44,"turns":3},{"damage":7,"enemies":"4 Shapes","floor":48,"turns":4},{"damage":76,"enemies":"Time Eater","floor":50,"turns":5}],"event_choices":[{"event_name":"Shining Light","player_choice":"Entered Light","floor":2,"damage_taken":0},{"event_name":"The Woman in Blue","player_choice":"Bought 0 Potions","floor":3,"damage_taken":0},{"event_name":"World of Goop","player_choice":"Gather Gold","floor":11,"damage_taken":0},{"event_name":"Dead Adventurer","player_choice":"Searched \u00271\u0027 times","floor":12,"damage_taken":0},{"event_name":"The Library","player_choice":"Read","floor":19,"damage_taken":0},{"event_name":"Upgrade Shrine","player_choice":"Upgraded","floor":21,"damage_taken":0},{"event_name":"Drug Dealer","player_choice":"Got JAXXED","floor":22,"damage_taken":0},{"event_name":"N\u0027loth","player_choice":"Traded a Strawberry","floor":24,"damage_taken":0},{"event_name":"Tomb of Lord Red Mask","player_choice":"Paid","floor":45,"damage_taken":0},{"event_name":"Winding Halls","player_choice":"Embrace Madness","floor":47,"damage_taken":0}],"boss_relics":[{"not_picked":["Runic Pyramid","Cursed Key"],"picked":"Lizard Tail"},{"not_picked":["Question Card","Eternal Feather"],"picked":"Astrolabe"}],"potions_floor_spawned":[7,8,12,12,16,27,33,35,39,44],"seed_played":"-4872449802906531317","killed_by":"Time Eater","ascension_level":0,"is_trial":false}