{"path_per_floor":["M","$","M","M","?","R","M","R","T","M","E","?","M","?","R","B",null,"M","$","M","M","M","R","E","R","T","?","M","$","?","M","R"],"character_chosen":"THE_SILENT","items_purchased":["Flechettes","Finisher","Bag of Preparation","Noxious Fumes","Deadly Poison"],"gold_per_floor":[119,4,21,36,36,36,48,48,48,65,95,125,136,136,136,240,240,256,9,23,42,54,54,81,81,104,29,47,47,47,63,63],"floor_reached":33,"campfire_rested":5,"playtime":1782,"current_hp_per_floor":[70,70,70,62,48,48,43,64,64,54,53,53,45,45,70,48,70,53,53,51,26,21,57,21,57,57,57,48,48,48,47,70],"items_purged":[],"gold":63,"score":269,"play_id":"dd5d437b-9970-45bd-9454-0c4e882ef725","is_prod":false,"is_daily":false,"is_ascension_mode":false,"campfire_upgraded":1,"path_taken":["M","$","M","M","?","R","M","R","T","M","E","?","M","?","R","BOSS","M","$","M","M","M","R","E","R","T","?","M","?","?","M","R","BOSS"],"build_version":"2018-02-15-PROD1","purchased_purges":0,"victory":false,"master_deck":["Defend_G+1","Defend_G","Defend_G","Defend_G+1","Strike_G","Strike_G","Strike_G","Strike_G+1","Survivor+1","Neutralize+1","Finisher","Flechettes","Finisher","Flying Knee+1","Caltrops","Slice","Expertise","Envenom","Flying Knee","Predator","Burst","Flying Knee+1","Noxious Fumes","Deadly Poison","Poisoned Stab+1","Choke","Acrobatics","Adrenaline","Riddle With Holes+1","Riddle With Holes+1"],"max_hp_per_floor":[70,70,70,70,70,70,70,70,70,70,70,70,70,70,70,70,70,70,70,70,70,70,70,70,70,70,70,70,70,70,70,70],"relics":["Ring of the Snake","Shuriken","Regal Pillow","Snake Skull","Sozu","Bag of Preparation","Whetstone","War Paint"],"card_choices":[{"not_picked":["Dagger Throw","Malaise"],"picked":"Finisher"},{"not_picked":["Backflip","Quick Slash"],"picked":"Flying Knee"},{"not_picked":["PiercingWail","Flechettes"],"picked":"Caltrops"},{"not_picked":["Backstab","Outmaneuver"],"picked":"Slice"},{"not_picked":["Predator","Dagger Throw"],"picked":"Expertise"},{"not_picked":["Escape Plan","Outmaneuver"],"picked":"Envenom"},{"not_picked":["Quick Slash","Predator"],"picked":"Flying Knee"},{"not_picked":["Doppelganger","Unload"],"picked":"Burst"},{"not_picked":["Riddle With Holes","Backstab"],"picked":"Flying Knee"},{"not_picked":["Deadly Poison","Outmaneuver"],"picked":"Poisoned Stab"},{"not_picked":["Footwork","Deadly Poison"],"picked":"Choke"},{"not_picked":["Poisoned Stab","Prepared"],"picked":"Acrobatics"},{"not_picked":["Acrobatics","Heel Hook"],"picked":"Adrenaline"},{"not_picked":["Endless Agony","Acrobatics"],"picked":"Riddle With Holes"}],"player_experience":21470,"potions_floor_usage":[11,11,16],"damage_taken":[{"damage":0,"enemies":"2 Louse","floor":1,"turns":3},{"damage":0,"enemies":"Cultist","floor":3,"turns":2},{"damage":8,"enemies":"Small Slimes","floor":4,"turns":3},{"damage":5,"enemies":"3 Louse","floor":7,"turns":3},{"damage":10,"enemies":"Looter","floor":10,"turns":2},{"damage":7,"enemies":"Gremlin Nob","floor":11,"turns":3},{"damage":8,"enemies":"Exordium Thugs","floor":13,"turns":3},{"damage":22,"enemies":"Slime Boss","floor":16,"turns":7},{"damage":17,"enemies":"2 Thieves","floor":18,"turns":3},{"damage":2,"enemies":"Chosen","floor":20,"turns":3},{"damage":25,"enemies":"Sentry and Sphere","floor":21,"turns":4},{"damage":5,"enemies":"Snecko","floor":22,"turns":3},{"damage":36,"enemies":"Gremlin Leader","floor":24,"turns":3},{"damage":9,"enemies":"Centurion and Healer","floor":28,"turns":4},{"damage":1,"enemies":"3 Cultists","floor":31,"turns":4},{"damage":78,"enemies":"Collector","floor":33,"turns":7}],"event_choices":[{"event_name":"Shining Light","player_choice":"Entered Light","floor":5,"damage_taken":0},{"event_name":"Dead Adventurer","player_choice":"Searched \u00273\u0027 times","floor":12,"damage_taken":0},{"event_name":"Transmorgrifier","player_choice":"Transform","floor":14,"damage_taken":0},{"event_name":"Beggar","player_choice":"Gave Gold","floor":27,"damage_taken":0},{"event_name":"Duplicator","player_choice":"One dupe","floor":30,"damage_taken":0}],"boss_relics":[{"not_picked":["Black Star","Cursed Key"],"picked":"Sozu"}],"potions_floor_spawned":[3,4,10,11,18,31],"seed_played":"7643665602575310837","killed_by":"Collector","ascension_level":0,"is_trial":false}