{"path_per_floor":["M","?","T","M","$","M","R","E","T","M","?","T","R","M","R","B",null,"M","M","M","?","?","R","M","$","T","R"],"character_chosen":"THE_SILENT","items_purchased":["Catalyst"],"gold_per_floor":[148,98,98,114,43,63,63,88,88,98,98,123,123,135,135,235,235,254,271,287,287,287,287,307,232,232,232],"floor_reached":28,"campfire_rested":3,"playtime":751,"current_hp_per_floor":[71,71,71,65,65,65,65,44,44,41,41,41,63,59,59,43,75,75,66,17,17,17,39,8,8,8,30],"items_purged":["Strike_G"],"gold":232,"score":262,"play_id":"de291c18-e66d-4931-bacf-0113fb0cf99d","is_prod":false,"is_daily":false,"is_ascension_mode":true,"campfire_upgraded":2,"path_taken":["M","?","?","?","$","M","R","E","T","M","?","?","R","M","R","BOSS","M","M","M","?","?","R","M","$","T","R","E"],"build_version":"2018-02-22-PROD2","purchased_purges":1,"victory":false,"master_deck":["Defend_G+1","Defend_G+1","Defend_G+1","Defend_G+1","Defend_G+1","Strike_G+1","Strike_G+1","Strike_G+1","Survivor","Neutralize","Poisoned Stab","Outmaneuver","Backflip","Catalyst+1","Dagger Throw","Deadly Poison","Bouncing Flask+1","Bouncing Flask","Leg Sweep+1","Night Terror","Catalyst","Bouncing Flask","Malaise","Calculated Gamble","Well Laid Plans"],"max_hp_per_floor":[75,75,75,75,75,75,75,75,75,75,75,75,75,75,75,75,75,75,75,75,75,75,75,75,75,75,75],"relics":["Tiny House","Tough Bandages","Juzu Bracelet","Ginger","Dream Catcher","Question Card","Unceasing Top"],"card_choices":[{"not_picked":["PiercingWail","Finisher"],"picked":"Poisoned Stab"},{"not_picked":["Calculated Gamble","Slice"],"picked":"Outmaneuver"},{"not_picked":["Dagger Spray","Venomology"],"picked":"Backflip"},{"not_picked":["Dodge and Roll","Cloak And Dagger"],"picked":"Dagger Throw"},{"not_picked":["Underhanded Strike","Dagger Spray"],"picked":"Deadly Poison"},{"not_picked":["Infinite Blades","All Out Attack"],"picked":"Bouncing Flask"},{"not_picked":["Acrobatics","Slice"],"picked":"Bouncing Flask"},{"not_picked":["Deadly Poison","Grand Finale"],"picked":"Leg Sweep"},{"not_picked":["Grand Finale","A Thousand Cuts"],"picked":"Night Terror"},{"not_picked":["Flechettes","Deflect","Cloak And Dagger"],"picked":"Catalyst"},{"not_picked":["Poisoned Stab","Slice","Finisher"],"picked":"Bouncing Flask"},{"not_picked":["Bane","Reflex","Deflect"],"picked":"Malaise"},{"not_picked":["Setup","PiercingWail","Poisoned Stab"],"picked":"Calculated Gamble"},{"not_picked":["Poisoned Stab","Phantasmal Killer","Deflect"],"picked":"Well Laid Plans"}],"player_experience":267580,"potions_floor_usage":[8,10,16],"damage_taken":[{"damage":4,"enemies":"2 Louse","floor":1,"turns":3},{"damage":6,"enemies":"Jaw Worm","floor":4,"turns":5},{"damage":0,"enemies":"Cultist","floor":6,"turns":4},{"damage":21,"enemies":"Gremlin Nob","floor":8,"turns":4},{"damage":3,"enemies":"3 Louse","floor":10,"turns":2},{"damage":4,"enemies":"Blue Slaver","floor":14,"turns":2},{"damage":16,"enemies":"The Guardian","floor":16,"turns":8},{"damage":0,"enemies":"Chosen","floor":18,"turns":3},{"damage":9,"enemies":"3 Byrds","floor":19,"turns":4},{"damage":49,"enemies":"Slaver and Parasite","floor":20,"turns":6},{"damage":31,"enemies":"Cultist and Chosen","floor":24,"turns":7},{"damage":30,"enemies":"Slavers","floor":28,"turns":3}],"event_choices":[{"event_name":"The Cleric","player_choice":"Card Removal","floor":2,"damage_taken":0},{"event_name":"Living Wall","player_choice":"Grow","floor":11,"damage_taken":0},{"event_name":"Back to Basics","player_choice":"Simplicity","floor":21,"damage_taken":0},{"event_name":"Drug Dealer","player_choice":"Ignored","floor":22,"damage_taken":0}],"boss_relics":[{"not_picked":["Orrery","Runic Pyramid"],"picked":"Question Card"}],"potions_floor_spawned":[6,14,24],"seed_played":"8441082465719141161","killed_by":"Slavers","ascension_level":4,"is_trial":false}