{"path_per_floor":["M","M","?","M","M","R","M","M","T","?","M","M","M","M","R"],"character_chosen":"THE_SILENT","items_purchased":[],"gold_per_floor":[115,132,132,148,164,164,175,191,191,191,204,220,230,249,249],"floor_reached":16,"campfire_rested":1,"playtime":658,"current_hp_per_floor":[70,70,70,70,70,70,13,25,25,25,24,22,17,16,37],"items_purged":[],"gold":249,"score":115,"play_id":"9253ce1c-bda4-495e-b33d-99225db3f6d4","is_prod":false,"is_daily":false,"is_ascension_mode":true,"campfire_upgraded":1,"path_taken":["M","M","?","M","?","R","M","?","T","?","M","M","M","M","R","BOSS"],"build_version":"2018-02-15-PROD1","purchased_purges":0,"victory":false,"master_deck":["Defend_G","Defend_G","Defend_G","Defend_G","Defend_G","Strike_G","Strike_G","Strike_G","Strike_G","Survivor","Neutralize","Dagger Throw","Deadly Poison","Flying Knee+1","Venomology","Cloak And Dagger","Backflip","Backflip","Dagger Throw","Catalyst","Dagger Spray","Backflip"],"max_hp_per_floor":[70,70,70,70,70,70,70,70,70,70,70,70,70,70,70],"relics":["Ring of the Snake","NeowsBlessing","Sundial"],"card_choices":[{"not_picked":["Slice","Cloak And Dagger"],"picked":"Dagger Throw"},{"not_picked":["PiercingWail","Deflect"],"picked":"Deadly Poison"},{"not_picked":["Riddle With Holes","Bane"],"picked":"Flying Knee"},{"not_picked":["Dagger Spray","Crippling Poison"],"picked":"Venomology"},{"not_picked":["Dagger Throw","Underhanded Strike"],"picked":"Cloak And Dagger"},{"not_picked":["Sucker Punch","Quick Slash"],"picked":"Backflip"},{"not_picked":["Acrobatics","PiercingWail"],"picked":"Dagger Throw"},{"not_picked":["Blade Dance","Backflip"],"picked":"Catalyst"},{"not_picked":["PiercingWail","Dagger Throw"],"picked":"Dagger Spray"},{"not_picked":["Outmaneuver","Doppelganger"],"picked":"Backflip"}],"player_experience":242380,"potions_floor_usage":[8,12,13,13,14,16,16],"damage_taken":[{"damage":0,"enemies":"Jaw Worm","floor":1,"turns":1},{"damage":0,"enemies":"Cultist","floor":2,"turns":1},{"damage":0,"enemies":"2 Louse","floor":4,"turns":1},{"damage":0,"enemies":"Red Slaver","floor":5,"turns":4},{"damage":57,"enemies":"Gremlin Gang","floor":7,"turns":9},{"damage":0,"enemies":"Large Slime","floor":8,"turns":5},{"damage":1,"enemies":"Looter","floor":11,"turns":4},{"damage":2,"enemies":"Blue Slaver","floor":12,"turns":5},{"damage":5,"enemies":"Gremlin Gang","floor":13,"turns":3},{"damage":1,"enemies":"3 Louse","floor":14,"turns":3},{"damage":40,"enemies":"Hexaghost","floor":16,"turns":9}],"event_choices":[{"event_name":"The Woman in Blue","player_choice":"Bought 0 Potions","floor":3,"damage_taken":0},{"event_name":"Living Wall","player_choice":"Change","floor":10,"damage_taken":0}],"boss_relics":[],"potions_floor_spawned":[5,7,12,14],"seed_played":"-6181303945292672660","killed_by":"Hexaghost","ascension_level":3,"is_trial":false}