{"path_per_floor":["M","?","M","$","M","R","E","M","T","M","?","T","M","$","R","B",null,"M","M","M","?","?"],"character_chosen":"THE_SILENT","items_purchased":["Venomology","Slice"],"gold_per_floor":[215,215,227,16,26,26,52,69,69,86,86,137,155,10,10,106,106,118,132,146,146,146],"floor_reached":23,"campfire_rested":1,"playtime":1492,"current_hp_per_floor":[68,54,49,49,47,47,51,42,42,42,42,42,40,40,63,26,77,66,61,52,52,52],"items_purged":["Defend_G","Regret"],"gold":146,"score":193,"play_id":"46ee03a5-90af-4f12-bb7a-05950c718656","is_prod":false,"is_daily":false,"is_ascension_mode":false,"campfire_upgraded":1,"path_taken":["M","?","M","$","?","R","E","M","T","M","?","?","M","$","R","BOSS","M","M","M","?","?","E"],"build_version":"2018-02-15-PROD1","purchased_purges":2,"victory":false,"master_deck":["Defend_G+1","Defend_G","Defend_G","Defend_G","Strike_G","Strike_G","Strike_G","Strike_G","Strike_G","Survivor+1","Neutralize+1","Slice","Venomology","Poisoned Stab","Slice","Flying Knee","Dagger Throw","Slice","Acrobatics","After Image","Finisher"],"max_hp_per_floor":[70,70,70,70,70,70,77,77,77,77,77,77,77,77,77,77,77,77,77,77,77,77],"relics":["Ring of the Snake","Strawberry","Prayer Wheel","Dream Catcher","Bag of Marbles","Black Star","Omamori"],"card_choices":[{"not_picked":["Underhanded Strike","Sucker Punch"],"picked":"Slice"},{"not_picked":["Well Laid Plans","PiercingWail"],"picked":"Poisoned Stab"},{"not_picked":["Tactician","Catalyst"],"picked":"Slice"},{"not_picked":["Prepared","Bane"],"picked":"Flying Knee"},{"not_picked":["Crippling Poison","All Out Attack"],"picked":"Dagger Throw"},{"not_picked":["Deflect","Dodge and Roll"],"picked":"Acrobatics"},{"not_picked":["Unload","Glass Knife"],"picked":"After Image"},{"not_picked":["Dodge and Roll","Predator"],"picked":"Finisher"}],"player_experience":43052,"potions_floor_usage":[7,7,8,13,16,16,16,16,18,19,20,20,23,23],"damage_taken":[{"damage":2,"enemies":"2 Louse","floor":1,"turns":4},{"damage":5,"enemies":"Small Slimes","floor":3,"turns":7},{"damage":2,"enemies":"Jaw Worm","floor":5,"turns":5},{"damage":3,"enemies":"3 Sentries","floor":7,"turns":10},{"damage":9,"enemies":"Gremlin Gang","floor":8,"turns":6},{"damage":0,"enemies":"Looter","floor":10,"turns":5},{"damage":11,"enemies":"Exordium Thugs","floor":13,"turns":5},{"damage":37,"enemies":"Slime Boss","floor":16,"turns":17},{"damage":11,"enemies":"Shell Parasite","floor":18,"turns":5},{"damage":5,"enemies":"3 Byrds","floor":19,"turns":4},{"damage":24,"enemies":"Slaver and Parasite","floor":20,"turns":8},{"damage":70,"enemies":"Slavers","floor":23,"turns":4}],"event_choices":[{"event_name":"Shining Light","player_choice":"Entered Light","floor":2,"damage_taken":0},{"event_name":"Big Fish","player_choice":"Box","floor":11,"damage_taken":0},{"event_name":"Vampires","player_choice":"Ignored","floor":21,"damage_taken":0},{"event_name":"The Mausoleum","player_choice":"Yes","floor":22,"damage_taken":0}],"boss_relics":[{"not_picked":["Cursed Key","Velvet Choker"],"picked":"Black Star"}],"potions_floor_spawned":[5,7,13,16,19,20],"seed_played":"4949126440622524659","killed_by":"Slavers","ascension_level":0,"is_trial":false}