{"path_per_floor":["M","$","?","M","M","E","M","R","T","?","?","$","R","M","R","B",null,"M","$","?","?","$","R","?","E","T","?","R","M","M","?","R","B",null,"M","M","$","?","M","R"],"character_chosen":"THE_SILENT","items_purchased":["Molten Egg 2","Accuracy","Cloak And Dagger","Mind Blast","Omamori","Infinite Blades","Backflip","Apotheosis","Tiny Chest","Footwork"],"gold_per_floor":[110,35,35,55,70,401,421,421,421,596,561,8,8,29,29,159,159,182,39,219,144,38,38,38,74,74,74,74,90,108,308,308,432,432,452,477,11,11,35,35],"floor_reached":41,"campfire_rested":7,"playtime":2122,"current_hp_per_floor":[70,70,53,53,53,33,7,28,28,28,45,45,66,59,70,27,70,70,70,30,30,30,51,51,20,20,20,41,27,20,20,41,28,70,28,13,13,31,10,31],"items_purged":["Defend_G","Defend_G","Pain"],"gold":35,"score":382,"play_id":"a537296c-6a57-4b32-9515-4d8dd087f3b9","is_prod":false,"is_daily":false,"is_ascension_mode":false,"campfire_upgraded":0,"path_taken":["M","$","?","?","?","E","M","R","T","?","?","?","R","M","R","BOSS","M","$","?","?","?","R","?","E","T","?","R","?","M","?","R","BOSS","M","M","$","?","M","R","M"],"build_version":"2018-02-22-PROD2","purchased_purges":3,"victory":false,"master_deck":["Defend_G","Defend_G","Defend_G","Strike_G","Strike_G","Strike_G","Strike_G","Survivor","Neutralize","Acrobatics","Prepared","Accuracy","Backstab","Well Laid Plans","Accuracy","Cloak And Dagger","Mind Blast+1","Storm of Steel","Slice+1","Deep Breath","Dark Shackles","Infinite Blades","Backflip","Deflect+1","Burst","Cloak And Dagger+1","Blade Dance+1","Apotheosis","Footwork","Writhe","Backstab+1"],"max_hp_per_floor":[70,70,70,70,70,70,70,70,70,70,70,70,70,70,70,70,70,70,70,70,70,70,70,70,70,70,70,70,70,70,70,70,70,70,70,70,70,70,70,70],"relics":["Ring of the Snake","Golden Idol","Tingsha","Molten Egg 2","Lizard Tail","Omamori","Nloth\u0027s Gift","Happy Flower","Gremlin Horn","Calling Bell","Shovel","Vajra","Art of War","Tiny Chest"],"card_choices":[{"not_picked":["PiercingWail","Catalyst"],"picked":"Acrobatics"},{"not_picked":["Sucker Punch","Flying Knee"],"picked":"Prepared"},{"not_picked":["Slice","Acrobatics"],"picked":"Accuracy"},{"not_picked":["Terror","Backflip"],"picked":"Backstab"},{"not_picked":["Wraith Form","Masterful Stab"],"picked":"Well Laid Plans"},{"not_picked":["Tools of the Trade","Bullet Time"],"picked":"Storm of Steel"},{"not_picked":["Catalyst","Bane"],"picked":"Slice"},{"not_picked":["Outmaneuver","Unload"],"picked":"Deflect"},{"not_picked":["Doppelganger","Grand Finale"],"picked":"Burst"},{"not_picked":["Dagger Spray","PiercingWail"],"picked":"Cloak And Dagger"},{"not_picked":["Masterful Stab","Footwork"],"picked":"Blade Dance"},{"not_picked":["Quick Slash","Bane"],"picked":"Backstab"}],"player_experience":82665,"potions_floor_usage":[6,6,16,16,36,41],"damage_taken":[{"damage":0,"enemies":"Jaw Worm","floor":1,"turns":4},{"damage":0,"enemies":"2 Louse","floor":4,"turns":4},{"damage":0,"enemies":"Cultist","floor":5,"turns":4},{"damage":20,"enemies":"Lagavulin","floor":6,"turns":11},{"damage":26,"enemies":"Gremlin Gang","floor":7,"turns":11},{"damage":7,"enemies":"Looter","floor":14,"turns":3},{"damage":43,"enemies":"The Guardian","floor":16,"turns":16},{"damage":0,"enemies":"Spheric Guardian","floor":18,"turns":1},{"damage":31,"enemies":"Gremlin Leader","floor":25,"turns":8},{"damage":14,"enemies":"2 Thieves","floor":29,"turns":3},{"damage":7,"enemies":"Centurion and Healer","floor":30,"turns":6},{"damage":73,"enemies":"Automaton","floor":33,"turns":9},{"damage":42,"enemies":"3 Darklings","floor":35,"turns":6},{"damage":15,"enemies":"3 Shapes","floor":36,"turns":5},{"damage":21,"enemies":"Sphere and 2 Shapes","floor":39,"turns":3},{"damage":32,"enemies":"3 Darklings","floor":41,"turns":3}],"event_choices":[{"event_name":"Golden Idol","player_choice":"Take Damage","floor":3,"damage_taken":0},{"event_name":"Liars Game","player_choice":"agreed","floor":10,"damage_taken":0},{"event_name":"The Cleric","player_choice":"Healed","floor":11,"damage_taken":0},{"event_name":"Knowing Skull","player_choice":"CARD CARD GOLD GOLD ","floor":20,"damage_taken":0},{"event_name":"Beggar","player_choice":"Gave Gold","floor":21,"damage_taken":0},{"event_name":"N\u0027loth","player_choice":"Traded a Old Coin","floor":24,"damage_taken":0},{"event_name":"Back to Basics","player_choice":"Elegance","floor":27,"damage_taken":0},{"event_name":"Wheel of Change","player_choice":"Gold","floor":31,"damage_taken":0},{"event_name":"Winding Halls","player_choice":"Writhe","floor":38,"damage_taken":0}],"boss_relics":[{"not_picked":["White Beast Statue","Runic Pyramid"],"picked":"Lizard Tail"},{"not_picked":["Astrolabe","Tiny House"],"picked":"Calling Bell"}],"potions_floor_spawned":[4,5,7,14,18,36],"seed_played":"5761535265212396819","killed_by":"3 Darklings","ascension_level":0,"is_trial":false}