{"path_per_floor":["M","$","M","M","$","?","R","M","T","$","R","E","R","$","R","B",null,"M","M","M","?","M","R","?","M","T","R","T","M","R","$","R"],"character_chosen":"THE_SILENT","items_purchased":["Dagger Spray","Noxious Fumes","Calculated Gamble","Purity"],"gold_per_floor":[118,16,28,43,43,143,143,163,163,57,57,84,84,84,84,180,180,164,178,192,192,212,212,212,226,226,226,226,244,244,150,150],"floor_reached":33,"campfire_rested":2,"playtime":1757,"current_hp_per_floor":[70,70,70,70,70,70,70,70,70,70,70,69,69,69,69,55,70,63,60,46,46,24,24,24,12,12,33,33,29,50,50,50],"items_purged":["Strike_G"],"gold":150,"score":245,"play_id":"99cebf4d-0ce1-489e-8130-24c4fce500b4","is_prod":false,"is_daily":false,"is_ascension_mode":false,"campfire_upgraded":6,"path_taken":["M","$","M","M","$","?","R","M","T","?","R","E","R","$","R","BOSS","M","M","M","?","?","R","?","M","T","R","?","?","R","$","R","BOSS"],"build_version":"2018-02-22-PROD2","purchased_purges":1,"victory":false,"master_deck":["Defend_G","Defend_G","Defend_G","Defend_G","Defend_G","Strike_G","Strike_G","Strike_G","Survivor","Neutralize+1","Deadly Poison+1","Dagger Spray","Backflip","Footwork+1","Heel Hook","Noxious Fumes+1","Calculated Gamble+1","Night Terror+1","Prepared+1","Backflip+1","Acrobatics","Purity"],"max_hp_per_floor":[70,70,70,70,70,70,70,70,70,70,70,70,70,70,70,70,70,70,70,70,70,70,70,70,70,70,70,70,70,70,70,70],"relics":["Ring of the Snake"],"card_choices":[{"not_picked":["Prepared","Bane"],"picked":"Deadly Poison"},{"not_picked":["Dodge and Roll","Quick Slash"],"picked":"Backflip"},{"not_picked":["Predator","Malaise"],"picked":"Footwork"},{"not_picked":["Concentrate","Dagger Throw"],"picked":"Heel Hook"},{"not_picked":["Venomology","Doppelganger"],"picked":"Night Terror"},{"not_picked":["Terror","Backflip"],"picked":"Prepared"},{"not_picked":["Masterful Stab","Reflex"],"picked":"Backflip"},{"not_picked":["Dodge and Roll","Skewer"],"picked":"Acrobatics"}],"player_experience":451576,"potions_floor_usage":[22,25,25],"damage_taken":[{"damage":0,"enemies":"Small Slimes","floor":1,"turns":3},{"damage":0,"enemies":"Cultist","floor":3,"turns":3},{"damage":0,"enemies":"Jaw Worm","floor":4,"turns":4},{"damage":0,"enemies":"Large Slime","floor":8,"turns":5},{"damage":1,"enemies":"3 Sentries","floor":12,"turns":6},{"damage":14,"enemies":"Hexaghost","floor":16,"turns":10},{"damage":7,"enemies":"2 Thieves","floor":18,"turns":5},{"damage":3,"enemies":"Chosen","floor":19,"turns":6},{"damage":14,"enemies":"Snake Plant","floor":20,"turns":7},{"damage":22,"enemies":"Slaver and Parasite","floor":22,"turns":8},{"damage":12,"enemies":"Sentry and Sphere","floor":25,"turns":6},{"damage":4,"enemies":"Snecko","floor":29,"turns":7},{"damage":60,"enemies":"Collector","floor":33,"turns":5}],"event_choices":[{"event_name":"Golden Shrine","player_choice":"Pray","floor":6,"damage_taken":0},{"event_name":"Back to Basics","player_choice":"Elegance","floor":21,"damage_taken":0},{"event_name":"The Mausoleum","player_choice":"No","floor":24,"damage_taken":0}],"boss_relics":[{"not_picked":["The Specimen","Cursed Key","Velvet Choker"]}],"potions_floor_spawned":[12,16,18],"seed_played":"8626600378481901611","killed_by":"Collector","ascension_level":0,"is_trial":false}