{"path_per_floor":["M","?","M","$","M","R","M","M","T","R","E","?","R","$","R","B",null,"M","M"],"character_chosen":"THE_SILENT","items_purchased":[],"gold_per_floor":[12,12,31,31,50,50,65,75,98,98,131,131,131,56,56,180,180,199,174],"floor_reached":20,"campfire_rested":1,"playtime":715,"current_hp_per_floor":[70,70,69,69,69,69,66,64,64,64,56,56,56,56,72,47,72,51,16],"items_purged":["Injury"],"gold":174,"score":200,"play_id":"f0fdfd38-82b3-4a30-b48a-6eee17779daf","is_prod":false,"is_daily":false,"is_ascension_mode":true,"campfire_upgraded":3,"path_taken":["M","?","M","$","M","R","M","M","T","R","E","?","R","$","R","BOSS","M","M","M"],"build_version":"2018-02-15-PROD1","purchased_purges":1,"victory":false,"master_deck":["Defend_G","Defend_G","Defend_G","Defend_G","Strike_G","Strike_G","Strike_G","Strike_G","Survivor","Neutralize","Malaise+1","Escape Plan","Envenom+1","Backflip","Deadly Poison+1","Night Terror+1","Concentrate","Corpse Explosion","Backflip","Outmaneuver+1"],"max_hp_per_floor":[70,70,70,70,70,70,70,70,70,70,72,72,72,72,72,72,72,72,72],"relics":["Ring of the Snake","Singing Bowl","Ornamental Fan","Golden Idol","Question Card"],"card_choices":[{"not_picked":["Concentrate","Calculated Gamble"],"picked":"Envenom"},{"not_picked":["Distraction","Infinite Blades"],"picked":"Backflip"},{"not_picked":["Slice","All Out Attack"],"picked":"Deadly Poison"},{"not_picked":["Outmaneuver","Poisoned Stab"],"picked":"Night Terror"},{"not_picked":["Slice","Poisoned Stab"],"picked":"Concentrate"},{"not_picked":["Bullet Time","Venomology"],"picked":"Corpse Explosion"},{"not_picked":["Caltrops","Prepared","Endless Agony"],"picked":"Backflip"},{"not_picked":["Endless Agony","Deflect","All Out Attack"],"picked":"Outmaneuver"}],"player_experience":225143,"potions_floor_usage":[8,16,18,19],"damage_taken":[{"damage":0,"enemies":"2 Louse","floor":1,"turns":5},{"damage":1,"enemies":"Jaw Worm","floor":3,"turns":4},{"damage":0,"enemies":"Small Slimes","floor":5,"turns":3},{"damage":3,"enemies":"Looter","floor":7,"turns":4},{"damage":2,"enemies":"Exordium Thugs","floor":8,"turns":3},{"damage":10,"enemies":"Lagavulin","floor":11,"turns":5},{"damage":25,"enemies":"Hexaghost","floor":16,"turns":8},{"damage":21,"enemies":"Shell Parasite","floor":18,"turns":9},{"damage":35,"enemies":"2 Thieves","floor":19,"turns":5},{"damage":17,"enemies":"Centurion and Healer","floor":20,"turns":3}],"event_choices":[{"event_name":"Living Wall","player_choice":"Grow","floor":2,"damage_taken":0},{"event_name":"Golden Idol","player_choice":"Take Wound","floor":12,"damage_taken":0}],"boss_relics":[{"not_picked":["Snecko Eye","Velvet Choker"],"picked":"Question Card"}],"potions_floor_spawned":[1,3,7,8,18],"seed_played":"4207391806396449287","killed_by":"Centurion and Healer","ascension_level":3,"is_trial":false}