{"path_per_floor":["M","?","$","?","M","R","E","M","T","R","?","?","R","M","R","B",null,"M","$","?","?","$"],"character_chosen":"THE_SILENT","items_purchased":["Malaise","PiercingWail","Regal Pillow"],"gold_per_floor":[113,113,39,39,57,57,86,98,151,151,151,101,101,117,117,220,220,232,232,232,232,31],"floor_reached":23,"campfire_rested":2,"playtime":773,"current_hp_per_floor":[70,58,58,58,58,58,32,30,30,51,51,51,51,8,29,25,59,59,59,43,43,43],"items_purged":[],"gold":31,"score":231,"play_id":"78463eec-fe7e-42b8-8c19-af6bfa25d9c8","is_prod":false,"is_daily":false,"is_ascension_mode":true,"campfire_upgraded":2,"path_taken":["M","?","$","?","?","R","E","M","T","R","?","?","R","M","R","BOSS","M","$","?","?","$","E"],"build_version":"2018-02-22-PROD2","purchased_purges":0,"victory":false,"master_deck":["Defend_G","Defend_G","Defend_G","Defend_G","Defend_G","Strike_G","Strike_G","Strike_G","Survivor","Neutralize","Bouncing Flask","Finisher","Malaise+1","Decay","Blur+1","Deadly Poison+1","Backflip+1","PiercingWail+1"],"max_hp_per_floor":[70,70,70,70,70,70,70,70,70,70,70,70,70,70,70,70,70,70,70,70,70,70],"relics":["Ring of the Snake","Happy Flower","Toxic Egg 2","Juzu Bracelet","Sozu","Enchiridion","Torii","Regal Pillow"],"card_choices":[{"not_picked":["Poisoned Stab","Slice"],"picked":"Finisher"},{"not_picked":["Outmaneuver","Distraction"],"picked":"Blur"},{"not_picked":["Heel Hook","Outmaneuver"],"picked":"Deadly Poison"},{"not_picked":["Bullet Time","Outmaneuver"],"picked":"Backflip"}],"player_experience":310501,"potions_floor_usage":[7,16],"damage_taken":[{"damage":0,"enemies":"Cultist","floor":1,"turns":4},{"damage":0,"enemies":"Small Slimes","floor":5,"turns":3},{"damage":26,"enemies":"Gremlin Nob","floor":7,"turns":5},{"damage":2,"enemies":"Jaw Worm","floor":8,"turns":4},{"damage":43,"enemies":"Gremlin Gang","floor":14,"turns":7},{"damage":4,"enemies":"The Guardian","floor":16,"turns":9},{"damage":0,"enemies":"Spheric Guardian","floor":18,"turns":5},{"damage":45,"enemies":"Gremlin Leader","floor":23,"turns":3}],"event_choices":[{"event_name":"Scrap Ooze","player_choice":"success","floor":2,"damage_taken":12},{"event_name":"Wheel of Change","player_choice":"Curse","floor":4,"damage_taken":0},{"event_name":"Liars Game","player_choice":"disagreed","floor":11,"damage_taken":0},{"event_name":"The Cleric","player_choice":"Card Removal","floor":12,"damage_taken":0},{"event_name":"Cursed Tome","player_choice":"Obtained Book","floor":20,"damage_taken":0},{"event_name":"The Mausoleum","player_choice":"Yes","floor":21,"damage_taken":0}],"boss_relics":[{"not_picked":["Velvet Choker","Lizard Tail"],"picked":"Sozu"}],"potions_floor_spawned":[5,14,18],"seed_played":"-3279415042240003482","killed_by":"Gremlin Leader","ascension_level":5,"is_trial":false}