{"path_per_floor":["M","?","M","$","?","E","R","M","T","$","M","E","M","M","R","B",null,"M","M","M","$","M","E","R","?","T","M","R","M","$","M","R"],"character_chosen":"THE_SILENT","items_purchased":["Poisoned Stab","Noxious Fumes","Terror","Quick Slash","Sadistic Nature","Finisher"],"gold_per_floor":[112,112,131,31,106,140,140,152,152,27,47,81,93,112,112,217,217,236,250,269,36,52,80,80,80,80,95,95,113,38,48,48],"floor_reached":33,"campfire_rested":4,"playtime":2326,"current_hp_per_floor":[70,75,75,75,64,64,64,59,59,59,54,46,47,49,73,62,96,84,86,85,85,77,47,75,56,56,15,45,38,38,20,50],"items_purged":["Strike_G"],"gold":48,"score":381,"play_id":"e82824b7-04e5-4f8d-9b82-4d40fd6a0933","is_prod":false,"is_daily":false,"is_ascension_mode":false,"campfire_upgraded":1,"path_taken":["M","?","M","$","?","E","R","M","T","$","M","E","M","M","R","BOSS","M","M","M","$","M","E","R","?","T","M","R","M","$","M","R","BOSS"],"build_version":"2018-02-15-PROD1","purchased_purges":1,"victory":false,"master_deck":["Defend_G","Defend_G","Defend_G","Defend_G","Defend_G","Strike_G","Strike_G","Strike_G","Strike_G+1","Survivor","Neutralize","Prepared","Flying Knee+1","Poisoned Stab","Noxious Fumes+1","Poisoned Stab","Backstab","Terror","Quick Slash","Adrenaline","Die Die Die","Blade Dance","Slice","Tools of the Trade","Decay","Writhe","Clumsy","Escape Plan","Slice+1","Backflip","Sadistic Nature","Finisher","Dagger Throw","Outmaneuver+1","Tools of the Trade","Acrobatics+1","Flying Knee"],"max_hp_per_floor":[70,75,75,75,75,75,75,75,75,75,75,82,82,82,82,82,96,96,96,96,96,96,96,96,101,101,101,101,101,101,101,101],"relics":["Ring of the Snake","NeowsBlessing","Blood Vial","Whetstone","Strawberry","Calling Bell","Mango","Gambling Chip","Bag of Marbles","Toxic Egg 2","Anchor"],"card_choices":[{"not_picked":["PiercingWail","Deflect"],"picked":"Prepared"},{"not_picked":["Infinite Blades","Escape Plan"],"picked":"Flying Knee"},{"not_picked":["Predator","Flechettes"],"picked":"Poisoned Stab"},{"not_picked":["Malaise","Leg Sweep"],"picked":"Backstab"},{"not_picked":["Footwork","Prepared"],"picked":"Adrenaline"},{"not_picked":["Unload","Prepared"],"picked":"Die Die Die"},{"not_picked":["Skewer","Footwork"],"picked":"Blade Dance"},{"not_picked":["PiercingWail","Dagger Throw"],"picked":"Slice"},{"not_picked":["After Image","Corpse Explosion"],"picked":"Tools of the Trade"},{"not_picked":["PiercingWail","Malaise"],"picked":"Escape Plan"},{"not_picked":["Calculated Gamble","Flying Knee"],"picked":"Slice"},{"not_picked":["Escape Plan","Blade Dance"],"picked":"Backflip"},{"not_picked":["Predator","Escape Plan"],"picked":"Dagger Throw"},{"not_picked":["All Out Attack","Sucker Punch"],"picked":"Outmaneuver"},{"not_picked":["Slice","Expertise"],"picked":"Tools of the Trade"},{"not_picked":["Backflip","Crippling Poison"],"picked":"Acrobatics"},{"not_picked":["Slice","Bane"],"picked":"Flying Knee"}],"player_experience":23252,"potions_floor_usage":[23,23,29,29,29,33],"damage_taken":[{"damage":0,"enemies":"2 Louse","floor":1,"turns":1},{"damage":0,"enemies":"Jaw Worm","floor":3,"turns":1},{"damage":0,"enemies":"Gremlin Nob","floor":6,"turns":1},{"damage":7,"enemies":"Small Slimes","floor":8,"turns":3},{"damage":7,"enemies":"Blue Slaver","floor":11,"turns":2},{"damage":17,"enemies":"3 Sentries","floor":12,"turns":7},{"damage":1,"enemies":"Exordium Wildlife","floor":13,"turns":3},{"damage":0,"enemies":"Exordium Thugs","floor":14,"turns":3},{"damage":13,"enemies":"Slime Boss","floor":16,"turns":8},{"damage":12,"enemies":"3 Byrds","floor":18,"turns":4},{"damage":0,"enemies":"Chosen","floor":19,"turns":3},{"damage":3,"enemies":"Centurion and Healer","floor":20,"turns":5},{"damage":10,"enemies":"Slaver and Parasite","floor":22,"turns":6},{"damage":32,"enemies":"Gremlin Leader","floor":23,"turns":5},{"damage":43,"enemies":"Sentry and Sphere","floor":27,"turns":6},{"damage":9,"enemies":"Cultist and Chosen","floor":29,"turns":4},{"damage":20,"enemies":"Snecko","floor":31,"turns":4},{"damage":71,"enemies":"Automaton","floor":33,"turns":6}],"event_choices":[{"event_name":"Big Fish","player_choice":"Donut","floor":2,"damage_taken":0},{"event_name":"World of Goop","player_choice":"Gather Gold","floor":5,"damage_taken":0},{"event_name":"Forgotten Altar","player_choice":"Shed Blood","floor":25,"damage_taken":0}],"boss_relics":[{"not_picked":["Snecko Eye","Ectoplasm"],"picked":"Calling Bell"}],"potions_floor_spawned":[6,11,12,22,23,27,31],"seed_played":"-7516358243150525570","killed_by":"Automaton","ascension_level":0,"is_trial":false}