{"path_per_floor":["M","M","$","?","M","R","?","M","T","M","R","E","R","$","R","B",null,"M","?","M"],"character_chosen":"THE_SILENT","items_purchased":["Backflip","Omamori"],"gold_per_floor":[109,119,44,119,139,139,139,157,204,215,215,242,242,38,38,117,117,105,20,38],"floor_reached":21,"campfire_rested":1,"playtime":1168,"current_hp_per_floor":[63,61,61,50,50,50,50,48,55,42,42,29,29,29,51,16,60,37,37,37],"items_purged":["Parasite"],"gold":38,"score":295,"play_id":"8c408af6-36a9-4893-899b-630d1f0b213b","is_prod":false,"is_daily":false,"is_ascension_mode":true,"campfire_upgraded":3,"path_taken":["M","M","$","?","?","R","?","M","T","?","R","E","R","?","R","BOSS","M","?","?","M"],"build_version":"2018-02-15-PROD1","purchased_purges":1,"victory":false,"master_deck":["Defend_G","Defend_G","Defend_G","Defend_G","Strike_G","Strike_G","Strike_G","Strike_G","Strike_G","Survivor","Neutralize+1","Dagger Throw","Heel Hook+1","Writhe","Acrobatics","Dagger Throw+1","Backflip","Envenom","Bouncing Flask","Dagger Spray","Backflip","Heel Hook","Heel Hook"],"max_hp_per_floor":[70,70,67,67,67,67,67,67,74,74,74,74,74,74,74,74,74,74,74,74],"relics":["Cursed Key","Strawberry","Happy Flower","Omamori","Orrery","Dodecahedron"],"card_choices":[{"not_picked":["Backstab","Dodge and Roll"],"picked":"Dagger Throw"},{"not_picked":["Acrobatics","Dodge and Roll"],"picked":"Heel Hook"},{"not_picked":["Choke","Deadly Poison"],"picked":"Acrobatics"},{"not_picked":["Storm of Steel","PiercingWail"],"picked":"Dagger Throw"},{"not_picked":["Storm of Steel","Night Terror"],"picked":"Envenom"},{"not_picked":["Dagger Throw","Well Laid Plans"],"picked":"Bouncing Flask"},{"not_picked":["Skewer","Bane"],"picked":"Dagger Spray"},{"not_picked":["Dagger Spray","Deflect"],"picked":"Backflip"},{"not_picked":["Dodge and Roll","Setup"],"picked":"Heel Hook"},{"not_picked":["Accuracy","Bane"],"picked":"Heel Hook"}],"player_experience":379226,"potions_floor_usage":[12],"damage_taken":[{"damage":0,"enemies":"Cultist","floor":1,"turns":4},{"damage":2,"enemies":"2 Louse","floor":2,"turns":3},{"damage":0,"enemies":"Jaw Worm","floor":5,"turns":4},{"damage":2,"enemies":"Exordium Thugs","floor":8,"turns":4},{"damage":13,"enemies":"Gremlin Gang","floor":10,"turns":5},{"damage":13,"enemies":"Lagavulin","floor":12,"turns":6},{"damage":35,"enemies":"The Guardian","floor":16,"turns":16},{"damage":23,"enemies":"2 Thieves","floor":18,"turns":4},{"damage":0,"enemies":"3 Byrds","floor":20,"turns":4},{"damage":41,"enemies":"Slaver and Parasite","floor":21,"turns":8}],"event_choices":[{"event_name":"World of Goop","player_choice":"Gather Gold","floor":4,"damage_taken":0},{"event_name":"Wheel of Change","player_choice":"Card Removal","floor":7,"damage_taken":0},{"event_name":"Addict","player_choice":"Obtained Relic","floor":19,"damage_taken":0}],"boss_relics":[{"not_picked":["Philosopher\u0027s Stone","Snecko Eye"],"picked":"Orrery"}],"potions_floor_spawned":[2,8,12],"seed_played":"6023327724308478831","killed_by":"Slaver and Parasite","ascension_level":13,"is_trial":false}