{"path_per_floor":["M","?","$","M","?","E","R","M","T","$","?","$","?","M","R"],"character_chosen":"THE_SILENT","items_purchased":["Prepared","Slice","Blood Vial"],"gold_per_floor":[117,117,20,35,35,363,363,382,382,229,288,12,12,27,27],"floor_reached":16,"campfire_rested":1,"playtime":1140,"current_hp_per_floor":[70,70,70,70,63,54,54,54,54,54,33,33,33,46,67],"items_purged":["Strike_G","Defend_G","Defend_G"],"gold":27,"score":98,"play_id":"8a355588-5b2c-4ef8-87a2-d1f26170046c","is_prod":false,"is_daily":false,"is_ascension_mode":false,"campfire_upgraded":1,"path_taken":["M","?","$","?","?","E","R","M","T","?","?","$","?","?","R","BOSS"],"build_version":"2018-02-15-PROD1","purchased_purges":4,"victory":false,"master_deck":["Defend_G","Defend_G","Strike_G","Strike_G","Strike_G","Strike_G","Survivor","Neutralize+1","Riddle With Holes","Night Terror","Quick Slash","Prepared","Distraction","Blade Dance","Outmaneuver","Slice","Backflip","Flying Knee"],"max_hp_per_floor":[70,70,70,70,70,70,70,70,70,70,70,70,70,70,70],"relics":["Ring of the Snake","Old Coin","Ginger","Oddly Smooth Stone","Blood Vial","Meat on the Bone"],"card_choices":[{"not_picked":["Dodge and Roll","Choke"],"picked":"Riddle With Holes"},{"not_picked":["PiercingWail","Bane"],"picked":"Distraction"},{"not_picked":["Leg Sweep","Prepared"],"picked":"Blade Dance"},{"not_picked":["Bane","All Out Attack"],"picked":"Outmaneuver"},{"not_picked":["Deadly Poison","Night Terror"],"picked":"Backflip"},{"not_picked":["Prepared","Deadly Poison"],"picked":"Flying Knee"}],"player_experience":28105,"potions_floor_usage":[6,11,11],"damage_taken":[{"damage":0,"enemies":"Jaw Worm","floor":1,"turns":5},{"damage":0,"enemies":"Cultist","floor":4,"turns":4},{"damage":9,"enemies":"3 Sentries","floor":6,"turns":9},{"damage":0,"enemies":"Small Slimes","floor":8,"turns":3},{"damage":27,"enemies":"Gremlin Nob","floor":11,"turns":5},{"damage":1,"enemies":"2 Fungi Beasts","floor":14,"turns":4},{"damage":77,"enemies":"The Guardian","floor":16,"turns":18}],"event_choices":[{"event_name":"Match and Keep!","player_choice":"2 cards matched","floor":2,"damage_taken":0},{"event_name":"Golden Wing","player_choice":"Card Removal","floor":5,"damage_taken":0},{"event_name":"Dead Adventurer","player_choice":"Searched \u00272\u0027 times","floor":11,"damage_taken":0},{"event_name":"Accursed Blacksmith","player_choice":"Rummage","floor":13,"damage_taken":0}],"boss_relics":[],"potions_floor_spawned":[4,6,8],"seed_played":"-3415157123618883422","killed_by":"The Guardian","ascension_level":0,"is_trial":false}