{"path_per_floor":["M","M","?","M","?","R","M","R","T","M","M","M","M","?","R","B",null,"M","M","$","?","?","R"],"character_chosen":"THE_SILENT","items_purchased":[],"gold_per_floor":[20,32,32,43,43,43,62,62,62,73,84,96,114,144,144,245,245,256,270,195,195,195,195],"floor_reached":24,"campfire_rested":1,"playtime":892,"current_hp_per_floor":[68,64,50,46,69,69,68,68,68,67,67,64,64,64,64,25,70,70,42,42,34,34,55],"items_purged":["Strike_G"],"gold":195,"score":228,"play_id":"e902abc6-74c8-41e7-a41e-53525111bb53","is_prod":false,"is_daily":false,"is_ascension_mode":true,"campfire_upgraded":3,"path_taken":["M","M","?","M","?","R","M","R","T","M","M","?","M","?","R","BOSS","M","M","$","?","?","R","?"],"build_version":"2018-02-22-PROD1","purchased_purges":3,"victory":false,"master_deck":["Defend_G","Defend_G","Defend_G","Defend_G","Defend_G","Strike_G","Strike_G","Strike_G","Strike_G+1","Survivor","Neutralize","A Thousand Cuts","Choke+1","Bouncing Flask","Cloak And Dagger+1","Terror+1","Envenom+1","Caltrops","Catalyst","Tools of the Trade","Acrobatics","Acrobatics+1"],"max_hp_per_floor":[70,70,70,70,70,70,70,70,70,70,70,70,70,70,70,70,70,70,70,70,70,70,70],"relics":["Ring of the Snake","Du-Vu Doll","Vajra","Lizard Tail"],"card_choices":[{"not_picked":["Doppelganger","Grand Finale"],"picked":"A Thousand Cuts"},{"not_picked":["Prepared","Backstab"],"picked":"Choke"},{"not_picked":["Underhanded Strike","Riddle With Holes"],"picked":"Bouncing Flask"},{"not_picked":["Crippling Poison","Concentrate"],"picked":"Cloak And Dagger"},{"not_picked":["Poisoned Stab","Quick Slash"],"picked":"Terror"},{"not_picked":["Backflip","Leg Sweep"],"picked":"Envenom"},{"not_picked":["Deflect","Noxious Fumes"],"picked":"Caltrops"},{"not_picked":["Slice","Deflect"],"picked":"Catalyst"},{"not_picked":["Unload","Venomology"],"picked":"Tools of the Trade"},{"not_picked":["Outmaneuver","Endless Agony"],"picked":"Acrobatics"},{"not_picked":["Dagger Spray","Distraction"],"picked":"Acrobatics"}],"player_experience":260250,"potions_floor_usage":[13,16,24],"damage_taken":[{"damage":2.0,"enemies":"2 Louse","floor":1.0,"turns":3.0},{"damage":4.0,"enemies":"Small Slimes","floor":2.0,"turns":4.0},{"damage":4.0,"enemies":"Jaw Worm","floor":4.0,"turns":3.0},{"damage":1.0,"enemies":"Exordium Wildlife","floor":7.0,"turns":3.0},{"damage":1.0,"enemies":"3 Louse","floor":10.0,"turns":4.0},{"damage":0.0,"enemies":"Large Slime","floor":11.0,"turns":5.0},{"damage":3.0,"enemies":"Red Slaver","floor":12.0,"turns":3.0},{"damage":0,"enemies":"Looter","floor":13,"turns":1},{"damage":54,"enemies":"Hexaghost","floor":16,"turns":10},{"damage":0,"enemies":"Chosen","floor":18,"turns":4},{"damage":28,"enemies":"3 Byrds","floor":19,"turns":6},{"damage":103,"enemies":"3 Cultists","floor":24,"turns":6}],"event_choices":[{"event_name":"Shining Light","player_choice":"Entered Light","floor":3.0,"damage_taken":0.0},{"event_name":"Big Fish","player_choice":"Banana","floor":5.0,"damage_taken":0.0},{"event_name":"Dead Adventurer","player_choice":"Searched \u00272\u0027 times","floor":14,"damage_taken":0},{"event_name":"Knowing Skull","player_choice":"","floor":21,"damage_taken":0},{"event_name":"Drug Dealer","player_choice":"Ignored","floor":22,"damage_taken":0}],"boss_relics":[{"not_picked":["The Specimen","White Beast Statue"],"picked":"Lizard Tail"}],"potions_floor_spawned":[4,7,10],"seed_played":"396899814866414656","killed_by":"3 Cultists","ascension_level":4,"is_trial":false}