{"path_per_floor":["M","$","M","?","M","R","M","R","T","?","R","M","$","?","R","B",null,"M","M","?","M","?","R","M","R","T","T","M","$","?","M","R"],"character_chosen":"THE_SILENT","items_purchased":[],"gold_per_floor":[99,24,24,24,24,24,24,24,24,24,24,24,24,24,24,24,24,24,24,24,24,24,24,24,24,24,24,24,24,24,24,24],"floor_reached":33,"campfire_rested":2,"playtime":1285,"current_hp_per_floor":[58,58,58,43,42,42,18,36,36,29,29,25,25,21,21,19,52,45,38,38,37,37,37,11,11,11,11,15,15,15,14,27],"items_purged":["Parasite"],"gold":24,"score":429,"play_id":"f08580b1-af2b-40eb-b737-b881c3796c80","is_prod":false,"is_daily":false,"is_ascension_mode":true,"campfire_upgraded":5,"path_taken":["M","$","M","?","M","R","?","R","T","?","R","?","?","?","R","BOSS","M","M","?","?","?","R","M","R","T","?","?","$","?","M","R","BOSS"],"build_version":"2018-02-22-PROD2","purchased_purges":1,"victory":false,"master_deck":["Defend_G","Defend_G","Defend_G","Defend_G","Defend_G","Survivor","Neutralize+1","Flying Knee","Deadly Poison","Bouncing Flask+1","Deflect","Crippling Poison+1","Adrenaline","A Thousand Cuts+1","Noxious Fumes+1","Noxious Fumes+1","Bite","Bite","Bite","Bite","Bite","Dagger Throw","Backflip","Prepared"],"max_hp_per_floor":[66,63,63,63,63,63,63,63,63,63,63,63,63,63,63,63,63,63,63,44,44,44,44,44,44,44,44,44,44,44,44,44],"relics":["Ectoplasm","Golden Idol","Oddly Smooth Stone","Vajra","Odd Mushroom","Snecko Eye","Mummified Hand","Ornamental Fan"],"card_choices":[{"not_picked":["Cloak And Dagger","Sucker Punch"],"picked":"Flying Knee"},{"not_picked":["Slice","Sucker Punch"],"picked":"Deadly Poison"},{"not_picked":["Poisoned Stab","Deflect"],"picked":"Bouncing Flask"},{"not_picked":["Prepared","Infinite Blades"],"picked":"Deflect"},{"not_picked":["Outmaneuver","Dagger Spray"],"picked":"Crippling Poison"},{"not_picked":["Masterful Stab","Sucker Punch"],"picked":"Adrenaline"},{"not_picked":["Night Terror","Envenom"],"picked":"A Thousand Cuts"},{"not_picked":["Dagger Throw","Bane"],"picked":"Noxious Fumes"},{"not_picked":["Setup","Slice"],"picked":"Noxious Fumes"},{"not_picked":["Dagger Spray","Bane"],"picked":"Dagger Throw"},{"not_picked":["Infinite Blades","Slice"],"picked":"Backflip"},{"not_picked":["Malaise","Deflect"],"picked":"Prepared"}],"player_experience":475895,"potions_floor_usage":[12,33,33,33],"damage_taken":[{"damage":1.0,"enemies":"Small Slimes","floor":1.0,"turns":5.0},{"damage":0.0,"enemies":"Cultist","floor":3.0,"turns":4.0},{"damage":1.0,"enemies":"2 Louse","floor":5.0,"turns":2.0},{"damage":24,"enemies":"Large Slime","floor":7,"turns":6},{"damage":4,"enemies":"Exordium Thugs","floor":12,"turns":4},{"damage":4,"enemies":"The Mushroom Lair","floor":14,"turns":4},{"damage":2,"enemies":"Hexaghost","floor":16,"turns":8},{"damage":7,"enemies":"3 Byrds","floor":18,"turns":5},{"damage":7,"enemies":"Shell Parasite","floor":19,"turns":5},{"damage":11,"enemies":"Centurion and Healer","floor":21,"turns":5},{"damage":38,"enemies":"Sentry and Sphere","floor":24,"turns":6},{"damage":4,"enemies":"Cultist and Chosen","floor":28,"turns":4},{"damage":7,"enemies":"3 Cultists","floor":31,"turns":4},{"damage":56,"enemies":"Automaton","floor":33,"turns":6}],"event_choices":[{"event_name":"Golden Idol","player_choice":"Take Damage","floor":4.0,"damage_taken":0.0},{"event_name":"Scrap Ooze","player_choice":"success","floor":10,"damage_taken":7},{"event_name":"Mushrooms","player_choice":"Fought Mushrooms","floor":14,"damage_taken":0},{"event_name":"Vampires","player_choice":"Became a vampire","floor":20,"damage_taken":0},{"event_name":"Drug Dealer","player_choice":"Ignored","floor":22,"damage_taken":0},{"event_name":"Cursed Tome","player_choice":"Ignored","floor":30,"damage_taken":0}],"boss_relics":[{"not_picked":["Runic Pyramid","Calling Bell"],"picked":"Snecko Eye"}],"potions_floor_spawned":[5,16,18,28],"seed_played":"-7961832411590681854","killed_by":"Automaton","ascension_level":14,"is_trial":false}