{"path_per_floor":["M","M","?","$","M","E","R","$","T","?","R","M","?","M","R","B",null,"M","?","?","M","$","R","M","E","T","M","R","?","M","M","R"],"character_chosen":"THE_SILENT","items_purchased":["Finesse","Noxious Fumes","Membership Card","Infinite Blades"],"gold_per_floor":[114,128,128,29,43,78,78,42,92,92,92,111,189,208,208,312,312,323,323,323,304,22,22,40,72,144,156,156,71,85,98,98],"floor_reached":33,"campfire_rested":4,"playtime":2976,"current_hp_per_floor":[70,70,56,56,56,33,54,54,54,70,70,70,70,68,68,54,70,42,29,29,30,30,45,50,30,30,37,52,52,39,21,36],"items_purged":["Defend_G"],"gold":98,"score":293,"play_id":"7e9c338b-58db-4217-ac86-c2369190a7f9","is_prod":false,"is_daily":false,"is_ascension_mode":false,"campfire_upgraded":2,"path_taken":["M","M","?","$","?","E","R","$","T","?","R","M","?","M","R","BOSS","M","?","?","M","?","R","M","E","T","M","R","?","?","M","R","BOSS"],"build_version":"2018-02-22-PROD2","purchased_purges":1,"victory":false,"master_deck":["Defend_G","Defend_G+1","Defend_G+1","Survivor","Neutralize","Blade Dance","Prepared+1","Flying Knee+1","Finesse","Sucker Punch","After Image","Noxious Fumes","Prepared+1","Skewer","Tools of the Trade","Bite","Bite","Bite","Bite","Bite","Acrobatics+1","Infinite Blades","Dagger Throw","Slice+1"],"max_hp_per_floor":[70,70,70,70,70,70,70,70,70,70,70,70,70,70,70,70,70,70,75,52,52,52,52,52,52,52,52,52,52,52,52,52],"relics":["Ring of the Snake","War Paint","Art of War","Black Star","Membership Card","Blood Vial","Prayer Wheel","Bottled Tornado","Oddly Smooth Stone"],"card_choices":[{"not_picked":["Underhanded Strike","Choke"],"picked":"Prepared"},{"not_picked":["Poisoned Stab","Distraction"],"picked":"Flying Knee"},{"not_picked":["Calculated Gamble","Slice"],"picked":"Sucker Punch"},{"not_picked":["Venomology","Expertise"],"picked":"After Image"},{"not_picked":["Escape Plan","Acrobatics"],"picked":"Prepared"},{"not_picked":["Riddle With Holes","Footwork"],"picked":"Skewer"},{"not_picked":["Bullet Time","A Thousand Cuts"],"picked":"Tools of the Trade"},{"not_picked":["Sucker Punch","Noxious Fumes"],"picked":"Acrobatics"},{"not_picked":["Slice","PiercingWail"],"picked":"Dagger Throw"},{"not_picked":["Outmaneuver","Underhanded Strike"],"picked":"Slice"}],"player_experience":70070,"potions_floor_usage":[33,33,33],"damage_taken":[{"damage":0.0,"enemies":"Small Slimes","floor":1.0,"turns":3.0},{"damage":0.0,"enemies":"Cultist","floor":2.0,"turns":4.0},{"damage":0.0,"enemies":"2 Louse","floor":5.0,"turns":3.0},{"damage":32.0,"enemies":"Gremlin Nob","floor":6.0,"turns":4.0},{"damage":0.0,"enemies":"Looter","floor":12.0,"turns":3.0},{"damage":2.0,"enemies":"Blue Slaver","floor":14.0,"turns":3.0},{"damage":14.0,"enemies":"The Guardian","floor":16.0,"turns":13.0},{"damage":28.0,"enemies":"3 Byrds","floor":18.0,"turns":5.0},{"damage":9.0,"enemies":"2 Thieves","floor":21.0,"turns":4.0},{"damage":5.0,"enemies":"Snecko","floor":24.0,"turns":6.0},{"damage":26.0,"enemies":"Book of Stabbing","floor":25.0,"turns":9.0},{"damage":11.0,"enemies":"Centurion and Healer","floor":27.0,"turns":7.0},{"damage":23.0,"enemies":"Snake Plant","floor":30.0,"turns":7.0},{"damage":36.0,"enemies":"Sentry and Sphere","floor":31.0,"turns":7.0},{"damage":66,"enemies":"Champ","floor":33,"turns":16}],"event_choices":[{"event_name":"Shining Light","player_choice":"Entered Light","floor":3.0,"damage_taken":0.0},{"event_name":"Big Fish","player_choice":"Banana","floor":10.0,"damage_taken":0.0},{"event_name":"Golden Wing","player_choice":"Gained Gold","floor":13.0,"damage_taken":0.0},{"event_name":"Forgotten Altar","player_choice":"Shed Blood","floor":19.0,"damage_taken":0.0},{"event_name":"Vampires","player_choice":"Became a vampire","floor":20.0,"damage_taken":0.0},{"event_name":"Addict","player_choice":"Obtained Relic","floor":29.0,"damage_taken":0.0}],"boss_relics":[],"potions_floor_spawned":[2,5,14,16,25,27,30],"seed_played":"-8586221382810939327","killed_by":"Champ","ascension_level":0,"is_trial":false}