{"path_per_floor":["M","M","M","?","M","R","M","R","T","E","?","M","M","$","R","B",null,"M","$","M","M","?","R","M","R","T","?","M","R","M","?","R"],"character_chosen":"THE_SILENT","items_purchased":["Apotheosis"],"gold_per_floor":[111,122,140,140,153,153,168,168,218,249,249,268,288,13,13,117,117,127,27,42,55,55,55,73,73,99,99,112,112,126,76,76],"floor_reached":33,"campfire_rested":0,"playtime":1230,"current_hp_per_floor":[70,70,70,56,54,54,40,40,40,41,41,39,35,35,35,17,77,77,77,70,42,67,67,56,56,56,56,45,45,38,38,38],"items_purged":["Strike_G","Accuracy"],"gold":76,"score":251,"play_id":"8ff55041-f6a5-4a84-b276-7fa25904eef3","is_prod":false,"is_daily":false,"is_ascension_mode":false,"campfire_upgraded":7,"path_taken":["M","M","M","?","M","R","M","R","T","E","?","M","M","$","R","BOSS","M","$","M","M","?","R","M","R","T","?","M","R","M","?","R","BOSS"],"build_version":"2018-02-15-PROD1","purchased_purges":2,"victory":false,"master_deck":["Survivor","Neutralize+1","Crippling Poison+1","Outmaneuver+1","Wraith Form+1","Backflip","Backflip","Dash+1","Bouncing Flask","Apotheosis+1","Deflect","Terror+1","Poisoned Stab","Eviscerate","Cloak And Dagger","Poisoned Stab","Acrobatics+1","Dagger Spray+1","Writhe","Prepared+1"],"max_hp_per_floor":[70,70,70,70,70,70,70,70,70,77,77,77,77,77,77,77,77,77,77,77,77,77,77,77,77,77,77,77,77,77,77,77],"relics":["Ring of the Snake","Juzu Bracelet","Strawberry","Pandora\u0027s Box","Prayer Wheel","Matryoshka"],"card_choices":[{"not_picked":["Prepared","Underhanded Strike"],"picked":"Crippling Poison"},{"not_picked":["Blade Dance","Underhanded Strike"],"picked":"Outmaneuver"},{"not_picked":["Blade Dance","Poisoned Stab"],"picked":"Wraith Form"},{"not_picked":["Dodge and Roll","Eviscerate"],"picked":"Backflip"},{"not_picked":["Endless Agony","Deflect"],"picked":"Backflip"},{"not_picked":["Slice","PiercingWail"],"picked":"Dash"},{"not_picked":["Poisoned Stab","Bane"],"picked":"Bouncing Flask"},{"not_picked":["Concentrate","Distraction"],"picked":"Dagger Spray"},{"not_picked":["Flechettes","Dagger Spray"],"picked":"Prepared"}],"player_experience":377996,"potions_floor_usage":[10,13,30,33],"damage_taken":[{"damage":0,"enemies":"Small Slimes","floor":1,"turns":4},{"damage":0,"enemies":"2 Louse","floor":2,"turns":4},{"damage":0,"enemies":"Cultist","floor":3,"turns":5},{"damage":2,"enemies":"Large Slime","floor":5,"turns":5},{"damage":14,"enemies":"Looter","floor":7,"turns":4},{"damage":6,"enemies":"Lagavulin","floor":10,"turns":6},{"damage":2,"enemies":"2 Fungi Beasts","floor":12,"turns":4},{"damage":16,"enemies":"Exordium Thugs","floor":13,"turns":6},{"damage":18,"enemies":"Hexaghost","floor":16,"turns":9},{"damage":0,"enemies":"Shell Parasite","floor":18,"turns":4},{"damage":7,"enemies":"Spheric Guardian","floor":20,"turns":4},{"damage":28,"enemies":"Snake Plant","floor":21,"turns":5},{"damage":11,"enemies":"Centurion and Healer","floor":24,"turns":9},{"damage":11,"enemies":"Cultist and Chosen","floor":28,"turns":5},{"damage":22,"enemies":"Slaver and Parasite","floor":30,"turns":6},{"damage":57,"enemies":"Collector","floor":33,"turns":6}],"event_choices":[{"event_name":"Shining Light","player_choice":"Entered Light","floor":4,"damage_taken":0},{"event_name":"Wheel of Change","player_choice":"Card Removal","floor":11,"damage_taken":0},{"event_name":"The Library","player_choice":"Heal","floor":22,"damage_taken":0},{"event_name":"The Mausoleum","player_choice":"Yes","floor":27,"damage_taken":0},{"event_name":"The Joust","player_choice":"Bet on Murderer","floor":31,"damage_taken":0}],"boss_relics":[{"not_picked":["The Specimen","Snecko Eye"],"picked":"Pandora\u0027s Box"}],"potions_floor_spawned":[2,3,5,12,24,28],"seed_played":"8885052208979463168","killed_by":"Collector","ascension_level":0,"is_trial":false}