{"path_per_floor":["M","$","M","M","?","R","M","R","T","R","M","E","?","?","R","B",null,"M","$","?","M","M","R","M","R","T","$","R","E","R","M","R","B",null,"M","?","$"],"character_chosen":"THE_SILENT","items_purchased":["Happy Flower","Noxious Fumes","Well Laid Plans"],"gold_per_floor":[147,72,83,96,96,96,108,108,156,156,172,207,207,207,207,310,310,329,46,46,29,44,44,59,59,59,59,59,91,91,102,102,204,204,219,219,18],"floor_reached":38,"campfire_rested":6,"playtime":2013,"current_hp_per_floor":[73,73,67,67,64,64,63,63,63,63,63,47,47,47,69,52,75,45,45,31,37,6,30,27,51,51,51,75,44,68,54,78,3,80,68,68,68],"items_purged":["Strike_G","Pain","Normality"],"gold":18,"score":410,"play_id":"0eae94ff-6a70-47d2-aeee-3eb5342e623a","is_prod":false,"is_daily":false,"is_ascension_mode":true,"campfire_upgraded":3,"path_taken":["M","$","M","M","?","R","M","R","T","R","M","E","?","?","R","BOSS","M","$","?","M","M","R","?","R","T","$","R","E","R","?","R","BOSS","M","?","$","M"],"build_version":"2018-02-22-PROD2","purchased_purges":4,"victory":false,"master_deck":["Defend_G","Defend_G","Defend_G","Defend_G+1","Defend_G","Strike_G","Strike_G+1","Strike_G","Survivor","Neutralize","Backflip","Footwork+1","Flechettes+1","Leg Sweep","Night Terror+1","Acrobatics","Reflex","Quick Slash+1","Envenom","Clumsy","Escape Plan","Noxious Fumes","Endless Agony+1","Deflect","Dodge and Roll+1","Dagger Throw+1","Caltrops","Outmaneuver","Corpse Explosion","Catalyst","Well Laid Plans"],"max_hp_per_floor":[75,75,75,75,75,75,75,75,75,75,75,75,75,75,75,75,75,75,75,80,80,80,80,80,80,80,80,80,80,80,80,80,80,80,80,80,80],"relics":["Tiny House","Orichalcum","Snake Skull","Prayer Wheel","Calling Bell","Art of War","Gambling Chip","Bag of Marbles","Happy Flower","Du-Vu Doll","Whetstone","Eternal Feather"],"card_choices":[{"not_picked":["Acrobatics","Poisoned Stab"],"picked":"Backflip"},{"not_picked":["Poisoned Stab","PiercingWail"],"picked":"Footwork"},{"not_picked":["Poisoned Stab","Finisher"],"picked":"Flechettes"},{"not_picked":["Dagger Spray","Prepared"],"picked":"Leg Sweep"},{"not_picked":["Dagger Throw","Sucker Punch"],"picked":"Night Terror"},{"not_picked":["PiercingWail","Deadly Poison"],"picked":"Acrobatics"},{"not_picked":["Underhanded Strike","Bullet Time"],"picked":"Reflex"},{"not_picked":["Venomology","Tactician"],"picked":"Envenom"},{"not_picked":["Dodge and Roll","Slice"],"picked":"Escape Plan"},{"not_picked":["Riddle With Holes","Skewer"],"picked":"Endless Agony"},{"not_picked":["Dagger Throw","Slice"],"picked":"Deflect"},{"not_picked":["Deflect","Bane"],"picked":"Dodge and Roll"},{"not_picked":["Reflex","Flying Knee"],"picked":"Dagger Throw"},{"not_picked":["All Out Attack","Storm of Steel"],"picked":"Caltrops"},{"not_picked":["Blade Dance","Underhanded Strike"],"picked":"Outmaneuver"},{"not_picked":["Night Terror","A Thousand Cuts"],"picked":"Corpse Explosion"},{"not_picked":["Distraction","Underhanded Strike"],"picked":"Catalyst"}],"player_experience":271082,"potions_floor_usage":[11,21,21,29,38],"damage_taken":[{"damage":2,"enemies":"Small Slimes","floor":1,"turns":5},{"damage":6,"enemies":"Jaw Worm","floor":3,"turns":6},{"damage":0,"enemies":"Cultist","floor":4,"turns":5},{"damage":1,"enemies":"2 Fungi Beasts","floor":7,"turns":3},{"damage":0,"enemies":"Looter","floor":11,"turns":4},{"damage":16,"enemies":"3 Sentries","floor":12,"turns":14},{"damage":17,"enemies":"Slime Boss","floor":16,"turns":30},{"damage":30,"enemies":"Shell Parasite","floor":18,"turns":12},{"damage":9,"enemies":"2 Thieves","floor":21,"turns":5},{"damage":31,"enemies":"Snake Plant","floor":22,"turns":6},{"damage":3,"enemies":"3 Cultists","floor":24,"turns":6},{"damage":31,"enemies":"Gremlin Leader","floor":29,"turns":9},{"damage":14,"enemies":"Centurion and Healer","floor":31,"turns":8},{"damage":75,"enemies":"Champ","floor":33,"turns":15},{"damage":12,"enemies":"Orb Walker","floor":35,"turns":5},{"damage":69,"enemies":"3 Darklings","floor":38,"turns":5}],"event_choices":[{"event_name":"Scrap Ooze","player_choice":"success","floor":5,"damage_taken":3},{"event_name":"Living Wall","player_choice":"Change","floor":13,"damage_taken":0},{"event_name":"Upgrade Shrine","player_choice":"Upgraded","floor":14,"damage_taken":0},{"event_name":"Forgotten Altar","player_choice":"Shed Blood","floor":20,"damage_taken":0},{"event_name":"Tomb of Lord Red Mask","player_choice":"Ignored","floor":36,"damage_taken":0}],"boss_relics":[{"not_picked":["Runic Dome","Philosopher\u0027s Stone"],"picked":"Calling Bell"},{"not_picked":["Astrolabe","Snecko Eye"],"picked":"Eternal Feather"}],"potions_floor_spawned":[3,4,11,16,18,21,29,33],"seed_played":"-4025341210221927806","killed_by":"3 Darklings","ascension_level":4,"is_trial":false}