{"path_per_floor":["M","M","M","?","?","R","$","E","T","E","R","M","E","M","R","B",null,"M","?","M","M","M","R","M","R","T","M","R"],"character_chosen":"THE_SILENT","items_purchased":[],"gold_per_floor":[119,135,147,112,112,112,37,66,66,91,91,107,132,151,151,251,251,261,161,174,192,205,205,223,223,223,237,237],"floor_reached":29,"campfire_rested":5,"playtime":1488,"current_hp_per_floor":[70,63,52,69,69,69,69,21,21,2,23,23,18,13,34,39,62,60,60,52,49,33,62,30,59,59,19,48],"items_purged":["Injury"],"gold":237,"score":309,"play_id":"6348aaf1-6384-41fb-b474-34640c29f5d7","is_prod":false,"is_daily":false,"is_ascension_mode":true,"campfire_upgraded":1,"path_taken":["M","M","?","?","?","R","$","E","T","E","R","M","E","M","R","BOSS","M","?","M","M","M","R","M","R","T","M","R","M"],"build_version":"2018-02-22-PROD2","purchased_purges":1,"victory":false,"master_deck":["Defend_G","Defend_G","Defend_G","Defend_G","Defend_G","Strike_G","Strike_G","Strike_G","Strike_G","Survivor+1","Neutralize","Terror+1","Flying Knee","Escape Plan","Quick Slash","Blade Dance","Infinite Blades","Die Die Die","Cloak And Dagger","J.A.X.","Heel Hook+1"],"max_hp_per_floor":[70,70,70,70,70,70,70,70,70,70,70,70,70,70,70,70,70,70,70,70,70,70,70,70,70,70,70,70],"relics":["Ring of the Snake","Art of War","Dead Branch","Girya","Blue Candle","Eternal Feather","Unceasing Top"],"card_choices":[{"not_picked":["Deflect","Prepared"],"picked":"Flying Knee"},{"not_picked":["Setup","Concentrate"],"picked":"Escape Plan"},{"not_picked":["A Thousand Cuts","Cloak And Dagger"],"picked":"Quick Slash"},{"not_picked":["Underhanded Strike","Slice"],"picked":"Blade Dance"},{"not_picked":["Prepared","Dagger Throw"],"picked":"Infinite Blades"},{"not_picked":["Envenom","A Thousand Cuts"],"picked":"Die Die Die"},{"not_picked":["Concentrate","Dodge and Roll"],"picked":"Cloak And Dagger"},{"not_picked":["Slice","Flechettes"],"picked":"Heel Hook"}],"player_experience":314242,"potions_floor_usage":[13,13,16,18,22,22],"damage_taken":[{"damage":0,"enemies":"Cultist","floor":1,"turns":5},{"damage":7,"enemies":"Small Slimes","floor":2,"turns":6},{"damage":11,"enemies":"2 Louse","floor":3,"turns":5},{"damage":48,"enemies":"Gremlin Nob","floor":8,"turns":5},{"damage":19,"enemies":"3 Sentries","floor":10,"turns":8},{"damage":0,"enemies":"Large Slime","floor":12,"turns":4},{"damage":5,"enemies":"Gremlin Nob","floor":13,"turns":3},{"damage":5,"enemies":"2 Fungi Beasts","floor":14,"turns":4},{"damage":10,"enemies":"Hexaghost","floor":16,"turns":8},{"damage":2,"enemies":"Shell Parasite","floor":18,"turns":5},{"damage":8,"enemies":"Chosen","floor":20,"turns":5},{"damage":3,"enemies":"Centurion and Healer","floor":21,"turns":4},{"damage":28,"enemies":"Snecko","floor":22,"turns":5},{"damage":32,"enemies":"Chosen and Byrds","floor":24,"turns":8},{"damage":40,"enemies":"Snake Plant","floor":27,"turns":7},{"damage":50,"enemies":"Slaver and Parasite","floor":29,"turns":3}],"event_choices":[{"event_name":"The Cleric","player_choice":"Healed","floor":4,"damage_taken":0},{"event_name":"Accursed Blacksmith","player_choice":"Forge","floor":5,"damage_taken":0},{"event_name":"Drug Dealer","player_choice":"Got JAXXED","floor":19,"damage_taken":0}],"boss_relics":[{"not_picked":["Velvet Choker","Runic Pyramid"],"picked":"Eternal Feather"}],"potions_floor_spawned":[3,10,12,13,18,20,27],"seed_played":"5979398972318188204","killed_by":"Slaver and Parasite","ascension_level":5,"is_trial":false}