{"path_per_floor":["M","M","M","?","?","R","?","$","T","M","?","M","E","M","R"],"character_chosen":"THE_SILENT","items_purchased":["Toxic Egg 2","Omamori","Backstab"],"gold_per_floor":[210,228,247,422,497,497,447,10,33,48,109,120,150,161,161],"floor_reached":16,"campfire_rested":1,"playtime":699,"current_hp_per_floor":[70,70,70,70,59,59,59,59,66,66,53,51,40,39,62],"items_purged":[],"gold":161,"score":102,"play_id":"6bafbde5-0138-405a-bcdd-afd4bdfbaf3b","is_prod":false,"is_daily":false,"is_ascension_mode":false,"campfire_upgraded":1,"path_taken":["M","M","M","?","?","R","?","$","T","?","?","M","E","M","R","BOSS"],"build_version":"2018-02-22-PROD2","purchased_purges":0,"victory":false,"master_deck":["Defend_G","Defend_G","Defend_G","Defend_G","Defend_G","Strike_G","Strike_G","Strike_G","Strike_G","Survivor","Neutralize+1","Backstab","Finisher","Cloak And Dagger","Doubt","Backstab","Calculated Gamble+1","Cloak And Dagger+1"],"max_hp_per_floor":[70,70,70,70,70,70,70,70,77,77,77,77,77,77,77],"relics":["Ring of the Snake","Toxic Egg 2","Omamori","Strawberry","Snake Skull","Ice Cream"],"card_choices":[{"not_picked":["Catalyst","Underhanded Strike"],"picked":"Backstab"},{"not_picked":["Underhanded Strike","Dagger Spray"],"picked":"Finisher"},{"not_picked":["Masterful Stab","Deadly Poison"],"picked":"Cloak And Dagger"},{"not_picked":["Setup","Dagger Spray"],"picked":"Calculated Gamble"},{"not_picked":["PiercingWail","Flechettes"],"picked":"Cloak And Dagger"}],"player_experience":79732,"potions_floor_usage":[13,14,14,16],"damage_taken":[{"damage":0,"enemies":"Cultist","floor":1,"turns":5},{"damage":0,"enemies":"2 Louse","floor":2,"turns":2},{"damage":0,"enemies":"Small Slimes","floor":3,"turns":1},{"damage":0,"enemies":"Blue Slaver","floor":10,"turns":1},{"damage":13,"enemies":"3 Sentries","floor":11,"turns":13},{"damage":2,"enemies":"Looter","floor":12,"turns":2},{"damage":11,"enemies":"Gremlin Nob","floor":13,"turns":4},{"damage":1,"enemies":"Large Slime","floor":14,"turns":7},{"damage":66,"enemies":"Hexaghost","floor":16,"turns":16}],"event_choices":[{"event_name":"Liars Game","player_choice":"agreed","floor":4,"damage_taken":0},{"event_name":"World of Goop","player_choice":"Gather Gold","floor":5,"damage_taken":0},{"event_name":"The Cleric","player_choice":"Card Removal","floor":7,"damage_taken":0},{"event_name":"Dead Adventurer","player_choice":"Searched \u00273\u0027 times","floor":11,"damage_taken":0}],"boss_relics":[],"potions_floor_spawned":[1,3,11,12,14],"seed_played":"4848081247085163653","killed_by":"Hexaghost","ascension_level":0,"is_trial":false}