{"path_per_floor":["M","?","?","M","$","R","E","R","T","M","M","R","M","M","R","B",null,"M","?","M","M","?","E","R","M","T","R","$","R","M","M","R","B",null,"M","?","?","M","M","R","M","E","T","R","E","?","T","M","R","B"],"character_chosen":"THE_SILENT","items_purchased":["Footwork","Catalyst","Letter Opener"],"gold_per_floor":[112,112,112,125,50,50,84,84,110,129,143,143,155,165,165,243,243,253,253,268,283,283,308,308,328,355,355,7,7,22,33,33,112,112,129,0,0,10,30,30,46,80,80,80,108,108,132,142,142,142],"floor_reached":51,"campfire_rested":6,"playtime":2920,"current_hp_per_floor":[59,59,59,59,59,59,39,39,39,33,11,11,1,1,19,2,48,33,33,28,23,23,9,27,25,25,43,43,43,25,23,41,19,52,41,41,41,41,52,52,46,30,30,48,8,26,26,20,41,19],"items_purged":["Parasite"],"gold":142,"score":967,"play_id":"120709bb-d07a-4f63-a9ff-b5f758b1824e","local_time":"20180301231813","is_prod":false,"is_daily":false,"is_ascension_mode":true,"campfire_upgraded":5,"timestamp":1519971493,"path_taken":["M","?","?","M","?","R","E","R","T","?","M","R","M","?","R","BOSS","M","?","M","M","?","E","R","M","T","R","$","R","M","M","R","BOSS","M","?","?","?","M","R","M","E","T","R","E","?","?","?","R","BOSS"],"build_version":"2018-03-01-PROD1","purchased_purges":1,"victory":true,"master_deck":["Survivor+1","Neutralize+1","Bouncing Flask+1","Terror","Acrobatics","Outmaneuver","Concentrate","Backflip+1","Poisoned Stab+1","Blur+1","Neutralize","Backflip","Slice","Prepared+1","Die Die Die+1","Tactician+1","Setup+1","Noxious Fumes+1","Noxious Fumes","Footwork+1","Catalyst+1","Dash","Footwork","Pain","Escape Plan","Writhe","Writhe"],"max_hp_per_floor":[66,66,66,66,63,63,63,63,63,63,63,63,63,63,63,63,63,63,63,63,63,63,63,63,63,63,63,63,63,63,63,63,63,63,63,63,63,63,63,63,63,63,63,63,70,70,70,70,70,70],"relics":["Pandora\u0027s Box","Peace Pipe","Dream Catcher","Astrolabe","Happy Flower","War Paint","Letter Opener","Cursed Key","Red Mask","Snake Skull","Bird Faced Urn","Strawberry","Whetstone"],"card_choices":[{"not_picked":["Poisoned Stab","Dagger Throw"],"picked":"Blur"},{"not_picked":["Flying Knee","Riddle With Holes"],"picked":"Malaise"},{"not_picked":["Cloak And Dagger","Slice"],"picked":"Backflip"},{"not_picked":["Deadly Poison","Caltrops"],"picked":"Backflip"},{"not_picked":["Acrobatics","Dodge and Roll"],"picked":"Slice"},{"not_picked":["PiercingWail","Deadly Poison"],"picked":"Prepared"},{"not_picked":["Glass Knife","Wraith Form"],"picked":"Die Die Die"},{"not_picked":["Grand Finale","Acrobatics"],"picked":"Noxious Fumes"},{"not_picked":["Dagger Throw","Flying Knee"],"picked":"Dash"},{"not_picked":["Caltrops","Acrobatics"],"picked":"Footwork"},{"not_picked":["Terror","Slice"],"picked":"Escape Plan"}],"player_experience":477180,"potions_floor_usage":[16,21,23,30,33,33,39,50,50],"damage_taken":[{"damage":0,"enemies":"Small Slimes","floor":1,"turns":3},{"damage":0,"enemies":"Cultist","floor":4,"turns":3},{"damage":20,"enemies":"Lagavulin","floor":7,"turns":7},{"damage":6,"enemies":"2 Louse","floor":10,"turns":2},{"damage":22,"enemies":"Exordium Wildlife","floor":11,"turns":5},{"damage":10,"enemies":"Lots of Slimes","floor":13,"turns":3},{"damage":0,"enemies":"Blue Slaver","floor":14,"turns":2},{"damage":17,"enemies":"Slime Boss","floor":16,"turns":9},{"damage":15,"enemies":"3 Byrds","floor":18,"turns":4},{"damage":5,"enemies":"Shell Parasite","floor":20,"turns":5},{"damage":5,"enemies":"3 Cultists","floor":21,"turns":4},{"damage":26,"enemies":"Book of Stabbing","floor":23,"turns":6},{"damage":2,"enemies":"Chosen and Byrds","floor":25,"turns":5},{"damage":18,"enemies":"Centurion and Healer","floor":30,"turns":5},{"damage":2,"enemies":"Snake Plant","floor":31,"turns":4},{"damage":22,"enemies":"Automaton","floor":33,"turns":8},{"damage":11,"enemies":"Orb Walker","floor":35,"turns":3},{"damage":0,"enemies":"3 Shapes","floor":38,"turns":5},{"damage":1,"enemies":"Sphere and 2 Shapes","floor":39,"turns":6},{"damage":6,"enemies":"Maw","floor":41,"turns":7},{"damage":16,"enemies":"Giant Head","floor":42,"turns":8},{"damage":55,"enemies":"Nemesis","floor":45,"turns":7},{"damage":14,"enemies":"4 Shapes","floor":48,"turns":4},{"damage":42,"enemies":"Time Eater","floor":50,"turns":7}],"event_choices":[{"event_name":"Accursed Blacksmith","player_choice":"Forge","floor":2,"damage_taken":0},{"event_name":"Match and Keep!","player_choice":"1 cards matched","floor":3,"damage_taken":0},{"event_name":"Back to Basics","player_choice":"Elegance","floor":19,"damage_taken":0},{"event_name":"Beggar","player_choice":"Ignored","floor":22,"damage_taken":0},{"event_name":"Tomb of Lord Red Mask","player_choice":"Paid","floor":36,"damage_taken":0},{"event_name":"Winding Halls","player_choice":"Writhe","floor":46,"damage_taken":0}],"boss_relics":[{"not_picked":["White Beast Statue","Lizard Tail"],"picked":"Astrolabe"},{"not_picked":["Velvet Choker","Eternal Feather"],"picked":"Cursed Key"}],"potions_floor_spawned":[4,10,11,16,21,25,30,31,35,38,45,48],"seed_played":"-2011302620289856179","ascension_level":14,"is_trial":false}