{"path_per_floor":["M","?","M","$","?","R","M","E","T","M","R","M","E","M","R","B",null,"M","?","?","?","M","R","?","T","T","$","R","$","E","M","R","B",null,"M","$","?","M","M","R","?","R","T","E","?","?","M","M","R"],"character_chosen":"THE_SILENT","items_purchased":["Bandage Up","Ginger","Bottled Flame","Strawberry","Escape Plan","Infinite Blades","Accuracy"],"gold_per_floor":[111,111,127,37,37,37,51,81,81,94,94,111,139,158,158,263,293,307,307,667,667,680,680,680,703,1003,469,469,89,114,129,129,234,234,254,81,135,151,162,162,162,162,213,242,242,342,354,365,365],"floor_reached":50,"campfire_rested":6,"playtime":3952,"current_hp_per_floor":[35,21,20,20,20,41,45,43,43,46,67,70,64,68,68,68,75,74,74,34,34,38,60,60,60,60,60,60,67,58,62,82,38,82,82,82,26,19,32,56,56,56,56,24,24,24,8,11,35],"items_purged":["Strike_G","Strike_G"],"gold":365,"score":521,"play_id":"588c3cce-4ff9-4bbf-b514-44545fad5fbc","is_prod":false,"is_daily":false,"is_ascension_mode":true,"campfire_upgraded":2,"path_taken":["M","?","M","$","?","R","M","E","T","M","R","M","E","?","R","BOSS","M","?","?","?","M","R","?","?","T","$","R","$","E","?","R","BOSS","M","$","?","M","?","R","?","R","T","E","?","?","M","M","R","BOSS"],"build_version":"2018-02-22-PROD2","purchased_purges":3,"victory":false,"master_deck":["Defend_G","Defend_G","Strike_G+1","Survivor","Neutralize+1","Infinite Blades","Escape Plan","Bandage Up","Blur+1","Escape Plan","Backflip","Caltrops+1","Escape Plan","Dagger Spray","Storm of Steel","Cloak And Dagger","A Thousand Cuts+1","Escape Plan","Infinite Blades","Deadly Poison+1","Dash+1","Glass Knife","Dagger Throw+1","Accuracy","Cloak And Dagger","Prepared+1","Outmaneuver+1","Calculated Gamble+1","Phantasmal Killer","Prepared","Expertise+1"],"max_hp_per_floor":[70,70,70,70,70,70,70,70,70,70,70,70,70,70,70,70,75,75,75,75,75,75,75,75,75,75,75,75,82,82,82,82,82,82,82,82,82,82,82,82,82,82,82,82,82,82,82,82,82],"relics":["Ring of the Snake","Thread and Needle","Torii","Mercury Hourglass","Tiny House","Happy Flower","Old Coin","Ginger","Bottled Flame","Strawberry","Art of War","Lizard Tail","Shovel","Prayer Wheel","Omamori","Pantograph"],"card_choices":[{"not_picked":["Cloak And Dagger","Burst"],"picked":"Infinite Blades"},{"not_picked":["Sucker Punch","Slice"],"picked":"Escape Plan"},{"not_picked":["Predator","Masterful Stab"],"picked":"Blur"},{"not_picked":["Footwork","Blur"],"picked":"Escape Plan"},{"not_picked":["Dodge and Roll","PiercingWail"],"picked":"Backflip"},{"not_picked":["Deflect","Masterful Stab"],"picked":"Caltrops"},{"not_picked":["Finisher","Choke"],"picked":"Escape Plan"},{"not_picked":["Backstab","Terror"],"picked":"Dagger Spray"},{"not_picked":["Burst","Corpse Explosion"],"picked":"Storm of Steel"},{"not_picked":["Outmaneuver","PiercingWail"],"picked":"Cloak And Dagger"},{"not_picked":["Doppelganger","Slice"],"picked":"Deadly Poison"},{"not_picked":["Skewer","Acrobatics"],"picked":"Dash"},{"not_picked":["Venomology","Die Die Die"],"picked":"Glass Knife"},{"not_picked":["Underhanded Strike","Dagger Spray"],"picked":"Dagger Throw"},{"not_picked":["Dodge and Roll","Concentrate"],"picked":"Cloak And Dagger"},{"not_picked":["Eviscerate","Dodge and Roll"],"picked":"Prepared"},{"not_picked":["Doppelganger","Backflip"],"picked":"Outmaneuver"},{"not_picked":["Outmaneuver","Dagger Throw"],"picked":"Calculated Gamble"},{"not_picked":["Deadly Poison","Bane"],"picked":"Prepared"},{"not_picked":["Underhanded Strike","Distraction"],"picked":"Expertise"}],"player_experience":102417,"potions_floor_usage":[13,13,16,22,22,33,33,38,38,47,48,50],"damage_taken":[{"damage":0,"enemies":"Small Slimes","floor":1,"turns":5},{"damage":1,"enemies":"Cultist","floor":3,"turns":3},{"damage":0,"enemies":"2 Louse","floor":7,"turns":2},{"damage":6,"enemies":"Lagavulin","floor":8,"turns":9},{"damage":1,"enemies":"Exordium Thugs","floor":10,"turns":7},{"damage":0,"enemies":"Red Slaver","floor":12,"turns":5},{"damage":6,"enemies":"Gremlin Nob","floor":13,"turns":5},{"damage":0,"enemies":"Exordium Wildlife","floor":14,"turns":3},{"damage":2,"enemies":"Slime Boss","floor":16,"turns":7},{"damage":1,"enemies":"Spheric Guardian","floor":18,"turns":4},{"damage":0,"enemies":"3 Byrds","floor":22,"turns":2},{"damage":13,"enemies":"Book of Stabbing","floor":30,"turns":5},{"damage":0,"enemies":"Snake Plant","floor":31,"turns":4},{"damage":48,"enemies":"Collector","floor":33,"turns":10},{"damage":0,"enemies":"Orb Walker","floor":35,"turns":4},{"damage":60,"enemies":"Mysterious Sphere","floor":37,"turns":5},{"damage":11,"enemies":"3 Darklings","floor":38,"turns":4},{"damage":41,"enemies":"Sphere and 2 Shapes","floor":39,"turns":5},{"damage":36,"enemies":"Nemesis","floor":44,"turns":7},{"damage":20,"enemies":"4 Shapes","floor":47,"turns":4},{"damage":1,"enemies":"Maw","floor":48,"turns":7},{"damage":65,"enemies":"Donu and Deca","floor":50,"turns":7}],"event_choices":[{"event_name":"Shining Light","player_choice":"Entered Light","floor":2,"damage_taken":0},{"event_name":"Accursed Blacksmith","player_choice":"Forge","floor":5,"damage_taken":0},{"event_name":"Back to Basics","player_choice":"Elegance","floor":19,"damage_taken":0},{"event_name":"Knowing Skull","player_choice":"GOLD GOLD GOLD GOLD ","floor":20,"damage_taken":0},{"event_name":"Vampires","player_choice":"Ignored","floor":21,"damage_taken":0},{"event_name":"The Library","player_choice":"Read","floor":24,"damage_taken":0},{"event_name":"Mysterious Sphere","player_choice":"Fight","floor":37,"damage_taken":0},{"event_name":"Transmorgrifier","player_choice":"Transform","floor":45,"damage_taken":0},{"event_name":"Golden Shrine","player_choice":"Pray","floor":46,"damage_taken":0}],"boss_relics":[{"not_picked":["Runic Pyramid","Question Card"],"picked":"Tiny House"},{"not_picked":["Velvet Choker","Runic Dome"],"picked":"Lizard Tail"}],"potions_floor_spawned":[8,10,13,16,18,31,33,37,44,47,48],"seed_played":"1007384547094817360","killed_by":"Donu and Deca","ascension_level":1,"is_trial":false}