{"path_per_floor":["M","M","$","?","$","R","M","M","T","R","M","?","M","M","R","B",null,"M","M","?","M","?","R","M","?","T","R","$","?","M","$","R"],"character_chosen":"THE_SILENT","items_purchased":["Caltrops","Dash"],"gold_per_floor":[116,134,19,19,19,19,30,42,69,69,81,81,93,109,109,208,208,218,233,233,244,159,159,170,170,196,196,25,25,40,40,40],"floor_reached":33,"campfire_rested":3,"playtime":1545,"current_hp_per_floor":[62,42,42,65,65,65,65,63,63,63,59,59,43,43,43,32,70,70,53,40,31,31,53,31,31,31,53,53,53,19,19,41],"items_purged":["Strike_G","Decay"],"gold":40,"score":275,"play_id":"925783ae-3df4-4b94-896d-cf9320391935","is_prod":false,"is_daily":false,"is_ascension_mode":true,"campfire_upgraded":3,"path_taken":["M","M","?","?","$","R","M","M","T","R","M","?","M","M","R","BOSS","M","?","?","M","?","R","?","?","T","R","$","?","M","$","R","BOSS"],"build_version":"2018-02-15-PROD1","purchased_purges":2,"victory":false,"master_deck":["Survivor","Neutralize","Blur+1","Backflip","Caltrops+1","Dagger Throw","Sucker Punch","Blur+1","Adrenaline","Prepared","Accuracy","Deadly Poison","All Out Attack","Sucker Punch","Reflex","Malaise","Dagger Spray","Caltrops","Flying Knee","Cloak And Dagger","Dash","Well Laid Plans+1"],"max_hp_per_floor":[70,70,70,70,70,70,70,70,70,70,70,70,70,70,70,70,70,70,70,75,75,75,75,75,75,75,75,75,75,75,75,75],"relics":["Ring of the Snake","Bag of Marbles","Vajra","Pandora\u0027s Box","Letter Opener","Snake Skull"],"card_choices":[{"not_picked":["Heel Hook","Backflip"],"picked":"Blur"},{"not_picked":["Expertise","Deadly Poison"],"picked":"Backflip"},{"not_picked":["Quick Slash","Envenom"],"picked":"Dagger Throw"},{"not_picked":["Cloak And Dagger","Bouncing Flask"],"picked":"Sucker Punch"},{"not_picked":["Dodge and Roll","Choke"],"picked":"Blur"},{"not_picked":["A Thousand Cuts","Tools of the Trade"],"picked":"Adrenaline"},{"not_picked":["Eviscerate","Deadly Poison"],"picked":"Caltrops"},{"not_picked":["Reflex","Blade Dance"],"picked":"Flying Knee"},{"not_picked":["Blade Dance","Underhanded Strike"],"picked":"Cloak And Dagger"},{"not_picked":["Slice","Dagger Spray"],"picked":"Well Laid Plans"}],"player_experience":240835,"potions_floor_usage":[13,33],"damage_taken":[{"damage":8,"enemies":"Cultist","floor":1,"turns":5},{"damage":20,"enemies":"Jaw Worm","floor":2,"turns":11},{"damage":0,"enemies":"Small Slimes","floor":7,"turns":5},{"damage":2,"enemies":"2 Fungi Beasts","floor":8,"turns":5},{"damage":4,"enemies":"Exordium Wildlife","floor":11,"turns":5},{"damage":16,"enemies":"Gremlin Gang","floor":13,"turns":5},{"damage":0,"enemies":"Exordium Thugs","floor":14,"turns":6},{"damage":11,"enemies":"The Guardian","floor":16,"turns":16},{"damage":0,"enemies":"3 Byrds","floor":18,"turns":3},{"damage":17,"enemies":"2 Thieves","floor":19,"turns":3},{"damage":9,"enemies":"Snake Plant","floor":21,"turns":5},{"damage":22,"enemies":"Chosen and Byrds","floor":24,"turns":6},{"damage":34,"enemies":"Cultist and Chosen","floor":30,"turns":8},{"damage":42,"enemies":"Automaton","floor":33,"turns":6}],"event_choices":[{"event_name":"Big Fish","player_choice":"Banana","floor":4,"damage_taken":0},{"event_name":"Dead Adventurer","player_choice":"Searched \u00271\u0027 times","floor":12,"damage_taken":0},{"event_name":"Forgotten Altar","player_choice":"Shed Blood","floor":20,"damage_taken":0},{"event_name":"Addict","player_choice":"Obtained Relic","floor":22,"damage_taken":0},{"event_name":"Wheel of Change","player_choice":"Curse","floor":25,"damage_taken":0},{"event_name":"Drug Dealer","player_choice":"Ignored","floor":29,"damage_taken":0}],"boss_relics":[{"not_picked":["Eternal Feather","Sozu"],"picked":"Pandora\u0027s Box"}],"potions_floor_spawned":[1,2,11,14,21,30],"seed_played":"-8944599269105082031","killed_by":"Automaton","ascension_level":3,"is_trial":false}