{"path_per_floor":["M","M","?","?","M","R","M","E","T","E","R","M","R","M","R","B",null,"M","M"],"character_chosen":"THE_SILENT","items_purchased":[],"gold_per_floor":[117,137,137,102,115,115,126,151,222,248,248,262,262,278,278,382,382,397,413],"floor_reached":20,"campfire_rested":0,"playtime":807,"current_hp_per_floor":[70,67,49,66,66,66,66,58,58,44,44,44,44,44,44,22,58,41,26],"items_purged":[],"gold":413,"score":233,"play_id":"f241b49b-07cf-4822-99ce-71e8cb84601b","is_prod":false,"is_daily":false,"is_ascension_mode":true,"campfire_upgraded":4,"path_taken":["M","M","?","?","M","R","M","E","T","E","R","M","R","M","R","BOSS","M","M","M"],"build_version":"2018-02-22-PROD2","purchased_purges":0,"victory":false,"master_deck":["Defend_G","Defend_G","Defend_G+1","Defend_G","Defend_G","Strike_G","Strike_G","Strike_G","Strike_G","Strike_G","Survivor","Neutralize","Glass Knife+1","Backflip+1","Flechettes+1","Noxious Fumes+1","PiercingWail","Burst+1","Flying Knee","Dagger Spray","Envenom","Backflip+1"],"max_hp_per_floor":[70,70,70,70,70,70,70,70,70,70,70,70,70,70,70,70,70,70,70],"relics":["Ring of the Snake","Omamori","War Paint","The Courier","Snake Skull","The Specimen"],"card_choices":[{"not_picked":["Cloak And Dagger","Deadly Poison"],"picked":"Backflip"},{"not_picked":["Bouncing Flask","Well Laid Plans"],"picked":"Flechettes"},{"not_picked":["Deflect","Deadly Poison"],"picked":"Noxious Fumes"},{"not_picked":["Dodge and Roll","Eviscerate"],"picked":"PiercingWail"},{"not_picked":["Bouncing Flask","Deflect"],"picked":"Burst"},{"not_picked":["Sucker Punch","Poisoned Stab"],"picked":"Flying Knee"},{"not_picked":["Dagger Throw","Cloak And Dagger"],"picked":"Dagger Spray"},{"not_picked":["Burst","Unload"],"picked":"Envenom"},{"not_picked":["Deadly Poison","Bane"],"picked":"Backflip"}],"player_experience":313435,"potions_floor_usage":[14,16,20],"damage_taken":[{"damage":0,"enemies":"2 Louse","floor":1,"turns":4},{"damage":3,"enemies":"Jaw Worm","floor":2,"turns":6},{"damage":0,"enemies":"Cultist","floor":5,"turns":3},{"damage":0,"enemies":"3 Louse","floor":7,"turns":2},{"damage":8,"enemies":"3 Sentries","floor":8,"turns":8},{"damage":14,"enemies":"Gremlin Nob","floor":10,"turns":4},{"damage":0,"enemies":"Blue Slaver","floor":12,"turns":3},{"damage":0,"enemies":"Exordium Thugs","floor":14,"turns":5},{"damage":37,"enemies":"Slime Boss","floor":16,"turns":9},{"damage":17,"enemies":"Shell Parasite","floor":18,"turns":8},{"damage":15,"enemies":"2 Thieves","floor":19,"turns":4},{"damage":33,"enemies":"Snake Plant","floor":20,"turns":4}],"event_choices":[{"event_name":"Scrap Ooze","player_choice":"success","floor":3,"damage_taken":18},{"event_name":"The Cleric","player_choice":"Healed","floor":4,"damage_taken":0}],"boss_relics":[{"not_picked":["Runic Dome","Velvet Choker"],"picked":"The Specimen"}],"potions_floor_spawned":[2,5,8,10,16,18,19],"seed_played":"7818711710624955538","killed_by":"Snake Plant","ascension_level":5,"is_trial":false}