{"path_per_floor":["M","?","?","M","?","R","$","R","T","?","T","R","M","$","R","B",null,"M","?","M","$","?","R","M","$","T","T"],"character_chosen":"THE_SILENT","items_purchased":["Blur","Calipers"],"gold_per_floor":[110,185,185,195,195,195,157,157,157,332,355,355,370,295,295,400,400,418,418,387,95,95,95,112,12,83,83],"floor_reached":28,"campfire_rested":2,"playtime":786,"current_hp_per_floor":[61,50,50,37,37,58,58,58,58,58,58,58,56,56,56,34,61,58,58,51,51,35,56,55,55,55,55],"items_purged":["Doubt","Strike_G"],"gold":83,"score":253,"play_id":"632f2871-7d16-40a8-ada7-dca33e6416ae","local_time":"20180311151235","is_prod":false,"is_daily":false,"is_ascension_mode":true,"campfire_upgraded":3,"timestamp":1520799155,"path_taken":["M","?","?","M","?","R","$","R","T","?","?","R","M","$","R","BOSS","M","?","M","?","?","R","M","$","T","?","?"],"build_version":"2018-03-09","purchased_purges":5,"victory":false,"master_deck":["Defend_G+1","Defend_G+1","Defend_G+1","Defend_G+1","Defend_G+1","Strike_G+1","Strike_G+1","Strike_G+1","Survivor+1","Neutralize+1","Tactician","Poisoned Stab","Crippling Poison+1","Deflect","Adrenaline","Blur","Malaise+1","Night Terror","PiercingWail","Backflip+1"],"max_hp_per_floor":[70,70,70,70,70,70,70,70,70,70,70,70,70,70,70,70,70,70,70,70,70,70,70,70,70,70,70],"relics":["Ring of the Snake","War Paint","Art of War","The Specimen","Calipers","Enchiridion","Frozen Egg 2","Ice Cream"],"card_choices":[{"not_picked":["Slice","Accuracy"],"picked":"Poisoned Stab"},{"not_picked":["Finisher","Underhanded Strike"],"picked":"Crippling Poison"},{"not_picked":["Dodge and Roll","Bane"],"picked":"Malaise"},{"not_picked":["Venomology","Doppelganger"],"picked":"Night Terror"},{"not_picked":["Deflect","Dagger Throw"],"picked":"PiercingWail"},{"not_picked":["Footwork","PiercingWail"],"picked":"Backflip"}],"player_experience":353547,"potions_floor_usage":[20,28],"damage_taken":[{"damage":9,"enemies":"Small Slimes","floor":1,"turns":5},{"damage":13,"enemies":"Jaw Worm","floor":4,"turns":5},{"damage":2,"enemies":"Cultist","floor":13,"turns":4},{"damage":22,"enemies":"The Guardian","floor":16,"turns":15},{"damage":3,"enemies":"Shell Parasite","floor":18,"turns":9},{"damage":7,"enemies":"2 Thieves","floor":20,"turns":5},{"damage":1,"enemies":"Snake Plant","floor":24,"turns":5},{"damage":18,"enemies":"3 Cultists","floor":28,"turns":6}],"event_choices":[{"event_name":"World of Goop","player_choice":"Gather Gold","floor":2,"damage_taken":0},{"event_name":"Purifier","player_choice":"One Purge","floor":3,"damage_taken":0},{"event_name":"Match and Keep!","player_choice":"2 cards matched","floor":5,"damage_taken":0},{"event_name":"Liars Game","player_choice":"agreed","floor":10,"damage_taken":0},{"event_name":"Back to Basics","player_choice":"Simplicity","floor":19,"damage_taken":0},{"event_name":"Cursed Tome","player_choice":"Obtained Book","floor":22,"damage_taken":0}],"boss_relics":[{"not_picked":["Astrolabe","Question Card"],"picked":"The Specimen"}],"potions_floor_spawned":[13,16,20],"seed_played":"6057389242559528055","killed_by":"3 Cultists","ascension_level":5,"is_trial":false}