{"path_per_floor":["M","M","?","M","?","R","E","R","T","M","$","M","?","?","R","B",null,"M","?","M","M","$","R","E","$","T","E","?","M","R","M","R","B",null,"M","?","M","$","M","R","?","R","T","M","M","M","M","?","R","B"],"character_chosen":"THE_SILENT","items_purchased":["Snake Skull","Bouncing Flask","Noxious Fumes"],"gold_per_floor":[109,123,123,134,209,209,240,240,240,252,22,41,41,41,41,146,146,160,160,175,191,21,21,52,52,52,81,81,100,100,113,113,215,215,225,225,244,82,100,100,100,100,100,118,129,144,160,160,160,160],"floor_reached":51,"campfire_rested":4,"playtime":1674,"current_hp_per_floor":[70,70,75,75,64,64,35,57,57,52,52,36,36,36,58,57,71,73,73,69,55,55,55,52,52,52,12,39,34,73,70,70,23,67,69,69,67,67,54,54,54,54,54,42,38,40,21,21,60,51],"items_purged":["Strike_G","Strike_G","Outmaneuver"],"gold":160,"score":880,"play_id":"e84518c4-500f-44b8-8e97-f61dd16ad691","local_time":"20180311154343","is_prod":false,"is_daily":false,"is_ascension_mode":true,"campfire_upgraded":5,"timestamp":1520801023,"path_taken":["M","?","?","M","?","R","E","R","T","M","$","?","?","?","R","BOSS","M","?","M","M","$","R","E","$","T","E","?","M","R","?","R","BOSS","M","?","M","$","M","R","?","R","T","?","M","M","?","?","R","BOSS"],"build_version":"2018-03-09","purchased_purges":3,"victory":true,"master_deck":["Defend_G","Defend_G","Defend_G","Defend_G","Defend_G","Strike_G","Survivor","Neutralize","Footwork+1","Dagger Spray","Bouncing Flask+1","Die Die Die","Calculated Gamble","After Image+1","Dodge and Roll+1","Dodge and Roll+1","PiercingWail","Bouncing Flask+1","Flying Knee","Leg Sweep","Bouncing Flask+1","Corpse Explosion+1","Noxious Fumes+1","Footwork+1","Backflip+1","Acrobatics","Distraction+1"],"max_hp_per_floor":[70,70,75,75,75,75,75,75,75,75,75,75,75,75,75,75,75,75,75,75,75,75,75,82,82,82,82,82,82,82,82,82,82,82,82,82,82,82,82,82,82,82,82,82,82,82,82,82,82,82],"relics":["Ring of the Snake","NeowsBlessing","Bottled Lightning","Blood Vial","Snake Skull","Velvet Choker","Strawberry","Unceasing Top","Regal Pillow","Sozu","Matryoshka"],"card_choices":[{"not_picked":["Distraction","Deflect"],"picked":"Footwork"},{"not_picked":["Acrobatics","Sucker Punch"],"picked":"Dagger Spray"},{"not_picked":["Crippling Poison","Cloak And Dagger"],"picked":"Bouncing Flask"},{"not_picked":["Well Laid Plans","Acrobatics"],"picked":"Die Die Die"},{"not_picked":["Dagger Throw","Flying Knee"],"picked":"Calculated Gamble"},{"not_picked":["Storm of Steel","Doppelganger"],"picked":"After Image"},{"not_picked":["Deflect","Bane"],"picked":"Dodge and Roll"},{"not_picked":["Dagger Throw","Choke"],"picked":"Dodge and Roll"},{"not_picked":["Setup","Slice"],"picked":"PiercingWail"},{"not_picked":["Storm of Steel","Eviscerate"],"picked":"Flying Knee"},{"not_picked":["Prepared","Well Laid Plans"],"picked":"Leg Sweep"},{"not_picked":["Cloak And Dagger","Dagger Spray"],"picked":"Bouncing Flask"},{"not_picked":["Envenom","Glass Knife"],"picked":"Corpse Explosion"},{"not_picked":["Poisoned Stab","Backstab"],"picked":"Outmaneuver"},{"not_picked":["Deadly Poison","Escape Plan"],"picked":"Backflip"},{"not_picked":["Finisher","Dodge and Roll"],"picked":"Acrobatics"},{"not_picked":["Corpse Explosion","Bane"],"picked":"Distraction"}],"player_experience":354333,"potions_floor_usage":[50],"damage_taken":[{"damage":0.0,"enemies":"Cultist","floor":1.0,"turns":1.0},{"damage":0.0,"enemies":"Small Slimes","floor":2.0,"turns":1.0},{"damage":0.0,"enemies":"Jaw Worm","floor":4.0,"turns":1.0},{"damage":29.0,"enemies":"Gremlin Nob","floor":7.0,"turns":5.0},{"damage":7.0,"enemies":"Exordium Wildlife","floor":10.0,"turns":2.0},{"damage":18.0,"enemies":"Large Slime","floor":12.0,"turns":2.0},{"damage":3.0,"enemies":"The Guardian","floor":16.0,"turns":7.0},{"damage":0.0,"enemies":"Chosen","floor":18.0,"turns":4.0},{"damage":6.0,"enemies":"Shell Parasite","floor":20.0,"turns":4.0},{"damage":16.0,"enemies":"Snake Plant","floor":21.0,"turns":4.0},{"damage":12.0,"enemies":"Book of Stabbing","floor":24.0,"turns":5.0},{"damage":42.0,"enemies":"Slavers","floor":27.0,"turns":6.0},{"damage":7.0,"enemies":"Snecko","floor":29.0,"turns":4.0},{"damage":5.0,"enemies":"Centurion and Healer","floor":31.0,"turns":6.0},{"damage":64.0,"enemies":"Collector","floor":33.0,"turns":8.0},{"damage":0.0,"enemies":"3 Darklings","floor":35.0,"turns":2.0},{"damage":4.0,"enemies":"Orb Walker","floor":37.0,"turns":4.0},{"damage":15.0,"enemies":"4 Shapes","floor":39.0,"turns":4.0},{"damage":14.0,"enemies":"3 Darklings","floor":44.0,"turns":6.0},{"damage":6.0,"enemies":"Sphere and 2 Shapes","floor":45.0,"turns":5.0},{"damage":0.0,"enemies":"Maw","floor":46.0,"turns":7.0},{"damage":21.0,"enemies":"3 Darklings","floor":47.0,"turns":4.0},{"damage":26,"enemies":"Time Eater","floor":50,"turns":13}],"event_choices":[{"event_name":"Big Fish","player_choice":"Donut","floor":3.0,"damage_taken":0.0},{"event_name":"World of Goop","player_choice":"Gather Gold","floor":5.0,"damage_taken":0.0},{"event_name":"Purifier","player_choice":"One Purge","floor":13.0,"damage_taken":0.0},{"event_name":"Bonfire Elementals","player_choice":"BASIC","floor":14.0,"damage_taken":0.0},{"event_name":"Cursed Tome","player_choice":"Ignored","floor":19.0,"damage_taken":0.0},{"event_name":"The Library","player_choice":"Heal","floor":28.0,"damage_taken":0.0},{"event_name":"Tomb of Lord Red Mask","player_choice":"Ignored","floor":36.0,"damage_taken":0.0},{"event_name":"Duplicator","player_choice":"One dupe","floor":41.0,"damage_taken":0.0},{"event_name":"Accursed Blacksmith","player_choice":"Forge","floor":48.0,"damage_taken":0.0}],"boss_relics":[],"potions_floor_spawned":[1,2,10,27,29,31,33,37,39,44],"seed_played":"-3555409013091828126","ascension_level":5,"is_trial":false}