{"path_per_floor":["M","?","?","?","M","R","M","R","T","M","M","M","R","M","R","B",null,"M","?","M","?","?","E","M","R","T","$","M","$","M","M","R","B",null,"M","$","M","?","M","R","?","R","T","M","M","R","E","M","R"],"character_chosen":"THE_SILENT","items_purchased":["Adrenaline","Escape Plan","Letter Opener"],"gold_per_floor":[111,211,211,211,225,225,239,239,239,256,274,288,288,301,301,399,399,416,331,349,349,349,382,399,399,479,327,347,238,255,269,269,365,365,381,141,156,156,166,166,166,166,190,210,229,229,261,279,279],"floor_reached":50,"campfire_rested":2,"playtime":2504,"current_hp_per_floor":[70,70,70,70,70,70,70,70,70,70,70,70,70,59,59,29,60,45,45,33,33,56,46,39,60,60,60,53,53,53,49,49,3,53,52,52,50,68,40,50,50,60,60,49,41,51,39,22,55],"items_purged":["Strike_G"],"gold":279,"score":610,"play_id":"2dc5eb31-ae06-48f6-9c17-96f076a94196","local_time":"20180309213222","is_prod":false,"is_daily":false,"is_ascension_mode":true,"campfire_upgraded":8,"timestamp":1520652742,"path_taken":["M","?","?","?","M","R","M","R","T","M","M","?","R","M","R","BOSS","M","?","M","?","?","E","M","R","T","$","M","$","?","M","R","BOSS","M","$","M","?","M","R","?","R","T","?","M","R","E","M","R","BOSS"],"build_version":"2018-03-09","purchased_purges":6,"victory":false,"master_deck":["Defend_G","Defend_G","Defend_G","Defend_G","Defend_G","Survivor","Neutralize","Cloak And Dagger+1","Deadly Poison","Well Laid Plans","Cloak And Dagger+1","Leg Sweep+1","Distraction+1","Accuracy+1","A Thousand Cuts+1","Dagger Spray+1","Infinite Blades+1","Cloak And Dagger+1","PiercingWail","Adrenaline","Escape Plan","Choke+1","After Image+1","Escape Plan","Writhe","Dash+1","Acrobatics","Acrobatics+1"],"max_hp_per_floor":[70,70,70,70,70,70,70,70,70,70,70,70,70,70,70,70,70,70,70,70,70,70,70,70,70,70,70,70,70,70,70,70,70,70,70,70,70,70,70,70,70,70,70,70,70,70,77,77,77],"relics":["Runic Dome","Bronze Scales","Astrolabe","Happy Flower","Gremlin Horn","Tiny Chest","Eternal Feather","Letter Opener","Lantern","Strawberry"],"card_choices":[{"not_picked":["Backstab","Masterful Stab"],"picked":"Cloak And Dagger"},{"not_picked":["Underhanded Strike","Deadly Poison"],"picked":"Well Laid Plans"},{"not_picked":["Underhanded Strike","Sucker Punch"],"picked":"Cloak And Dagger"},{"not_picked":["Endless Agony","Flying Knee"],"picked":"Leg Sweep"},{"not_picked":["Skewer","Endless Agony"],"picked":"Distraction"},{"not_picked":["Flying Knee","PiercingWail"],"picked":"Accuracy"},{"not_picked":["Grand Finale","Bullet Time"],"picked":"A Thousand Cuts"},{"not_picked":["Deadly Poison","Dodge and Roll"],"picked":"PiercingWail"},{"not_picked":["Sucker Punch","Slice"],"picked":"Choke"},{"not_picked":["Grand Finale","Bullet Time"],"picked":"After Image"},{"not_picked":["Quick Slash","Dodge and Roll"],"picked":"Escape Plan"},{"not_picked":["Backstab","Dodge and Roll"],"picked":"Dash"},{"not_picked":["Flying Knee","Cloak And Dagger"],"picked":"Acrobatics"},{"not_picked":["Calculated Gamble","Dagger Spray"],"picked":"Acrobatics"}],"player_experience":339488,"potions_floor_usage":[45,50,50,50],"damage_taken":[{"damage":0,"enemies":"Small Slimes","floor":1,"turns":5},{"damage":0,"enemies":"Cultist","floor":5,"turns":4},{"damage":0,"enemies":"2 Louse","floor":7,"turns":3},{"damage":0,"enemies":"Lots of Slimes","floor":10,"turns":4},{"damage":0,"enemies":"Blue Slaver","floor":11,"turns":3},{"damage":0,"enemies":"2 Fungi Beasts","floor":12,"turns":3},{"damage":11,"enemies":"3 Louse","floor":14,"turns":3},{"damage":30,"enemies":"The Guardian","floor":16,"turns":12},{"damage":15,"enemies":"3 Byrds","floor":18,"turns":3},{"damage":12,"enemies":"2 Thieves","floor":20,"turns":3},{"damage":10,"enemies":"Gremlin Leader","floor":23,"turns":5},{"damage":7,"enemies":"Centurion and Healer","floor":24,"turns":5},{"damage":7,"enemies":"3 Cultists","floor":28,"turns":4},{"damage":0,"enemies":"Chosen and Byrds","floor":30,"turns":4},{"damage":4,"enemies":"Centurion and Healer","floor":31,"turns":5},{"damage":46,"enemies":"Collector","floor":33,"turns":8},{"damage":1,"enemies":"3 Shapes","floor":35,"turns":4},{"damage":2,"enemies":"Orb Walker","floor":37,"turns":3},{"damage":28,"enemies":"Sphere and 2 Shapes","floor":39,"turns":4},{"damage":11,"enemies":"3 Darklings","floor":44,"turns":4},{"damage":8,"enemies":"4 Shapes","floor":45,"turns":3},{"damage":19,"enemies":"Nemesis","floor":47,"turns":5},{"damage":17,"enemies":"Maw","floor":48,"turns":6},{"damage":90,"enemies":"Awakened One","floor":50,"turns":8}],"event_choices":[{"event_name":"Golden Shrine","player_choice":"Pray","floor":2,"damage_taken":0},{"event_name":"Transmorgrifier","player_choice":"Transform","floor":3,"damage_taken":0},{"event_name":"Liars Game","player_choice":"disagreed","floor":4,"damage_taken":0},{"event_name":"Addict","player_choice":"Obtained Relic","floor":19,"damage_taken":0},{"event_name":"Drug Dealer","player_choice":"Ignored","floor":21,"damage_taken":0},{"event_name":"The Library","player_choice":"Heal","floor":22,"damage_taken":0},{"event_name":"Winding Halls","player_choice":"Writhe","floor":38,"damage_taken":0},{"event_name":"Tomb of Lord Red Mask","player_choice":"Ignored","floor":41,"damage_taken":0}],"boss_relics":[{"not_picked":["Runic Pyramid","Question Card"],"picked":"Astrolabe"},{"not_picked":["Philosopher\u0027s Stone","Black Star"],"picked":"Eternal Feather"}],"potions_floor_spawned":[1,7,12,16,20,23,24,31,33,37,39,47],"seed_played":"-3898088275318726387","killed_by":"Awakened One","ascension_level":5,"is_trial":false}