{"path_per_floor":["M","M","$","M","?","R","M","R","T","E","?","M","?","M","R","B",null,"M","$","M","?","M","R","M","R","T","?","R","M"],"character_chosen":"THE_SILENT","items_purchased":["Shuriken","Infinite Blades","Footwork","Strawberry"],"gold_per_floor":[368,380,67,84,84,84,98,98,98,123,88,103,178,194,194,293,293,304,7,25,25,38,38,54,54,77,77,77,89],"floor_reached":30,"campfire_rested":4,"playtime":992,"current_hp_per_floor":[63,63,63,57,57,57,53,53,53,38,53,55,44,44,62,41,58,53,60,60,60,33,54,33,54,54,46,67,31],"items_purged":["Strike_G"],"gold":89,"score":290,"play_id":"f373e6d2-1ca5-4380-b877-c20767758b30","local_time":"20180311135800","is_prod":false,"is_daily":false,"is_ascension_mode":true,"campfire_upgraded":2,"timestamp":1520794680,"path_taken":["M","M","$","?","?","R","M","R","T","E","?","M","?","M","R","BOSS","M","$","M","?","M","R","?","R","T","?","R","M","E"],"build_version":"2018-03-09","purchased_purges":1,"victory":false,"master_deck":["Defend_G","Defend_G","Defend_G","Defend_G","Defend_G","Strike_G","Strike_G","Strike_G","Strike_G","Survivor","Neutralize","Cloak And Dagger+1","Noxious Fumes","Infinite Blades","Die Die Die","Cloak And Dagger+1","Die Die Die","Dagger Throw","Backflip","A Thousand Cuts","Endless Agony","Footwork","Acrobatics+1","Blur","Deflect","Finisher"],"max_hp_per_floor":[63,63,63,63,63,63,63,63,63,63,63,63,63,63,63,63,63,63,70,70,70,70,70,70,70,70,70,70,70],"relics":["Ring of the Snake","Shuriken","Bird Faced Urn","Torii","Black Star","Strawberry","Paper Crane","Dream Catcher"],"card_choices":[{"not_picked":["Reflex","Underhanded Strike"],"picked":"Cloak And Dagger"},{"not_picked":["Poisoned Stab","Skewer"],"picked":"Noxious Fumes"},{"not_picked":["Well Laid Plans","PiercingWail"],"picked":"Die Die Die"},{"not_picked":["Distraction","Backflip"],"picked":"Cloak And Dagger"},{"not_picked":["Quick Slash","Poisoned Stab"],"picked":"Die Die Die"},{"not_picked":["Underhanded Strike","Expertise"],"picked":"Dagger Throw"},{"not_picked":["Escape Plan","Heel Hook"],"picked":"Backflip"},{"not_picked":["Storm of Steel","Bullet Time"],"picked":"A Thousand Cuts"},{"not_picked":["Prepared","PiercingWail"],"picked":"Endless Agony"},{"not_picked":["Prepared","Dagger Spray"],"picked":"Acrobatics"},{"not_picked":["Calculated Gamble","Bane"],"picked":"Blur"},{"not_picked":["Crippling Poison","Underhanded Strike"],"picked":"Deflect"},{"not_picked":["Dagger Throw","Masterful Stab"],"picked":"Finisher"}],"player_experience":352555,"potions_floor_usage":[20,24,24,30],"damage_taken":[{"damage":0,"enemies":"Cultist","floor":1,"turns":4},{"damage":0,"enemies":"Jaw Worm","floor":2,"turns":6},{"damage":6,"enemies":"Small Slimes","floor":4,"turns":3},{"damage":4,"enemies":"Blue Slaver","floor":7,"turns":5},{"damage":17,"enemies":"Gremlin Nob","floor":10,"turns":4},{"damage":0,"enemies":"2 Fungi Beasts","floor":12,"turns":2},{"damage":0,"enemies":"Gremlin Gang","floor":14,"turns":1},{"damage":22,"enemies":"The Guardian","floor":16,"turns":9},{"damage":7,"enemies":"3 Byrds","floor":18,"turns":5},{"damage":2,"enemies":"2 Thieves","floor":20,"turns":3},{"damage":33,"enemies":"Slaver and Parasite","floor":22,"turns":6},{"damage":25,"enemies":"Sentry and Sphere","floor":24,"turns":6},{"damage":41,"enemies":"Cultist and Chosen","floor":29,"turns":8},{"damage":35,"enemies":"Book of Stabbing","floor":30,"turns":5}],"event_choices":[{"event_name":"Liars Game","player_choice":"disagreed","floor":5,"damage_taken":0},{"event_name":"The Cleric","player_choice":"Healed","floor":11,"damage_taken":0},{"event_name":"World of Goop","player_choice":"Gather Gold","floor":13,"damage_taken":0},{"event_name":"The Mausoleum","player_choice":"Yes","floor":21,"damage_taken":0},{"event_name":"Knowing Skull","player_choice":"","floor":27,"damage_taken":0}],"boss_relics":[{"not_picked":["Snecko Eye","The Specimen"],"picked":"Black Star"}],"potions_floor_spawned":[10,16,18,24,29],"seed_played":"2965068196389790475","killed_by":"Book of Stabbing","ascension_level":5,"is_trial":false}