{"path_per_floor":["M","M","?","$","?","E","?","?","T","?","M","$","R","M","R","B",null,"M","M","?","M","$","R","M","R","T","M","M","?","M","$","R","B",null,"M","$","?","M","$","R","M"],"character_chosen":"THE_SILENT","items_purchased":["Noxious Fumes","Flying Knee"],"gold_per_floor":[115,134,134,59,59,90,90,90,90,90,101,19,19,39,39,138,138,149,163,163,180,80,80,99,99,99,109,121,36,52,27,27,128,128,144,19,19,33,33,33,45],"floor_reached":42,"campfire_rested":3,"playtime":1760,"current_hp_per_floor":[70,70,70,70,58,58,51,51,51,51,48,48,48,48,48,35,61,61,50,37,31,31,53,33,33,43,31,27,27,28,28,53,7,66,55,55,55,23,23,48,35],"items_purged":["Strike_G","Strike_G","Strike_G"],"gold":45,"score":554,"play_id":"7f046a39-c9d6-462f-a2c0-1f40a99656f8","local_time":"20180309235420","is_prod":false,"is_daily":false,"is_ascension_mode":true,"campfire_upgraded":3,"timestamp":1520657660,"path_taken":["M","M","?","$","?","E","?","?","T","?","?","$","R","M","R","BOSS","M","M","?","?","$","R","M","R","T","M","M","?","?","$","R","BOSS","M","$","?","?","$","R","M","M"],"build_version":"2018-03-09","purchased_purges":4,"victory":false,"master_deck":["Defend_G","Defend_G","Defend_G","Defend_G","Survivor","Neutralize","Dagger Spray","Caltrops+1","Cloak And Dagger","After Image","Quick Slash","Noxious Fumes+1","Backflip+1","Adrenaline","Backflip","PiercingWail","Blur","Bane+1","Catalyst","Flying Knee","Envenom","Footwork","Bane+1"],"max_hp_per_floor":[70,70,70,70,70,70,70,70,70,70,70,70,70,70,70,70,70,70,70,75,75,75,75,75,75,85,85,85,85,85,85,85,85,85,85,85,85,85,85,85,85],"relics":["Ring of the Snake","NeowsBlessing","Happy Flower","Bronze Scales","Sundial","Question Card","Pear","Gremlin Horn","The Specimen"],"card_choices":[{"not_picked":["Slice","Dodge and Roll"],"picked":"Dagger Spray"},{"not_picked":["Footwork","Outmaneuver"],"picked":"Caltrops"},{"not_picked":["Underhanded Strike","A Thousand Cuts"],"picked":"Cloak And Dagger"},{"not_picked":["Deflect","Poisoned Stab"],"picked":"Quick Slash"},{"not_picked":["Infinite Blades","Acrobatics"],"picked":"Backflip"},{"not_picked":["Doppelganger","Burst"],"picked":"Adrenaline"},{"not_picked":["Bane","Finisher","Poisoned Stab"],"picked":"Backflip"},{"not_picked":["Slice","Terror","Quick Slash"],"picked":"PiercingWail"},{"not_picked":["Quick Slash","Eviscerate","Sucker Punch"],"picked":"Blur"},{"not_picked":["Acrobatics","Poisoned Stab","Concentrate"],"picked":"Bane"},{"not_picked":["Slice","Caltrops","Glass Knife"],"picked":"Catalyst"},{"not_picked":["Venomology","After Image","Tactician"],"picked":"Envenom"},{"not_picked":["Blade Dance","Poisoned Stab","Deflect"],"picked":"Footwork"},{"not_picked":["Heel Hook","Finisher","Slice"],"picked":"Bane"}],"player_experience":346694,"potions_floor_usage":[30,30,33,42],"damage_taken":[{"damage":0,"enemies":"Small Slimes","floor":1,"turns":1},{"damage":0,"enemies":"Cultist","floor":2,"turns":1},{"damage":0,"enemies":"Gremlin Nob","floor":6,"turns":1},{"damage":3,"enemies":"2 Louse","floor":11,"turns":3},{"damage":0,"enemies":"Exordium Wildlife","floor":14,"turns":3},{"damage":13,"enemies":"Hexaghost","floor":16,"turns":9},{"damage":0,"enemies":"Shell Parasite","floor":18,"turns":5},{"damage":11,"enemies":"Spheric Guardian","floor":19,"turns":5},{"damage":6,"enemies":"Centurion and Healer","floor":21,"turns":7},{"damage":20,"enemies":"Sentry and Sphere","floor":24,"turns":8},{"damage":12,"enemies":"Slaver and Parasite","floor":27,"turns":6},{"damage":4,"enemies":"Snake Plant","floor":28,"turns":4},{"damage":11,"enemies":"Cultist and Chosen","floor":30,"turns":6},{"damage":46,"enemies":"Automaton","floor":33,"turns":12},{"damage":11,"enemies":"3 Darklings","floor":35,"turns":5},{"damage":32,"enemies":"Orb Walker","floor":38,"turns":6},{"damage":13,"enemies":"3 Darklings","floor":41,"turns":7},{"damage":42,"enemies":"4 Shapes","floor":42,"turns":4}],"event_choices":[{"event_name":"Bonfire Elementals","player_choice":"BASIC","floor":3,"damage_taken":0},{"event_name":"Scrap Ooze","player_choice":"success","floor":5,"damage_taken":12},{"event_name":"Golden Wing","player_choice":"Card Removal","floor":7,"damage_taken":0},{"event_name":"Match and Keep!","player_choice":"1 cards matched","floor":8,"damage_taken":0},{"event_name":"The Woman in Blue","player_choice":"Bought 0 Potions","floor":10,"damage_taken":0},{"event_name":"Forgotten Altar","player_choice":"Shed Blood","floor":20,"damage_taken":0},{"event_name":"Addict","player_choice":"Obtained Relic","floor":29,"damage_taken":0}],"boss_relics":[{"not_picked":["Snecko Eye","Runic Dome"],"picked":"Question Card"},{"not_picked":["Eternal Feather","Astrolabe"],"picked":"The Specimen"}],"potions_floor_spawned":[6,14,16,18,21,24,38],"seed_played":"-5398031196183974637","killed_by":"4 Shapes","ascension_level":5,"is_trial":false}