{"path_per_floor":["M","?","$","?","M","R","?","M","T","M","?","R","$","M","R","B",null,"M","?","?","$","?","R","E","?","T","R","M","R","M","?","R","B",null,"M","$","M","M","?","R","M","E","T","R","$","R","?","E","R"],"character_chosen":"THE_SILENT","items_purchased":["Footwork","Flying Knee","Malaise","Ornamental Fan","Malaise","War Paint","Finesse","Strength Potion"],"gold_per_floor":[115,415,302,377,395,395,395,412,436,450,450,450,325,337,337,432,432,452,452,452,98,98,98,132,182,182,182,195,195,207,207,207,307,307,327,103,113,133,133,133,143,178,178,178,39,39,39,72,72],"floor_reached":50,"campfire_rested":6,"playtime":2369,"current_hp_per_floor":[64,61,61,50,49,49,49,49,49,45,45,66,66,65,65,36,62,55,70,70,70,70,70,37,37,37,58,56,56,54,38,59,32,61,61,61,40,23,23,44,44,35,35,56,56,56,56,34,55],"items_purged":["Doubt","Accuracy"],"gold":72,"score":655,"play_id":"2600b44c-e876-4568-9698-1fb62cacba62","local_time":"20180310200110","is_prod":false,"is_daily":false,"is_ascension_mode":true,"campfire_upgraded":5,"timestamp":1520733670,"path_taken":["M","?","$","?","M","R","?","M","T","M","?","R","$","M","R","BOSS","M","?","?","$","?","R","E","?","T","R","M","R","?","?","R","BOSS","M","$","M","?","?","R","M","E","T","R","$","R","?","E","R","BOSS"],"build_version":"2018-03-09","purchased_purges":4,"victory":false,"master_deck":["Survivor","Neutralize+1","Dagger Throw","Footwork","Concentrate+1","Footwork","Dash+1","Backstab","Flying Knee","Malaise+1","Flying Knee","After Image+1","Escape Plan","Choke","Prepared","Backflip+1","Slice","Concentrate","PiercingWail","Deadly Poison+1","Bane","Footwork","Deflect","After Image","Backstab","Malaise","Acrobatics+1","Cloak And Dagger","Endless Agony+1","Deadly Poison+1","Finesse+1","Dash+1"],"max_hp_per_floor":[70,70,70,70,70,70,70,70,70,70,70,70,70,70,70,70,70,70,70,70,70,70,70,70,70,70,70,70,70,70,70,70,70,70,70,70,70,70,70,70,70,70,70,70,70,70,70,70,70],"relics":["Ring of the Snake","Ice Cream","Old Coin","Omamori","Pandora\u0027s Box","Ornamental Fan","Ancient Tea Set","Bottled Lightning","Bag of Preparation","Nilry\u0027s Codex","Cursed Key","War Paint","Toxic Egg 2","Du-Vu Doll","Bottled Tornado"],"card_choices":[{"not_picked":["Storm of Steel","Dodge and Roll"],"picked":"Dagger Throw"},{"not_picked":["Bane","Dodge and Roll"],"picked":"Concentrate"},{"not_picked":["Grand Finale","Sucker Punch"],"picked":"Footwork"},{"not_picked":["Underhanded Strike","Escape Plan"],"picked":"Dash"},{"not_picked":["Poisoned Stab","Outmaneuver"],"picked":"Flying Knee"},{"not_picked":["A Thousand Cuts","Doppelganger"],"picked":"After Image"},{"not_picked":["Distraction","Quick Slash"],"picked":"Footwork"},{"not_picked":["Noxious Fumes","Sucker Punch"],"picked":"Deflect"},{"not_picked":["A Thousand Cuts","Grand Finale"],"picked":"After Image"},{"not_picked":["Dagger Throw","Bane"],"picked":"Backstab"},{"not_picked":["Cloak And Dagger","Underhanded Strike"],"picked":"Acrobatics"},{"not_picked":["Prepared","Sucker Punch"],"picked":"Endless Agony"},{"not_picked":["Outmaneuver","Venomology"],"picked":"Deadly Poison"},{"not_picked":["Well Laid Plans","Bullet Time"],"picked":"Dash"}],"player_experience":345536,"potions_floor_usage":[28,33,33,48,50,50],"damage_taken":[{"damage":6.0,"enemies":"Cultist","floor":1.0,"turns":5.0},{"damage":1.0,"enemies":"Small Slimes","floor":5.0,"turns":4.0},{"damage":0.0,"enemies":"2 Louse","floor":8.0,"turns":2.0},{"damage":4.0,"enemies":"Blue Slaver","floor":10.0,"turns":6.0},{"damage":1,"enemies":"Looter","floor":14,"turns":3},{"damage":29,"enemies":"The Guardian","floor":16,"turns":19},{"damage":7,"enemies":"Shell Parasite","floor":18,"turns":6},{"damage":33,"enemies":"Gremlin Leader","floor":24,"turns":8},{"damage":2,"enemies":"Chosen","floor":28,"turns":6},{"damage":2,"enemies":"Snecko","floor":30,"turns":6},{"damage":27,"enemies":"Automaton","floor":33,"turns":14},{"damage":0,"enemies":"Orb Walker","floor":35,"turns":5},{"damage":21,"enemies":"3 Shapes","floor":37,"turns":6},{"damage":17,"enemies":"Sphere and 2 Shapes","floor":38,"turns":9},{"damage":0,"enemies":"Maw","floor":41,"turns":9},{"damage":9,"enemies":"Giant Head","floor":42,"turns":10},{"damage":22,"enemies":"2 Orb Walkers","floor":48,"turns":9},{"damage":77,"enemies":"Awakened One","floor":50,"turns":12}],"event_choices":[{"event_name":"Scrap Ooze","player_choice":"success","floor":2.0,"damage_taken":3.0},{"event_name":"World of Goop","player_choice":"Gather Gold","floor":4.0,"damage_taken":0.0},{"event_name":"The Lab","player_choice":"Got Potions","floor":7.0,"damage_taken":0.0},{"event_name":"Match and Keep!","player_choice":"1 cards matched","floor":11.0,"damage_taken":0.0},{"event_name":"Wheel of Change","player_choice":"Full Heal","floor":19,"damage_taken":0},{"event_name":"Vampires","player_choice":"Ignored","floor":20,"damage_taken":0},{"event_name":"The Mausoleum","player_choice":"Yes","floor":22,"damage_taken":0},{"event_name":"The Joust","player_choice":"Bet on Murderer","floor":25,"damage_taken":0},{"event_name":"Cursed Tome","player_choice":"Obtained Book","floor":31,"damage_taken":0},{"event_name":"Match and Keep!","player_choice":"1 cards matched","floor":39,"damage_taken":0},{"event_name":"Mysterious Sphere","player_choice":"Ignore","floor":47,"damage_taken":0}],"boss_relics":[{"not_picked":["Runic Pyramid","Philosopher\u0027s Stone"],"picked":"Pandora\u0027s Box"},{"not_picked":["Tiny House","Snecko Eye"],"picked":"Cursed Key"}],"potions_floor_spawned":[1,10,30,33,35,41,42],"seed_played":"4985990053785359593","killed_by":"Awakened One","ascension_level":5,"is_trial":false}