{"path_per_floor":["M","M","$","?","?","R","M","?","T","M","T","M","R","M","R","B",null,"M","$","M","?","?","R","M","M","T","R","M","$","R","M","R","B",null,"M","M","M","M","M","R","M","R","T","?","?","R","$","?","R","B"],"character_chosen":"THE_SILENT","items_purchased":["Escape Plan","Acrobatics","Noxious Fumes","Oddly Smooth Stone"],"gold_per_floor":[114,129,129,129,204,204,214,214,214,227,302,312,312,322,322,421,421,439,160,178,178,178,178,196,215,215,215,233,133,133,146,146,245,275,292,308,318,328,344,344,362,362,362,362,362,362,83,0,0,0],"floor_reached":51,"campfire_rested":1,"playtime":2792,"current_hp_per_floor":[62,62,62,55,44,44,43,40,40,39,39,33,33,30,30,10,70,55,55,48,48,48,48,34,21,21,21,21,21,21,21,21,13,75,58,45,13,13,37,37,4,26,26,26,66,66,66,66,66,3],"items_purged":["Strike_G","Strike_G","Strike_G"],"gold":0,"score":492,"play_id":"082a2db6-c9e8-4c04-a5eb-29213a97718a","local_time":"20180303000025","is_prod":false,"is_daily":false,"is_ascension_mode":false,"campfire_upgraded":9,"timestamp":1520060425,"path_taken":["M","M","$","?","?","R","?","?","T","?","?","M","R","M","R","BOSS","M","$","M","?","?","R","M","M","T","R","M","?","R","M","R","BOSS","M","M","M","M","M","R","M","R","T","?","?","R","?","?","R","BOSS"],"build_version":"2018-03-01-PROD1","purchased_purges":3,"victory":true,"master_deck":["Defend_G","Defend_G","Defend_G","Defend_G","Strike_G","Strike_G","Survivor+1","Neutralize+1","Prepared+1","Poisoned Stab","After Image+1","Predator+1","Dagger Spray","Wraith Form+1","Reflex+1","Escape Plan+1","Acrobatics","Noxious Fumes+1","Footwork+1","Backflip+1","Prepared+1","Dodge and Roll+1","Prepared+1","Adrenaline+1","Prepared+1","Prepared+1","Calculated Gamble+1","Outmaneuver+1","Choke+1"],"max_hp_per_floor":[70,70,70,70,70,70,70,70,70,70,70,70,70,70,70,70,70,70,70,70,70,70,70,70,70,70,70,70,70,70,70,70,70,75,75,75,75,75,75,75,75,75,75,75,66,66,66,66,66,66],"relics":["Lizard Tail","Mercury Hourglass","Shovel","Letter Opener","Velvet Choker","Pen Nib","Molten Egg 2","Tiny House","War Paint","Dodecahedron","Oddly Smooth Stone","Red Mask"],"card_choices":[{"not_picked":["Bane","Infinite Blades"],"picked":"Prepared"},{"not_picked":["Concentrate","Deflect"],"picked":"Poisoned Stab"},{"not_picked":["Dagger Spray","Flechettes"],"picked":"After Image"},{"not_picked":["Acrobatics","Deadly Poison"],"picked":"Predator"},{"not_picked":["Deflect","Outmaneuver"],"picked":"Dagger Spray"},{"not_picked":["Night Terror","Burst"],"picked":"Wraith Form"},{"not_picked":["Deadly Poison","Masterful Stab"],"picked":"Reflex"},{"not_picked":["Prepared","Bane"],"picked":"Footwork"},{"not_picked":["PiercingWail","Blade Dance"],"picked":"Prepared"},{"not_picked":["Slice","Skewer"],"picked":"Dodge and Roll"},{"not_picked":["Sucker Punch","All Out Attack"],"picked":"Prepared"},{"not_picked":["Unload","Night Terror"],"picked":"Adrenaline"},{"not_picked":["Slice","Infinite Blades"],"picked":"Prepared"},{"not_picked":["Noxious Fumes","Well Laid Plans"],"picked":"Prepared"},{"not_picked":["Dodge and Roll","Slice"],"picked":"Calculated Gamble"},{"not_picked":["Bane","Crippling Poison"],"picked":"Outmaneuver"},{"not_picked":["Riddle With Holes","Deflect"],"picked":"Choke"}],"player_experience":482260,"potions_floor_usage":[16,37,50,50],"damage_taken":[{"damage":8,"enemies":"Cultist","floor":1,"turns":5},{"damage":0,"enemies":"2 Louse","floor":2,"turns":3},{"damage":1,"enemies":"Small Slimes","floor":7,"turns":3},{"damage":1,"enemies":"3 Louse","floor":10,"turns":2},{"damage":6,"enemies":"2 Fungi Beasts","floor":12,"turns":3},{"damage":3,"enemies":"Looter","floor":14,"turns":3},{"damage":35,"enemies":"The Guardian","floor":16,"turns":12},{"damage":15,"enemies":"Shell Parasite","floor":18,"turns":5},{"damage":7,"enemies":"Chosen","floor":20,"turns":5},{"damage":14,"enemies":"Slaver and Parasite","floor":24,"turns":7},{"damage":13,"enemies":"Sentry and Sphere","floor":25,"turns":6},{"damage":0,"enemies":"3 Cultists","floor":28,"turns":5},{"damage":0,"enemies":"Snake Plant","floor":31,"turns":4},{"damage":8,"enemies":"Collector","floor":33,"turns":9},{"damage":17,"enemies":"3 Darklings","floor":35,"turns":5},{"damage":13,"enemies":"Orb Walker","floor":36,"turns":5},{"damage":32,"enemies":"Sphere and 2 Shapes","floor":37,"turns":6},{"damage":0,"enemies":"Maw","floor":38,"turns":8},{"damage":20,"enemies":"4 Shapes","floor":39,"turns":6},{"damage":33,"enemies":"3 Darklings","floor":41,"turns":4},{"damage":63,"enemies":"Donu and Deca","floor":50,"turns":10}],"event_choices":[{"event_name":"Golden Wing","player_choice":"Card Removal","floor":4,"damage_taken":0},{"event_name":"World of Goop","player_choice":"Gather Gold","floor":5,"damage_taken":0},{"event_name":"Scrap Ooze","player_choice":"success","floor":8,"damage_taken":3},{"event_name":"The Mausoleum","player_choice":"Yes","floor":21,"damage_taken":0},{"event_name":"The Library","player_choice":"Read","floor":22,"damage_taken":0},{"event_name":"Accursed Blacksmith","player_choice":"Ignore","floor":44,"damage_taken":0},{"event_name":"The Moai Head","player_choice":"Heal","floor":45,"damage_taken":0},{"event_name":"Tomb of Lord Red Mask","player_choice":"Paid","floor":48,"damage_taken":0}],"boss_relics":[{"not_picked":["The Specimen","Question Card"],"picked":"Velvet Choker"},{"not_picked":["Philosopher\u0027s Stone","Runic Pyramid"],"picked":"Tiny House"}],"potions_floor_spawned":[7,12,16,24,31,33,35,36,41],"seed_played":"-7307412133030988409","ascension_level":0,"is_trial":false}