{"path_per_floor":["M","?","M","M","$","R","M","M","T","?","M","R","M","?","R","B",null,"M","?","M","M","$","R","?","$","T","$","M","M","M","M","R","B",null,"M","?"],"character_chosen":"THE_SILENT","items_purchased":["Bouncing Flask","Happy Flower","Adrenaline","Blur"],"gold_per_floor":[119,119,132,148,69,69,87,99,122,152,170,170,188,188,188,289,289,301,301,311,322,104,104,304,23,49,49,61,77,92,105,105,201,201,214,265],"floor_reached":37,"campfire_rested":3,"playtime":1355,"current_hp_per_floor":[70,45,45,37,37,37,37,36,36,36,26,64,49,49,77,54,71,71,71,68,68,68,68,68,68,68,68,52,54,47,35,74,2,63,60,21],"items_purged":["Strike_G","Strike_G"],"gold":265,"score":532,"play_id":"fb34e039-a7b1-4d58-94a3-1990cb8def73","local_time":"20180313175849","is_prod":false,"is_daily":false,"is_ascension_mode":true,"campfire_upgraded":2,"timestamp":1520981929,"path_taken":["M","?","M","M","$","R","?","M","T","?","M","R","?","?","R","BOSS","M","?","M","?","$","R","?","$","T","?","M","M","M","M","R","BOSS","M","?","?"],"build_version":"2018-03-09","purchased_purges":2,"victory":false,"master_deck":["Survivor","Neutralize+1","Catalyst+1","Noxious Fumes","PiercingWail","Bouncing Flask+1","Deadly Poison","Burst+1","Backflip","Malaise","Corpse Explosion","Dagger Spray+1","Blur","Deadly Poison","Adrenaline","Blur","Dash","Night Terror","Bane","Poisoned Stab","Outmaneuver","Caltrops","Quick Slash","Backstab","PiercingWail","Heel Hook","Acrobatics+1"],"max_hp_per_floor":[77,77,77,77,77,77,77,77,77,77,77,77,77,77,77,77,77,77,77,77,77,77,77,77,77,77,77,77,79,81,83,83,83,83,83,85],"relics":["Ring of the Snake","Regal Pillow","Whetstone","Singing Bowl","Sozu","Happy Flower","Prayer Wheel","Pandora\u0027s Box","Ice Cream"],"card_choices":[{"not_picked":["Footwork","Setup"],"picked":"Catalyst"},{"not_picked":["Dagger Throw","Crippling Poison"],"picked":"Noxious Fumes"},{"not_picked":["Outmaneuver","Finisher"],"picked":"PiercingWail"},{"not_picked":["Dagger Spray","Infinite Blades"],"picked":"Deadly Poison"},{"not_picked":["Deflect","Finisher"],"picked":"Burst"},{"not_picked":["Flying Knee","Backstab"],"picked":"Backflip"},{"not_picked":["Flying Knee","Cloak And Dagger"],"picked":"Malaise"},{"not_picked":["Phantasmal Killer","Venomology"],"picked":"Corpse Explosion"},{"not_picked":["Well Laid Plans","Distraction"],"picked":"Dagger Spray"},{"not_picked":["Prepared","Deflect"],"picked":"Blur"},{"not_picked":["Bane","Outmaneuver"],"picked":"Deadly Poison"},{"not_picked":["Poisoned Stab","Sucker Punch"],"picked":"Dash"},{"not_picked":["Unload","After Image"],"picked":"Night Terror"},{"not_picked":["Malaise","Cloak And Dagger"],"picked":"Acrobatics"}],"player_experience":356512,"potions_floor_usage":[],"damage_taken":[{"damage":0.0,"enemies":"2 Louse","floor":1.0,"turns":3.0},{"damage":0.0,"enemies":"Small Slimes","floor":3.0,"turns":4.0},{"damage":8.0,"enemies":"Cultist","floor":4.0,"turns":4.0},{"damage":0.0,"enemies":"2 Fungi Beasts","floor":7.0,"turns":3.0},{"damage":1.0,"enemies":"Red Slaver","floor":8.0,"turns":4.0},{"damage":10.0,"enemies":"Gremlin Gang","floor":11.0,"turns":4.0},{"damage":15.0,"enemies":"Large Slime","floor":13.0,"turns":5.0},{"damage":23.0,"enemies":"Slime Boss","floor":16.0,"turns":6.0},{"damage":0.0,"enemies":"Chosen","floor":18.0,"turns":1.0},{"damage":3.0,"enemies":"3 Byrds","floor":20.0,"turns":4.0},{"damage":0.0,"enemies":"Snecko","floor":21.0,"turns":2.0},{"damage":16.0,"enemies":"Snake Plant","floor":28.0,"turns":2.0},{"damage":0.0,"enemies":"3 Cultists","floor":29.0,"turns":1.0},{"damage":24.0,"enemies":"Slaver and Parasite","floor":30.0,"turns":8.0},{"damage":14.0,"enemies":"Snake Plant","floor":31.0,"turns":2.0},{"damage":72,"enemies":"Collector","floor":33,"turns":9},{"damage":3,"enemies":"3 Shapes","floor":35,"turns":7},{"damage":41,"enemies":"Mysterious Sphere","floor":36,"turns":5},{"damage":13,"enemies":"3 Darklings","floor":37,"turns":1}],"event_choices":[{"event_name":"Scrap Ooze","player_choice":"success","floor":2.0,"damage_taken":25.0},{"event_name":"Dead Adventurer","player_choice":"Searched \u00272\u0027 times","floor":10.0,"damage_taken":0.0},{"event_name":"Living Wall","player_choice":"Grow","floor":14.0,"damage_taken":0.0},{"event_name":"Drug Dealer","player_choice":"Ignored","floor":19.0,"damage_taken":0.0},{"event_name":"Wheel of Change","player_choice":"Gold","floor":24.0,"damage_taken":0.0},{"event_name":"Mysterious Sphere","player_choice":"Fight","floor":36,"damage_taken":0}],"boss_relics":[{"not_picked":["Tiny House","Orrery"],"picked":"Pandora\u0027s Box"}],"potions_floor_spawned":[1,3,13,16,21,29,30],"seed_played":"-743287603894689657","killed_by":"3 Darklings","ascension_level":6,"is_trial":false}