{"path_per_floor":["M","?","M","M","M","R","E","$","T","R","?","R","E","M","R","B",null,"M","?","$","M","M","R","E","R","T","E","R","?","E","T","R","B",null,"M","?","?","M","M","R","M","M","T","R","E","R","?","M","R"],"character_chosen":"THE_SILENT","items_purchased":[],"gold_per_floor":[99,99,99,99,99,99,99,24,24,24,24,24,24,0,0,0,0,0,0,0,0,0,0,0,0,0,0,0,0,0,0,0,0,0,0,0,0,0,0,0,0,0,0,0,0,0,0,0,0],"floor_reached":50,"campfire_rested":4,"playtime":2317,"current_hp_per_floor":[69,74,72,71,71,71,80,80,80,80,80,80,69,66,66,68,84,75,75,75,77,73,73,65,65,65,67,67,67,58,58,87,6,76,67,67,92,90,62,62,48,39,39,68,21,50,36,29,58],"items_purged":["Strike_G"],"gold":0,"score":729,"play_id":"5e81b1ee-4f23-4022-9efd-74c5678ec66c","local_time":"20180304102843","is_prod":false,"is_daily":false,"is_ascension_mode":true,"campfire_upgraded":8,"timestamp":1520180923,"path_taken":["M","?","?","M","M","R","E","?","T","R","?","R","E","M","R","BOSS","M","?","$","M","M","R","E","R","T","E","R","?","E","?","R","BOSS","M","?","?","M","M","R","M","M","T","R","E","R","?","?","R","BOSS"],"build_version":"2018-03-01-PROD1","purchased_purges":1,"victory":false,"master_deck":["Defend_G","Defend_G","Defend_G","Defend_G","Defend_G","Strike_G","Strike_G","Strike_G+1","Strike_G","Survivor","Neutralize+1","Dagger Spray","Malaise+1","Dash+1","Dash","Adrenaline+1","Terror+1","Phantasmal Killer+1","Malaise+1","PiercingWail","Mind Blast+1","Die Die Die+1","Skewer+1","Outmaneuver","Footwork","Night Terror","Wraith Form","Footwork","Writhe","Caltrops+1","Heel Hook+1","Blur"],"max_hp_per_floor":[70,75,75,75,75,75,89,89,89,89,89,89,89,89,89,89,89,89,89,89,89,89,89,99,99,99,99,99,99,99,99,99,99,99,99,99,99,99,99,99,99,99,99,99,99,99,99,99,99],"relics":["Ectoplasm","Mango","Blood Vial","Centennial Puzzle","Orrery","Pear","Whetstone","Bronze Scales","Happy Flower","Dead Branch","Lizard Tail","Thread and Needle","Dodecahedron","Calipers"],"card_choices":[{"not_picked":["Masterful Stab","Outmaneuver"],"picked":"Dagger Spray"},{"not_picked":["Underhanded Strike","Sucker Punch"],"picked":"Malaise"},{"not_picked":["Terror","Sucker Punch"],"picked":"Dash"},{"not_picked":["PiercingWail","Endless Agony"],"picked":"Dash"},{"not_picked":["Reflex","Heel Hook"],"picked":"Flying Knee"},{"not_picked":["Eviscerate","Backstab"],"picked":"Adrenaline"},{"not_picked":["Deflect","Prepared"],"picked":"Terror"},{"not_picked":["Night Terror","Unload"],"picked":"Phantasmal Killer"},{"not_picked":["Finisher","Crippling Poison"],"picked":"Malaise"},{"not_picked":["Slice","Finisher"],"picked":"PiercingWail"},{"not_picked":["Sucker Punch","Deflect"],"picked":"Skewer"},{"not_picked":["Reflex","Dodge and Roll"],"picked":"Outmaneuver"},{"not_picked":["Dagger Spray","Distraction"],"picked":"Footwork"},{"not_picked":["Prepared","Dodge and Roll"],"picked":"Night Terror"},{"not_picked":["Venomology","Night Terror"],"picked":"Wraith Form"},{"not_picked":["Noxious Fumes","Dodge and Roll"],"picked":"Footwork"},{"not_picked":["Poisoned Stab","Acrobatics"],"picked":"Caltrops"},{"not_picked":["Accuracy","Poisoned Stab"],"picked":"Heel Hook"},{"not_picked":["Blade Dance","Skewer"],"picked":"Blur"}],"player_experience":317220,"potions_floor_usage":[22,24,24,30,30,42,42,48,50],"damage_taken":[{"damage":1.0,"enemies":"Small Slimes","floor":1.0,"turns":4.0},{"damage":2.0,"enemies":"Jaw Worm","floor":3.0,"turns":4.0},{"damage":1.0,"enemies":"2 Louse","floor":4.0,"turns":2.0},{"damage":0.0,"enemies":"Red Slaver","floor":5.0,"turns":6.0},{"damage":5.0,"enemies":"Lagavulin","floor":7.0,"turns":9.0},{"damage":13.0,"enemies":"3 Sentries","floor":13.0,"turns":8.0},{"damage":5.0,"enemies":"Exordium Thugs","floor":14.0,"turns":4.0},{"damage":0.0,"enemies":"The Guardian","floor":16.0,"turns":10.0},{"damage":11,"enemies":"Spheric Guardian","floor":18,"turns":6},{"damage":0,"enemies":"Chosen","floor":21,"turns":5},{"damage":6,"enemies":"Centurion and Healer","floor":22,"turns":5},{"damage":20,"enemies":"Slavers","floor":24,"turns":4},{"damage":0,"enemies":"Book of Stabbing","floor":27,"turns":6},{"damage":26,"enemies":"Gremlin Leader","floor":30,"turns":8},{"damage":83,"enemies":"Champ","floor":33,"turns":14},{"damage":11,"enemies":"3 Shapes","floor":35,"turns":6},{"damage":4,"enemies":"Orb Walker","floor":38,"turns":3},{"damage":30,"enemies":"4 Shapes","floor":39,"turns":7},{"damage":16,"enemies":"Maw","floor":41,"turns":9},{"damage":11,"enemies":"3 Darklings","floor":42,"turns":5},{"damage":103,"enemies":"Giant Head","floor":45,"turns":12},{"damage":16,"enemies":"Mysterious Sphere","floor":47,"turns":5},{"damage":9,"enemies":"4 Shapes","floor":48,"turns":7},{"damage":67,"enemies":"Donu and Deca","floor":50,"turns":5}],"event_choices":[{"event_name":"Big Fish","player_choice":"Donut","floor":2.0,"damage_taken":0.0},{"event_name":"Wheel of Change","player_choice":"Curse","floor":11.0,"damage_taken":0.0},{"event_name":"Match and Keep!","player_choice":"2 cards matched","floor":19,"damage_taken":0},{"event_name":"Fountain of Cleansing","player_choice":"Removed Curse","floor":29,"damage_taken":0},{"event_name":"Winding Halls","player_choice":"Writhe","floor":37,"damage_taken":0},{"event_name":"Mysterious Sphere","player_choice":"Fight","floor":47,"damage_taken":0}],"boss_relics":[{"not_picked":["Question Card","Pandora\u0027s Box"],"picked":"Lizard Tail"}],"potions_floor_spawned":[1,13,14,18,24,27,38,41,47,48],"seed_played":"-6855368939309073085","killed_by":"Donu and Deca","ascension_level":5,"is_trial":false}