{"path_per_floor":["M","$","?","M","M","R","M","M","T","R","T","M","R","M","R","B",null,"M","M","M","M","?","R"],"character_chosen":"THE_SILENT","items_purchased":["Flying Knee"],"gold_per_floor":[115,69,69,84,97,97,112,129,129,129,129,149,149,166,166,267,267,278,288,305,319,244,244],"floor_reached":24,"campfire_rested":2,"playtime":924,"current_hp_per_floor":[57,57,57,57,50,50,38,35,35,35,35,24,45,45,45,33,61,50,43,28,13,13,34],"items_purged":[],"gold":244,"score":240,"play_id":"2a7c2cbc-1b03-4ac8-8ea2-624a32214f95","local_time":"20180310011630","is_prod":false,"is_daily":false,"is_ascension_mode":true,"campfire_upgraded":3,"timestamp":1520662590,"path_taken":["M","$","?","?","?","R","M","M","T","R","?","M","R","M","R","BOSS","M","M","M","M","?","R","M"],"build_version":"2018-03-09","purchased_purges":0,"victory":false,"master_deck":["Defend_G","Defend_G","Defend_G","Defend_G","Defend_G","Strike_G+1","Survivor+1","Neutralize","Backflip","Flying Knee+1","Dagger Spray","Heel Hook","Predator+1","Bullet Time+1","Terror","Die Die Die","Terror+1","Slice+1","Quick Slash","Flying Knee+1"],"max_hp_per_floor":[70,70,70,70,70,70,70,70,70,70,70,70,70,70,70,70,70,70,70,70,70,70,70],"relics":["Question Card","Ice Cream","Whetstone","Astrolabe"],"card_choices":[{"not_picked":["Well Laid Plans","Outmaneuver","Deadly Poison"],"picked":"Backflip"},{"not_picked":["Deflect","Outmaneuver","Sucker Punch"],"picked":"Dagger Spray"},{"not_picked":["Distraction","Sucker Punch","Deflect"],"picked":"Heel Hook"},{"not_picked":["Accuracy","Footwork","Dash"],"picked":"Predator"},{"not_picked":["Poisoned Stab","Acrobatics","Deadly Poison"],"picked":"Bullet Time"},{"not_picked":["Setup","Noxious Fumes","Acrobatics"],"picked":"Terror"},{"not_picked":["Envenom","Tools of the Trade","Storm of Steel"],"picked":"Die Die Die"},{"not_picked":["Footwork","Distraction","Flying Knee"],"picked":"Quick Slash"},{"not_picked":["Heel Hook","Cloak And Dagger","Backflip"],"picked":"Flying Knee"}],"player_experience":348454,"potions_floor_usage":[12,16,19,24,24],"damage_taken":[{"damage":13,"enemies":"Cultist","floor":1,"turns":6},{"damage":0,"enemies":"Small Slimes","floor":4,"turns":5},{"damage":7,"enemies":"Jaw Worm","floor":5,"turns":4},{"damage":12,"enemies":"3 Louse","floor":7,"turns":4},{"damage":3,"enemies":"Blue Slaver","floor":8,"turns":3},{"damage":11,"enemies":"Large Slime","floor":12,"turns":4},{"damage":0,"enemies":"2 Fungi Beasts","floor":14,"turns":3},{"damage":27,"enemies":"Hexaghost","floor":16,"turns":8},{"damage":11,"enemies":"3 Byrds","floor":18,"turns":6},{"damage":7,"enemies":"Spheric Guardian","floor":19,"turns":4},{"damage":15,"enemies":"Snecko","floor":20,"turns":4},{"damage":15,"enemies":"Centurion and Healer","floor":21,"turns":6},{"damage":39,"enemies":"Sentry and Sphere","floor":24,"turns":6}],"event_choices":[{"event_name":"Bonfire Elementals","player_choice":"BASIC","floor":3,"damage_taken":0},{"event_name":"Beggar","player_choice":"Gave Gold","floor":22,"damage_taken":0}],"boss_relics":[{"not_picked":["Lizard Tail","Orrery"],"picked":"Astrolabe"}],"potions_floor_spawned":[1,7,12,14,18,21],"seed_played":"-6027369051490779000","killed_by":"Sentry and Sphere","ascension_level":5,"is_trial":false}