{"path_per_floor":["M","?","M","M","$","R","M","R","T","M","M","T","R","$","R","B",null,"M","?","$","M","M","R","E","M","T","M","M","M","R","M","R"],"character_chosen":"THE_SILENT","items_purchased":["Malaise","Caltrops","PiercingWail","Riddle With Holes"],"gold_per_floor":[119,119,137,153,10,10,20,20,20,38,57,57,57,11,11,116,116,130,130,54,74,93,93,119,130,156,170,183,197,197,213,213],"floor_reached":33,"campfire_rested":2,"playtime":1661,"current_hp_per_floor":[70,63,63,63,63,63,48,48,48,48,48,48,48,48,48,38,62,62,62,62,52,49,49,45,39,39,26,26,26,47,37,58],"items_purged":[],"gold":213,"score":329,"play_id":"ad1ddaac-8085-4835-b415-d0c6bd03defc","local_time":"20180314232904","is_prod":false,"is_daily":false,"is_ascension_mode":true,"campfire_upgraded":5,"timestamp":1521084544,"path_taken":["M","?","M","M","?","R","M","R","T","M","M","?","R","$","R","BOSS","M","?","$","M","?","R","E","M","T","M","M","M","R","M","R","BOSS"],"build_version":"2018-03-09","purchased_purges":0,"victory":false,"master_deck":["Defend_G","Defend_G","Defend_G","Defend_G","Defend_G","Strike_G","Survivor","Neutralize","Backflip+1","Cloak And Dagger+1","Blur+1","Malaise","Caltrops","Dagger Spray+1","Outmaneuver","PiercingWail","Die Die Die+1","Adrenaline+1","Underhanded Strike+1","Choke+1","Riddle With Holes","Finisher+1","Predator","Terror+1","Heel Hook"],"max_hp_per_floor":[70,70,70,70,70,70,70,70,70,70,70,70,70,70,70,70,70,70,70,70,70,70,70,70,70,70,70,70,70,70,70,70],"relics":["Ring of the Snake","NeowsBlessing","Thread and Needle","Ice Cream","Astrolabe","Dream Catcher","Bag of Preparation"],"card_choices":[{"not_picked":["Expertise","All Out Attack"],"picked":"Backflip"},{"not_picked":["Deadly Poison","Skewer"],"picked":"Cloak And Dagger"},{"not_picked":["Slice","Skewer"],"picked":"Blur"},{"not_picked":["Skewer","Infinite Blades"],"picked":"Dagger Spray"},{"not_picked":["Catalyst","Dagger Throw"],"picked":"Outmaneuver"},{"not_picked":["Adrenaline","Doppelganger"],"picked":"Die Die Die"},{"not_picked":["PiercingWail","Infinite Blades"],"picked":"Finisher"},{"not_picked":["Sucker Punch","Poisoned Stab"],"picked":"Predator"},{"not_picked":["Endless Agony","Underhanded Strike"],"picked":"Terror"},{"not_picked":["Leg Sweep","Bane"],"picked":"Heel Hook"}],"player_experience":370250,"potions_floor_usage":[25,33,33,33],"damage_taken":[{"damage":0.0,"enemies":"Cultist","floor":1.0,"turns":1.0},{"damage":0.0,"enemies":"Small Slimes","floor":3.0,"turns":1.0},{"damage":0.0,"enemies":"2 Louse","floor":4.0,"turns":1.0},{"damage":15.0,"enemies":"Exordium Thugs","floor":7.0,"turns":7.0},{"damage":0.0,"enemies":"Blue Slaver","floor":10.0,"turns":6.0},{"damage":0.0,"enemies":"2 Fungi Beasts","floor":11.0,"turns":4.0},{"damage":10.0,"enemies":"Hexaghost","floor":16.0,"turns":17.0},{"damage":0.0,"enemies":"3 Byrds","floor":18.0,"turns":3.0},{"damage":10.0,"enemies":"2 Thieves","floor":21.0,"turns":5.0},{"damage":3,"enemies":"3 Cultists","floor":22,"turns":4},{"damage":4,"enemies":"Slavers","floor":24,"turns":7},{"damage":6,"enemies":"Snecko","floor":25,"turns":6},{"damage":13,"enemies":"Slaver and Parasite","floor":27,"turns":11},{"damage":0,"enemies":"Centurion and Healer","floor":28,"turns":9},{"damage":0,"enemies":"Snecko","floor":29,"turns":4},{"damage":10,"enemies":"Sentry and Sphere","floor":31,"turns":4},{"damage":59,"enemies":"Automaton","floor":33,"turns":8}],"event_choices":[{"event_name":"Golden Wing","player_choice":"Card Removal","floor":2.0,"damage_taken":0.0},{"event_name":"The Lab","player_choice":"Got Potions","floor":19.0,"damage_taken":0.0}],"boss_relics":[],"potions_floor_spawned":[4,7,11,21,24,31],"seed_played":"4493769787368395343","killed_by":"Automaton","ascension_level":5,"is_trial":false}