{"path_per_floor":["M","$","?","$","?","M","R","M","T","R","?","M","T","M","R","B",null,"M","?","$","$","M","M","?","M","T","M","M","M","?","M","R"],"character_chosen":"THE_SILENT","items_purchased":["Dagger Throw","Footwork","Oddly Smooth Stone"],"gold_per_floor":[149,21,21,21,21,41,41,61,61,61,61,86,86,107,107,230,230,246,246,33,33,48,63,63,80,80,91,101,114,114,124,124,124],"floor_reached":33,"campfire_rested":1,"playtime":1581,"current_hp_per_floor":[70,70,52,52,52,51,51,51,51,51,51,45,45,43,43,30,64,62,62,62,62,67,60,60,61,61,56,49,54,54,47,69,0],"items_purged":["Strike_G"],"gold":124,"score":301,"play_id":"18ed1eee-588e-4de0-b18e-6c9b44d92491","local_time":"20180325004808","is_prod":false,"is_daily":false,"is_ascension_mode":true,"campfire_upgraded":2,"timestamp":1521953288,"path_taken":["M","$","?","$","?","M","R","?","T","R","?","M","?","M","R","BOSS","M","?","?","$","M","M","?","M","T","M","M","?","?","M","R","BOSS"],"build_version":"2018-03-22v2","purchased_purges":1,"victory":false,"master_deck":["Defend_G","Defend_G","Defend_G","Defend_G","Defend_G","Strike_G","Strike_G+1","Strike_G","Survivor","Neutralize","Cloak And Dagger+1","Riddle With Holes+1","Dagger Throw","Malaise","Dagger Spray","Dagger Throw","Tools of the Trade","Flying Knee","Footwork","Well Laid Plans","Backstab+1","Regret","Heel Hook+1","Terror","Predator"],"max_hp_per_floor":[75,75,75,75,75,75,75,75,75,75,75,75,75,75,75,75,75,75,75,75,75,75,75,75,75,75,75,75,75,75,75,75,75],"relics":["Tiny House","Bloody Idol","Unceasing Top","Shovel","Tough Bandages","Cursed Key","Oddly Smooth Stone","Ginger"],"card_choices":[{"not_picked":["PiercingWail","Dash"],"picked":"Cloak And Dagger","floor":0},{"not_picked":["Underhanded Strike","Outmaneuver"],"picked":"Riddle With Holes","floor":1},{"not_picked":["Sucker Punch","Quick Slash"],"picked":"Malaise","floor":8},{"not_picked":["Bane","Dodge and Roll"],"picked":"Dagger Spray","floor":12},{"not_picked":["Acrobatics","Bane"],"picked":"Dagger Throw","floor":14},{"not_picked":["Venomology","Doppelganger"],"picked":"Tools of the Trade","floor":16},{"not_picked":["Deadly Poison","Malaise"],"picked":"Flying Knee","floor":18},{"not_picked":["Poisoned Stab","Slice"],"picked":"Well Laid Plans","floor":23},{"not_picked":["Masterful Stab","Bane"],"picked":"Backstab","floor":25},{"not_picked":["Skewer","Prepared"],"picked":"Heel Hook","floor":28},{"not_picked":["Sucker Punch","PiercingWail"],"picked":"Terror","floor":29},{"not_picked":["Sucker Punch","Heel Hook"],"picked":"Predator","floor":31}],"player_experience":423087,"potions_floor_usage":[31,33,33,33],"damage_taken":[{"damage":5,"enemies":"Cultist","floor":1,"turns":4},{"damage":1,"enemies":"Small Slimes","floor":6,"turns":3},{"damage":0,"enemies":"2 Louse","floor":8,"turns":2},{"damage":6,"enemies":"Looter","floor":12,"turns":3},{"damage":2,"enemies":"3 Louse","floor":14,"turns":2},{"damage":13,"enemies":"The Guardian","floor":16,"turns":18},{"damage":2,"enemies":"Shell Parasite","floor":18,"turns":7},{"damage":0,"enemies":"3 Byrds","floor":22,"turns":5},{"damage":12,"enemies":"Snecko","floor":23,"turns":6},{"damage":4,"enemies":"Centurion and Healer","floor":25,"turns":7},{"damage":10,"enemies":"Cultist and Chosen","floor":27,"turns":8},{"damage":12,"enemies":"Snake Plant","floor":28,"turns":5},{"damage":0,"enemies":"Centurion and Healer","floor":29,"turns":8},{"damage":24,"enemies":"3 Cultists","floor":31,"turns":6},{"damage":86,"enemies":"Automaton","floor":33,"turns":6}],"event_choices":[{"event_name":"Golden Idol","player_choice":"Take Damage","floor":3,"damage_taken":0},{"event_name":"Liars Game","player_choice":"disagreed","floor":5,"damage_taken":0},{"event_name":"Purifier","player_choice":"One Purge","floor":11,"damage_taken":0},{"event_name":"Forgotten Altar","player_choice":"Gave Idol","floor":19,"damage_taken":0},{"event_name":"Beggar","player_choice":"Ignored","floor":24,"damage_taken":0},{"event_name":"Drug Dealer","player_choice":"Ignored","floor":30,"damage_taken":0}],"boss_relics":[{"not_picked":["Runic Pyramid","Runic Dome"],"picked":"Cursed Key"}],"potions_floor_spawned":[6,12,16,18,27,29,31],"seed_played":"-1204756629427890824","killed_by":"Automaton","ascension_level":5,"is_trial":false}