{"path_per_floor":["M","M","?","$","M","R","M","M","T","?","R","?","M","M","R","B",null],"character_chosen":"THE_SILENT","items_purchased":["Noxious Fumes"],"gold_per_floor":[109,126,126,12,22,22,40,56,82,82,82,82,94,108,108,203,203],"floor_reached":18,"campfire_rested":2,"playtime":607,"current_hp_per_floor":[64,58,58,58,51,51,48,41,41,27,48,48,48,33,54,8,55],"items_purged":["Strike_G"],"gold":203,"score":193,"play_id":"d365881a-1e5c-4c39-bf9d-8423a328fbed","local_time":"20180314124505","is_prod":false,"is_daily":false,"is_ascension_mode":true,"campfire_upgraded":1,"timestamp":1521045905,"path_taken":["M","M","?","$","M","R","M","M","T","?","R","?","M","?","R","BOSS","M"],"build_version":"2018-03-09","purchased_purges":1,"victory":false,"master_deck":["Defend_G+1","Defend_G","Defend_G","Defend_G+1","Defend_G","Strike_G","Strike_G","Survivor","Neutralize","Flying Knee","Noxious Fumes+1","Adrenaline","Noxious Fumes","Footwork","Bane","Deadly Poison","Dagger Spray","After Image"],"max_hp_per_floor":[70,70,70,70,70,70,70,70,70,70,70,70,70,70,70,70,70],"relics":["Ring of the Snake","Pen Nib","Philosopher\u0027s Stone"],"card_choices":[{"not_picked":["All Out Attack","Infinite Blades"],"picked":"Flying Knee"},{"not_picked":["Skewer","Dodge and Roll"],"picked":"Noxious Fumes"},{"not_picked":["Calculated Gamble","Masterful Stab"],"picked":"Footwork"},{"not_picked":["Eviscerate","Quick Slash"],"picked":"Bane"},{"not_picked":["Slice","Acrobatics"],"picked":"Deadly Poison"},{"not_picked":["Flechettes","Burst"],"picked":"Dagger Spray"},{"not_picked":["Venomology","Grand Finale"],"picked":"After Image"}],"player_experience":369643,"potions_floor_usage":[14,18],"damage_taken":[{"damage":6,"enemies":"Cultist","floor":1,"turns":5},{"damage":6,"enemies":"Small Slimes","floor":2,"turns":4},{"damage":7,"enemies":"2 Louse","floor":5,"turns":3},{"damage":3,"enemies":"Blue Slaver","floor":7,"turns":5},{"damage":7,"enemies":"3 Louse","floor":8,"turns":4},{"damage":0,"enemies":"Red Slaver","floor":13,"turns":5},{"damage":15,"enemies":"Gremlin Gang","floor":14,"turns":3},{"damage":46,"enemies":"Slime Boss","floor":16,"turns":9},{"damage":63,"enemies":"3 Byrds","floor":18,"turns":3}],"event_choices":[{"event_name":"Living Wall","player_choice":"Change","floor":3,"damage_taken":0},{"event_name":"Shining Light","player_choice":"Entered Light","floor":10,"damage_taken":0},{"event_name":"Bonfire Elementals","player_choice":"BASIC","floor":12,"damage_taken":0}],"boss_relics":[{"not_picked":["Runic Dome","Calling Bell"],"picked":"Philosopher\u0027s Stone"}],"potions_floor_spawned":[1,2,7,13],"seed_played":"-8147304774836630680","killed_by":"3 Byrds","ascension_level":5,"is_trial":false}