{"path_per_floor":["M","M","$","?","$","E","M","R","T","R","?","M","$","?","R","B",null,"M","?"],"character_chosen":"THE_SILENT","items_purchased":["Bag of Marbles"],"gold_per_floor":[119,132,132,132,132,163,183,183,183,183,183,199,45,145,145,244,244,264,364,304],"floor_reached":20,"campfire_rested":0,"playtime":378,"current_hp_per_floor":[63,63,63,63,63,63,63,63,63,63,68,68,68,68,68,24,62,31,31,13],"items_purged":[],"gold":304,"score":273,"play_id":"15450e04-b9ef-4325-8e1b-a483c0102b03","local_time":"20180324155514","is_prod":false,"is_daily":false,"is_ascension_mode":true,"campfire_upgraded":3,"timestamp":1521924914,"path_taken":["M","M","$","?","$","E","M","R","T","R","?","M","?","?","R","BOSS","M","?","M"],"build_version":"2018-03-22v2","purchased_purges":1,"victory":false,"master_deck":["Defend_G","Defend_G","Defend_G","Defend_G","Defend_G","Strike_G","Strike_G","Strike_G","Strike_G","Strike_G","Survivor","Neutralize+1","Dagger Spray+1","Neutralize","Dash","Phantasmal Killer+1","Phantasmal Killer","Acrobatics+1"],"max_hp_per_floor":[70,70,70,70,70,70,70,70,70,70,75,75,75,75,75,75,75,75,75,75],"relics":["Ring of the Snake","NeowsBlessing","Ornamental Fan","Girya","Bag of Marbles","Eternal Feather"],"card_choices":[{"not_picked":["Heel Hook","Deadly Poison"],"picked":"Dagger Spray","floor":1},{"not_picked":["Leg Sweep","Underhanded Strike"],"picked":"Dash","floor":7},{"not_picked":["Deflect","Flechettes"],"picked":"Phantasmal Killer","floor":12},{"not_picked":["Venomology","Corpse Explosion"],"picked":"Phantasmal Killer","floor":16},{"not_picked":["PiercingWail","Concentrate"],"picked":"Acrobatics","floor":18}],"player_experience":392138,"potions_floor_usage":[16,18],"damage_taken":[{"damage":0,"enemies":"Small Slimes","floor":1,"turns":1},{"damage":0,"enemies":"Cultist","floor":2,"turns":1},{"damage":0,"enemies":"3 Sentries","floor":6,"turns":1},{"damage":0,"enemies":"2 Louse","floor":7,"turns":3},{"damage":0,"enemies":"2 Fungi Beasts","floor":12,"turns":2},{"damage":44,"enemies":"Slime Boss","floor":16,"turns":8},{"damage":31,"enemies":"Spheric Guardian","floor":18,"turns":8},{"damage":18,"enemies":"2 Thieves","floor":20,"turns":3}],"event_choices":[{"event_name":"Match and Keep!","player_choice":"1 cards matched","floor":4,"damage_taken":0},{"event_name":"Big Fish","player_choice":"Donut","floor":11,"damage_taken":0},{"event_name":"Golden Shrine","player_choice":"Pray","floor":14,"damage_taken":0},{"event_name":"Golden Shrine","player_choice":"Pray","floor":19,"damage_taken":0}],"boss_relics":[{"not_picked":["Orrery","Runic Pyramid"],"picked":"Eternal Feather"}],"potions_floor_spawned":[6,7,12],"seed_played":"7274129333773826667","killed_by":"2 Thieves","ascension_level":8,"is_trial":false}