{"path_per_floor":["M","?","M","M","?","R","M","M","T","T","?","R","M","M","R","B",null,"M","M","?","M","$","E","R","M","T","$","R","?","M","M","R"],"character_chosen":"THE_SILENT","items_purchased":["Catalyst","Noxious Fumes","Bandage Up","Block Potion"],"gold_per_floor":[113,113,128,146,146,146,162,173,200,200,200,200,213,237,237,356,356,356,356,356,356,70,70,70,70,70,19,19,19,19,19,19],"floor_reached":33,"campfire_rested":4,"playtime":1072,"current_hp_per_floor":[52,52,49,48,48,69,65,65,65,65,65,65,64,63,63,28,60,59,49,49,28,28,10,31,4,4,4,25,25,27,22,43],"items_purged":["Injury"],"gold":19,"score":339,"play_id":"a3a313e4-95a0-4fdd-9193-7053e48f71c6","local_time":"20180314074735","is_prod":false,"is_daily":false,"is_ascension_mode":true,"campfire_upgraded":2,"timestamp":1521031655,"path_taken":["M","?","M","M","?","R","M","M","T","?","?","R","M","M","R","BOSS","M","M","?","M","$","E","R","M","T","$","R","?","M","M","R","BOSS"],"build_version":"2018-03-09","purchased_purges":1,"victory":false,"master_deck":["Defend_G","Defend_G","Defend_G","Defend_G","Defend_G","Strike_G","Strike_G","Strike_G","Strike_G","Survivor","Neutralize","Dagger Spray","Well Laid Plans","Outmaneuver","Outmaneuver","Bouncing Flask+1","Deadly Poison+1","Bane","Glass Knife","Bouncing Flask+1","Corpse Explosion","Catalyst","Noxious Fumes","Bandage Up","Bouncing Flask","PiercingWail","Deadly Poison"],"max_hp_per_floor":[70,70,70,70,70,70,70,70,70,70,70,70,70,70,70,70,70,70,70,70,70,70,70,70,70,70,70,70,70,70,70,70],"relics":["Ring of the Snake","Snake Skull","Bronze Scales","Torii","Bloody Idol","Ectoplasm","Pen Nib","Bag of Marbles"],"card_choices":[{"not_picked":["Acrobatics","Underhanded Strike"],"picked":"Dagger Spray"},{"not_picked":["Dodge and Roll","All Out Attack"],"picked":"Well Laid Plans"},{"not_picked":["Bane","Prepared"],"picked":"Outmaneuver"},{"not_picked":["Infinite Blades","Well Laid Plans"],"picked":"Bouncing Flask"},{"not_picked":["Caltrops","Malaise"],"picked":"Deadly Poison"},{"not_picked":["Dagger Spray","Flechettes"],"picked":"Bane"},{"not_picked":["Storm of Steel","Doppelganger"],"picked":"Glass Knife"},{"not_picked":["Escape Plan","Dagger Spray"],"picked":"Bouncing Flask"},{"not_picked":["Bane","Envenom"],"picked":"Bouncing Flask"},{"not_picked":["Quick Slash","Outmaneuver"],"picked":"PiercingWail"},{"not_picked":["Backstab","Poisoned Stab"],"picked":"Deadly Poison"}],"player_experience":359340,"potions_floor_usage":[13,13,19,23,23,31,33],"damage_taken":[{"damage":11,"enemies":"Jaw Worm","floor":1,"turns":7},{"damage":3,"enemies":"Small Slimes","floor":3,"turns":4},{"damage":1,"enemies":"2 Louse","floor":4,"turns":2},{"damage":4,"enemies":"Blue Slaver","floor":7,"turns":4},{"damage":0,"enemies":"Large Slime","floor":8,"turns":6},{"damage":1,"enemies":"Exordium Thugs","floor":13,"turns":3},{"damage":1,"enemies":"2 Fungi Beasts","floor":14,"turns":3},{"damage":35,"enemies":"Hexaghost","floor":16,"turns":7},{"damage":1,"enemies":"3 Byrds","floor":18,"turns":3},{"damage":10,"enemies":"Spheric Guardian","floor":19,"turns":4},{"damage":21,"enemies":"Snake Plant","floor":21,"turns":3},{"damage":22,"enemies":"Gremlin Leader","floor":23,"turns":5},{"damage":31,"enemies":"Slaver and Parasite","floor":25,"turns":4},{"damage":2,"enemies":"Centurion and Healer","floor":30,"turns":5},{"damage":9,"enemies":"Snake Plant","floor":31,"turns":2},{"damage":57,"enemies":"Automaton","floor":33,"turns":6}],"event_choices":[{"event_name":"Liars Game","player_choice":"disagreed","floor":2,"damage_taken":0},{"event_name":"Living Wall","player_choice":"Change","floor":5,"damage_taken":0},{"event_name":"Golden Idol","player_choice":"Take Wound","floor":11,"damage_taken":0},{"event_name":"The Library","player_choice":"Read","floor":20,"damage_taken":0},{"event_name":"Forgotten Altar","player_choice":"Gave Idol","floor":29,"damage_taken":0}],"boss_relics":[{"not_picked":["White Beast Statue","Lizard Tail"],"picked":"Ectoplasm"}],"potions_floor_spawned":[3,8,14,16,18,21,31],"seed_played":"4036921064812410951","killed_by":"Automaton","ascension_level":6,"is_trial":false}