{"path_per_floor":["M","$","?","M","?","R","E","M","T","R","E","R","M","M","R","B",null,"M","M","M","M","M","R","M","M","T","M","R","?"],"character_chosen":"THE_SILENT","items_purchased":["Vajra","Dash"],"gold_per_floor":[219,38,38,48,48,48,79,94,94,94,124,124,144,162,162,267,267,278,297,311,331,349,349,366,376,376,387,387,387,387],"floor_reached":30,"campfire_rested":3,"playtime":828,"current_hp_per_floor":[60,60,60,60,60,60,29,29,29,50,45,45,45,45,66,36,62,62,46,44,37,37,58,49,43,43,37,37,37,0],"items_purged":[],"gold":387,"score":370,"play_id":"0b70dff6-f1be-45c2-bf0d-d030d20323a8","local_time":"20180324160934","is_prod":false,"is_daily":false,"is_ascension_mode":true,"campfire_upgraded":3,"timestamp":1521925774,"path_taken":["M","$","?","M","?","R","E","M","T","R","E","R","M","M","R","BOSS","M","?","M","M","M","R","M","M","T","M","R","?","M"],"build_version":"2018-03-22v2","purchased_purges":0,"victory":false,"master_deck":["Defend_G","Defend_G","Defend_G","Defend_G","Defend_G","Strike_G","Strike_G","Strike_G","Survivor","Neutralize","Flying Knee","Dash","Glass Knife+1","Backflip","Flying Knee","Caltrops","Backflip","Glass Knife+1","Expertise","Predator","Die Die Die","Dagger Spray","Malaise+1","Flying Knee","Flying Knee+1","Acrobatics","Dagger Throw+1","Decay"],"max_hp_per_floor":[70,70,70,70,70,70,70,70,70,70,70,70,70,70,70,70,70,70,70,70,70,70,70,70,70,70,70,70,70,70],"relics":["Ring of the Snake","Vajra","Prayer Wheel","Tingsha","Dream Catcher","Philosopher\u0027s Stone","Tough Bandages"],"card_choices":[{"not_picked":["Outmaneuver","All Out Attack"],"picked":"Flying Knee","floor":1.0},{"not_picked":["Footwork","Calculated Gamble"],"picked":"Backflip","floor":4.0},{"not_picked":["Bane","Prepared"],"picked":"Flying Knee","floor":7.0},{"not_picked":["Poisoned Stab","Riddle With Holes"],"picked":"Caltrops","floor":8.0},{"not_picked":["Crippling Poison","PiercingWail"],"picked":"Backflip","floor":9.0},{"not_picked":["Underhanded Strike","After Image"],"picked":"Glass Knife","floor":11.0},{"not_picked":["Dagger Spray","Poisoned Stab"],"picked":"Expertise","floor":13.0},{"not_picked":["Quick Slash","Caltrops"],"picked":"Predator","floor":15.0},{"not_picked":["Wraith Form","Glass Knife"],"picked":"Die Die Die","floor":16.0},{"not_picked":["Concentrate","Slice"],"picked":"Dagger Spray","floor":18.0},{"not_picked":["Dagger Spray","Bouncing Flask"],"picked":"Malaise","floor":23.0},{"not_picked":["Dagger Spray","Endless Agony"],"picked":"Flying Knee","floor":24.0},{"not_picked":["Slice","Poisoned Stab"],"picked":"Flying Knee","floor":25.0},{"not_picked":["Slice","Prepared"],"picked":"Acrobatics","floor":26.0},{"not_picked":["Tools of the Trade","Backflip"],"picked":"Dagger Throw","floor":27}],"player_experience":392516,"potions_floor_usage":[27],"damage_taken":[{"damage":3.0,"enemies":"2 Louse","floor":1.0,"turns":3.0},{"damage":0.0,"enemies":"Jaw Worm","floor":4.0,"turns":2.0},{"damage":31.0,"enemies":"Lagavulin","floor":7.0,"turns":6.0},{"damage":0.0,"enemies":"Cultist","floor":8.0,"turns":2.0},{"damage":5.0,"enemies":"Gremlin Nob","floor":11.0,"turns":3.0},{"damage":0.0,"enemies":"Looter","floor":13.0,"turns":3.0},{"damage":0.0,"enemies":"Gremlin Gang","floor":14.0,"turns":3.0},{"damage":30.0,"enemies":"Hexaghost","floor":16.0,"turns":7.0},{"damage":0.0,"enemies":"Spheric Guardian","floor":18.0,"turns":1.0},{"damage":16.0,"enemies":"3 Byrds","floor":19.0,"turns":3.0},{"damage":2.0,"enemies":"3 Cultists","floor":20.0,"turns":4.0},{"damage":7.0,"enemies":"Snecko","floor":21.0,"turns":5.0},{"damage":0.0,"enemies":"Centurion and Healer","floor":22.0,"turns":4.0},{"damage":9.0,"enemies":"Cultist and Chosen","floor":24.0,"turns":5.0},{"damage":6.0,"enemies":"Snecko","floor":25.0,"turns":4.0},{"damage":6,"enemies":"Snake Plant","floor":27,"turns":4},{"damage":40,"enemies":"Slaver and Parasite","floor":30,"turns":4}],"event_choices":[{"event_name":"Living Wall","player_choice":"Change","floor":3.0,"damage_taken":0.0},{"event_name":"Wheel of Change","player_choice":"Card Removal","floor":5.0,"damage_taken":0.0},{"event_name":"Forgotten Altar","player_choice":"Smashed Altar","floor":29,"damage_taken":0}],"boss_relics":[],"potions_floor_spawned":[4,7,14,18,22,24,25],"seed_played":"8328764698052246445","killed_by":"Slaver and Parasite","ascension_level":8,"is_trial":false}