{"path_per_floor":["M","?","?","?","$","E","M","E","T","M","M","R","$","M","R","B",null,"M","?","?","M","?","R","M","R","T","?","T","R","E","$","R","B",null,"M","?","M","M","?","R","E","R","T","?","?","R","E","M","R"],"character_chosen":"THE_SILENT","items_purchased":["Noxious Fumes","Well Laid Plans","Lantern"],"gold_per_floor":[116,116,116,116,41,73,91,123,123,141,160,160,22,32,32,127,127,138,138,138,154,154,154,171,171,196,121,167,167,193,8,8,113,113,127,127,141,151,500,500,532,532,588,588,588,588,613,629,629],"floor_reached":50,"campfire_rested":4,"playtime":1765,"current_hp_per_floor":[63,63,68,68,68,68,68,58,58,54,51,51,51,44,44,39,66,62,62,62,59,59,59,59,59,59,59,59,59,22,22,59,48,68,49,68,68,68,37,74,21,58,58,58,58,58,58,39,75],"items_purged":["Normality","Strike_G"],"gold":629,"score":859,"play_id":"d44f1238-d980-491e-9579-9e20591e0af4","local_time":"20180318121948","is_prod":false,"is_daily":false,"is_ascension_mode":true,"campfire_upgraded":6,"timestamp":1521393588,"path_taken":["M","?","?","?","$","E","M","E","T","?","M","R","$","M","R","BOSS","M","?","?","M","?","R","?","R","T","?","?","R","E","?","R","BOSS","M","?","M","M","?","R","E","R","T","?","?","R","E","?","R","BOSS"],"build_version":"2018-03-15v3","purchased_purges":2,"victory":false,"master_deck":["Defend_G+1","Defend_G+1","Defend_G+1","Defend_G+1","Defend_G+1","Strike_G+1","Strike_G+1","Survivor","Neutralize","PiercingWail","Deflect","After Image+1","Bouncing Flask+1","Wraith Form","Deadly Poison","Noxious Fumes+1","Crippling Poison+1","Bullet Time+1","Bouncing Flask+1","Purity","Footwork","PiercingWail","Well Laid Plans","Tools of the Trade","Writhe","Acrobatics","Acrobatics+1","Catalyst"],"max_hp_per_floor":[70,70,75,75,75,75,75,75,75,75,75,75,75,75,75,75,75,75,75,75,75,75,75,75,75,75,75,75,75,75,75,75,75,75,75,75,75,75,75,75,75,75,75,75,75,75,75,75,75],"relics":["Ring of the Snake","NeowsBlessing","Bag of Marbles","Snake Skull","Dream Catcher","Calipers","Sozu","Regal Pillow","Orichalcum","Bottled Flame","Lantern","The Specimen","Old Coin","Darkstone Periapt","Tiny Chest","Vajra"],"card_choices":[{"not_picked":["Infinite Blades","Acrobatics"],"picked":"PiercingWail"},{"not_picked":["Endless Agony","Well Laid Plans"],"picked":"After Image"},{"not_picked":["Setup","Deflect"],"picked":"Bouncing Flask"},{"not_picked":["Deflect","Cloak And Dagger"],"picked":"Wraith Form"},{"not_picked":["Flying Knee","Acrobatics"],"picked":"Deadly Poison"},{"not_picked":["Finisher","Concentrate"],"picked":"Crippling Poison"},{"not_picked":["Venomology","Wraith Form"],"picked":"Bullet Time"},{"not_picked":["Deflect","Poisoned Stab"],"picked":"Bouncing Flask"},{"not_picked":["Eviscerate","Slice"],"picked":"Footwork"},{"not_picked":["Outmaneuver","Wraith Form"],"picked":"PiercingWail"},{"not_picked":["Phantasmal Killer","Glass Knife"],"picked":"Tools of the Trade"},{"not_picked":["Bane","Concentrate"],"picked":"Acrobatics"},{"not_picked":["Underhanded Strike","Endless Agony"],"picked":"Acrobatics"},{"not_picked":["Adrenaline","Endless Agony"],"picked":"Catalyst"}],"player_experience":371610,"potions_floor_usage":[8,30,50],"damage_taken":[{"damage":0,"enemies":"Jaw Worm","floor":1,"turns":1},{"damage":0,"enemies":"Lagavulin","floor":6,"turns":1},{"damage":0,"enemies":"2 Louse","floor":7,"turns":1},{"damage":10,"enemies":"3 Sentries","floor":8,"turns":8},{"damage":4,"enemies":"Small Slimes","floor":10,"turns":4},{"damage":3,"enemies":"Looter","floor":11,"turns":3},{"damage":7,"enemies":"3 Louse","floor":14,"turns":3},{"damage":5,"enemies":"The Guardian","floor":16,"turns":8},{"damage":4,"enemies":"Spheric Guardian","floor":18,"turns":4},{"damage":3,"enemies":"Shell Parasite","floor":21,"turns":4},{"damage":0,"enemies":"Sentry and Sphere","floor":24,"turns":4},{"damage":37,"enemies":"Gremlin Leader","floor":30,"turns":8},{"damage":11,"enemies":"Automaton","floor":33,"turns":8},{"damage":19,"enemies":"3 Darklings","floor":35,"turns":7},{"damage":0,"enemies":"3 Shapes","floor":37,"turns":5},{"damage":0,"enemies":"Sphere and 2 Shapes","floor":38,"turns":5},{"damage":31,"enemies":"Mysterious Sphere","floor":39,"turns":7},{"damage":53,"enemies":"2 Orb Walkers","floor":41,"turns":5},{"damage":0,"enemies":"Nemesis","floor":47,"turns":7},{"damage":19,"enemies":"Maw","floor":48,"turns":6},{"damage":80,"enemies":"Awakened One","floor":50,"turns":4}],"event_choices":[{"event_name":"Living Wall","player_choice":"Change","floor":2,"damage_taken":0},{"event_name":"Big Fish","player_choice":"Donut","floor":3,"damage_taken":0},{"event_name":"Accursed Blacksmith","player_choice":"Rummage","floor":4,"damage_taken":0},{"event_name":"The Lab","player_choice":"Got Potions","floor":19,"damage_taken":0},{"event_name":"Match and Keep!","player_choice":"1 cards matched","floor":20,"damage_taken":0},{"event_name":"Back to Basics","player_choice":"Simplicity","floor":22,"damage_taken":0},{"event_name":"Beggar","player_choice":"Gave Gold","floor":27,"damage_taken":0},{"event_name":"Winding Halls","player_choice":"Writhe","floor":36,"damage_taken":0},{"event_name":"Mysterious Sphere","player_choice":"Fight","floor":39,"damage_taken":0},{"event_name":"Tomb of Lord Red Mask","player_choice":"Ignored","floor":44,"damage_taken":0},{"event_name":"The Woman in Blue","player_choice":"Bought 0 Potions","floor":45,"damage_taken":0}],"boss_relics":[{"not_picked":["Ectoplasm","Snecko Eye"],"picked":"Sozu"},{"not_picked":["Runic Dome","Astrolabe"],"picked":"The Specimen"}],"potions_floor_spawned":[1,6,11,18,21,33,35,41],"seed_played":"-4938183886805629523","killed_by":"Awakened One","ascension_level":7,"is_trial":false}