{"path_per_floor":["M","?","T","M","M","R","E","M","T","$","R","E","R","?","R","B",null,"M","M","M","M","$","R","M","R","T","$","R","M","?","M","R","B",null,"M","$","M","?","M","E","M","E","T","E","R","M","M","M","R"],"character_chosen":"THE_SILENT","items_purchased":["Tiny Chest","Paper Crane","Darkstone Periapt","Mind Blast","Transmutation","Skewer","Blue Candle","Blood Vial","Bag of Preparation","Dark Shackles","War Paint","Vajra","Dodecahedron","Doppelganger","Torii","Matryoshka","Pen Nib","Master of Strategy","Jack Of All Trades"],"gold_per_floor":[17,17,69,87,103,103,129,141,167,233,233,268,268,518,518,616,616,636,651,663,680,39,39,55,55,55,9449,9449,9460,9460,9480,9480,9580,9580,9595,8578,8598,8644,8664,8691,8701,8736,8736,8769,8769,8787,8802,8819,8819,8819],"floor_reached":50,"campfire_rested":3,"playtime":1278,"current_hp_per_floor":[70,70,70,70,70,70,70,70,70,70,70,72,72,78,78,78,78,78,80,80,82,82,82,84,84,86,86,86,86,86,88,88,88,88,268,268,260,262,251,250,251,253,261,264,264,263,267,271,271,271],"items_purged":[],"gold":8819,"score":1173,"play_id":"234eac26-64a9-4384-b23d-4268c2dc23f5","local_time":"20180402234455","is_prod":false,"is_daily":false,"is_ascension_mode":false,"campfire_upgraded":5,"timestamp":1522727095,"path_taken":["M","?","?","M","?","R","E","M","T","$","R","E","R","?","R","BOSS","M","M","M","M","$","R","M","R","T","$","R","M","?","M","R","BOSS","M","$","M","?","M","E","M","E","T","E","R","M","M","M","R","BOSS"],"build_version":"2018-03-29v2","purchased_purges":0,"victory":false,"master_deck":["Shiv+1","Shiv+1","Shiv+1","Shiv+1","Shiv+1","Shiv+1","Shiv+1","Shiv+1","Shiv+1","Shiv+1","Shiv+1","Shiv+1","Shiv+1","Shiv+1","Shiv+1","Shiv+1","Shiv+1","Shiv+1","Shiv+1","Shiv+1","Shiv+1","Shiv+1","Shiv+1","Shiv+1","Shiv+1","Shiv+1","Shiv+1","Shiv+1","Shiv+1","Shiv+1","Shiv+1","Shiv+1","Shiv+1","Shiv+1","Shiv+1","Shiv+1","Shiv+1","Shiv+1","Shiv+1","Shiv+1","Shiv+1","Shiv+1","Shiv+1","Shiv+1","Shiv+1","Shiv+1","Shiv+1","Shiv+1","Shiv+1","Shiv+1","Shiv+1","Shiv+1","Shiv+1","Shiv+1","Shiv+1","Shiv+1","Shiv+1","Shiv+1","Shiv+1","Shiv+1","Shiv+1","Shiv+1","Shiv+1","Shiv+1","Shiv+1","Shiv+1","Shiv+1","Shiv+1","Shiv+1","Shiv+1","Shiv+1","Shiv+1","Shiv+1","Shiv+1","Shiv+1","Shiv+1","Shiv+1","Shiv+1","Shiv+1","Shiv+1","Shiv+1","Shiv+1","Shiv+1","Shiv+1","Shiv+1","Shiv+1","Shiv+1","Shiv+1","Shiv+1","Shiv+1","Shiv+1","Shiv+1","Shiv+1","Shiv+1","Shiv+1","Shiv+1","Shiv+1","Shiv+1","Shiv+1","Shiv+1","Shiv+1","Blade Dance+1","Transmutation+1","Phantasmal Killer+1","Malaise+1","Endless Agony+1","Dark Shackles+1","Doppelganger","Choke+1","After Image","Endless Agony+1","Clumsy","Clumsy","Clumsy","Clumsy","Clumsy","Clumsy","Clumsy","Clumsy","Clumsy","Clumsy","Clumsy","Clumsy","Clumsy","Clumsy","Clumsy","Clumsy","Clumsy","Clumsy","Clumsy","Clumsy","Clumsy","Clumsy","Clumsy","Clumsy","Clumsy","Clumsy","Clumsy","Clumsy","Clumsy","Clumsy","Master of Strategy","Jack Of All Trades","Deflect+1","Clumsy","Endless Agony"],"max_hp_per_floor":[70,70,70,70,70,70,70,70,70,70,70,72,72,78,78,78,78,78,80,80,82,82,82,84,84,86,86,86,86,86,88,88,88,88,268,268,270,272,274,276,276,278,286,288,288,288,290,292,292,292],"relics":["Ring of the Snake","Happy Flower","Unceasing Top","Prayer Wheel","Tiny Chest","Paper Crane","Darkstone Periapt","Singing Bowl","Black Star","Blue Candle","Blood Vial","Bag of Preparation","Art of War","War Paint","Vajra","Dodecahedron","Nloth\u0027s Gift","Cursed Key","Du-Vu Doll","Torii","Matryoshka","Pen Nib","Shovel","Mummified Hand","Mercury Hourglass","Ornamental Fan","Ancient Tea Set","Juzu Bracelet","Whetstone","Ginger","Anchor","Oddly Smooth Stone","Bottled Flame","Molten Egg 2"],"card_choices":[{"not_picked":["Outmaneuver","Bane"],"picked":"Blade Dance","floor":7},{"not_picked":["Slice","Malaise","Dagger Spray"],"picked":"Skewer","floor":8},{"not_picked":["After Image","Die Die Die","Storm of Steel"],"picked":"Phantasmal Killer","floor":16},{"not_picked":["Slice","Footwork","Distraction"],"picked":"Malaise","floor":18},{"not_picked":["Slice","Caltrops","Infinite Blades"],"picked":"Endless Agony","floor":20},{"not_picked":["Slice","Prepared","Bane"],"picked":"Choke","floor":29},{"not_picked":["Storm of Steel","Phantasmal Killer"],"picked":"After Image","floor":33},{"not_picked":["Sucker Punch","Reflex"],"picked":"Endless Agony","floor":35},{"not_picked":["Cloak And Dagger","Blade Dance"],"picked":"Deflect","floor":41},{"not_picked":["Doppelganger","Dagger Spray"],"picked":"Endless Agony","floor":46}],"player_experience":194053,"potions_floor_usage":[50,50,50],"damage_taken":[{"damage":0,"enemies":"Jaw Worm","floor":1,"turns":1},{"damage":0,"enemies":"Cultist","floor":4,"turns":1},{"damage":0,"enemies":"2 Louse","floor":5,"turns":1},{"damage":0,"enemies":"Lagavulin","floor":7,"turns":1},{"damage":0,"enemies":"Exordium Wildlife","floor":8,"turns":1},{"damage":0,"enemies":"3 Sentries","floor":12,"turns":1},{"damage":0,"enemies":"Slime Boss","floor":16,"turns":1},{"damage":0,"enemies":"Chosen","floor":18,"turns":1},{"damage":0,"enemies":"Shell Parasite","floor":19,"turns":1},{"damage":0,"enemies":"Centurion and Healer","floor":20,"turns":1},{"damage":0,"enemies":"Cultist and Chosen","floor":21,"turns":1},{"damage":0,"enemies":"Chosen and Byrds","floor":24,"turns":1},{"damage":0,"enemies":"Sentry and Sphere","floor":29,"turns":1},{"damage":0,"enemies":"Centurion and Healer","floor":31,"turns":1},{"damage":0,"enemies":"Automaton","floor":33,"turns":1},{"damage":0,"enemies":"3 Darklings","floor":35,"turns":1},{"damage":10,"enemies":"3 Shapes","floor":37,"turns":1},{"damage":2,"enemies":"Mysterious Sphere","floor":38,"turns":1},{"damage":15,"enemies":"Sphere and 2 Shapes","floor":39,"turns":1},{"damage":5,"enemies":"Giant Head","floor":40,"turns":1},{"damage":1,"enemies":"Maw","floor":41,"turns":1},{"damage":2,"enemies":"2 Orb Walkers","floor":42,"turns":1},{"damage":1,"enemies":"Giant Head","floor":44,"turns":1},{"damage":3,"enemies":"3 Darklings","floor":46,"turns":1},{"damage":0,"enemies":"Sphere and 2 Shapes","floor":47,"turns":1},{"damage":0,"enemies":"4 Shapes","floor":48,"turns":1},{"damage":5,"enemies":"Awakened One","floor":50,"turns":2}],"event_choices":[{"event_name":"Upgrade Shrine","player_choice":"Upgraded","floor":2,"damage_taken":0},{"event_name":"Golden Shrine","player_choice":"Desecrate","floor":14,"damage_taken":0},{"event_name":"N\u0027loth","player_choice":"Traded a Question Card","floor":30,"damage_taken":0},{"event_name":"Mysterious Sphere","player_choice":"Fight","floor":38,"damage_taken":0}],"boss_relics":[{"not_picked":["Runic Dome","Sozu"],"picked":"Black Star"},{"not_picked":["The Specimen","White Beast Statue"],"picked":"Cursed Key"}],"potions_floor_spawned":[4,7,8,16,18,20,21,37,39,40,47],"seed_played":"6945946045520202747","killed_by":"Awakened One","ascension_level":0,"is_trial":false}