{"path_per_floor":["M","M","M","M","M","R","?","?","T","M","R","E","$","M","R","B",null,"M","$","M"],"character_chosen":"THE_SILENT","items_purchased":["Catalyst"],"gold_per_floor":[10,21,35,45,59,59,59,59,59,77,77,104,64,80,80,181,181,191,116,130,130],"floor_reached":21,"campfire_rested":0,"playtime":917,"current_hp_per_floor":[51,51,50,50,38,38,26,70,70,64,64,55,55,48,48,22,58,34,34,40,0],"items_purged":["Strike_G"],"gold":130,"score":247,"play_id":"c43e84b5-a505-4844-b680-1fb7f053e597","local_time":"20180402224807","is_prod":false,"is_daily":false,"is_ascension_mode":true,"campfire_upgraded":3,"timestamp":1522723687,"path_taken":["M","M","M","M","M","R","?","?","T","M","R","E","?","M","R","BOSS","M","$","M","M"],"build_version":"2018-03-29v2","purchased_purges":1,"victory":false,"master_deck":["Defend_G","Defend_G","Defend_G","Defend_G","Defend_G","Strike_G","Strike_G","Strike_G","Strike_G","Survivor","Neutralize","Noxious Fumes+1","Cloak And Dagger","Sucker Punch+1","Dash+1","Catalyst","PiercingWail","Envenom","Bouncing Flask+1","Backflip"],"max_hp_per_floor":[70,70,70,70,70,70,70,70,70,70,70,70,70,70,70,70,70,70,70,70,70],"relics":["Ring of the Snake","Sundial","Blood Vial","Snake Skull","Art of War","Velvet Choker"],"card_choices":[{"not_picked":["Backstab","Backflip"],"picked":"Noxious Fumes","floor":2},{"not_picked":["Predator","Eviscerate"],"picked":"Cloak And Dagger","floor":3},{"not_picked":["Acrobatics","Dodge and Roll"],"picked":"Sucker Punch","floor":4},{"not_picked":["Dagger Throw","All Out Attack"],"picked":"Escape Plan","floor":5},{"not_picked":["Slice","Outmaneuver"],"picked":"Dash","floor":12},{"not_picked":["Sucker Punch","Predator"],"picked":"PiercingWail","floor":14},{"not_picked":["Bullet Time","Tactician"],"picked":"Envenom","floor":16},{"not_picked":["Predator","Masterful Stab"],"picked":"Bouncing Flask","floor":18},{"not_picked":["Outmaneuver","Eviscerate"],"picked":"Backflip","floor":20}],"player_experience":490545,"potions_floor_usage":[12,18,20,21],"damage_taken":[{"damage":12,"enemies":"Small Slimes","floor":1,"turns":5},{"damage":0,"enemies":"Cultist","floor":2,"turns":4},{"damage":1,"enemies":"Jaw Worm","floor":3,"turns":5},{"damage":0,"enemies":"Blue Slaver","floor":4,"turns":5},{"damage":12,"enemies":"3 Louse","floor":5,"turns":4},{"damage":6,"enemies":"2 Fungi Beasts","floor":10,"turns":4},{"damage":11,"enemies":"3 Sentries","floor":12,"turns":5},{"damage":9,"enemies":"Large Slime","floor":14,"turns":6},{"damage":28,"enemies":"The Guardian","floor":16,"turns":9},{"damage":26,"enemies":"2 Thieves","floor":18,"turns":5},{"damage":11,"enemies":"Shell Parasite","floor":20,"turns":5},{"damage":58,"enemies":"3 Cultists","floor":21,"turns":5}],"event_choices":[{"event_name":"Scrap Ooze","player_choice":"success","floor":7,"damage_taken":12},{"event_name":"Bonfire Elementals","player_choice":"UNCOMMON","floor":8,"damage_taken":0}],"boss_relics":[{"not_picked":["White Beast Statue","Calling Bell"],"picked":"Velvet Choker"}],"potions_floor_spawned":[3,4,5,12,16,20],"seed_played":"7123817195026927307","killed_by":"3 Cultists","ascension_level":7,"is_trial":false}