{"path_per_floor":["M","M","$","?","?","R","E","R","T","R","M","R","M","?","R","B",null,"M","M","?"],"character_chosen":"THE_SILENT","items_purchased":["Riddle With Holes"],"gold_per_floor":[117,135,55,55,55,55,88,88,139,139,157,157,172,247,247,347,347,360,379,304,304],"floor_reached":21,"campfire_rested":0,"playtime":787,"current_hp_per_floor":[63,63,63,56,61,61,61,61,61,61,52,52,46,35,35,15,60,50,47,47,0],"items_purged":[],"gold":304,"score":263,"play_id":"aecbaca9-ae4f-4218-8531-2ebd92e41d3f","local_time":"20180327223043","is_prod":false,"is_daily":false,"is_ascension_mode":true,"campfire_upgraded":5,"timestamp":1522204243,"path_taken":["M","M","?","?","?","R","E","R","T","R","?","R","M","?","R","BOSS","M","M","?","M"],"build_version":"2018-03-22v2","purchased_purges":0,"victory":false,"master_deck":["Defend_G","Defend_G","Defend_G","Defend_G","Defend_G","Strike_G","Strike_G","Strike_G","Survivor+1","Neutralize+1","Dagger Spray+1","Riddle With Holes+1","Dash+1","Cloak And Dagger","PiercingWail","Night Terror","Well Laid Plans","Dagger Throw","Blur","Flying Knee","Unload","Backflip"],"max_hp_per_floor":[70,70,70,70,75,75,75,75,75,75,75,75,75,75,75,75,75,75,75,75,75],"relics":["Ring of the Snake","NeowsBlessing","Toolbox","Prayer Wheel","Orrery"],"card_choices":[{"not_picked":["Deadly Poison","Terror"],"picked":"Dagger Spray","floor":1},{"not_picked":["Catalyst","Outmaneuver"],"picked":"Dash","floor":7},{"not_picked":["Skewer","Outmaneuver"],"picked":"Cloak And Dagger","floor":11},{"not_picked":["Masterful Stab","Concentrate"],"picked":"PiercingWail","floor":13},{"not_picked":["Grand Finale","Venomology"],"picked":"Night Terror","floor":16},{"not_picked":["Crippling Poison","Acrobatics"],"picked":"Well Laid Plans","floor":17},{"not_picked":["Deflect","Flying Knee"],"picked":"Dagger Throw","floor":17},{"not_picked":["Deflect","Dagger Spray"],"picked":"Blur","floor":17},{"not_picked":["PiercingWail","Predator"],"picked":"Flying Knee","floor":17},{"not_picked":["Deadly Poison","Leg Sweep"],"picked":"Unload","floor":18},{"not_picked":["Caltrops","Dagger Spray"],"picked":"Backflip","floor":19}],"player_experience":450522,"potions_floor_usage":[16],"damage_taken":[{"damage":0,"enemies":"Cultist","floor":1,"turns":1},{"damage":0,"enemies":"Small Slimes","floor":2,"turns":1},{"damage":0,"enemies":"3 Sentries","floor":7,"turns":1},{"damage":9,"enemies":"Jaw Worm","floor":11,"turns":2},{"damage":6,"enemies":"2 Fungi Beasts","floor":13,"turns":3},{"damage":20,"enemies":"The Guardian","floor":16,"turns":14},{"damage":10,"enemies":"3 Byrds","floor":18,"turns":7},{"damage":3,"enemies":"Shell Parasite","floor":19,"turns":7},{"damage":47,"enemies":"Chosen and Byrds","floor":21,"turns":9}],"event_choices":[{"event_name":"Golden Wing","player_choice":"Card Removal","floor":4,"damage_taken":0},{"event_name":"Big Fish","player_choice":"Donut","floor":5,"damage_taken":0},{"event_name":"World of Goop","player_choice":"Gather Gold","floor":14,"damage_taken":0},{"event_name":"Beggar","player_choice":"Gave Gold","floor":20,"damage_taken":0}],"boss_relics":[{"not_picked":["Runic Pyramid","Runic Dome"],"picked":"Orrery"}],"potions_floor_spawned":[2,7,11,19],"seed_played":"7021265883400086651","killed_by":"Chosen and Byrds","ascension_level":6,"is_trial":false}