{"path_per_floor":["M","$","M","M","?","E","R","M","T","R","M","M","M","M","R","B",null,"M","?","M","M","?","R","M","$","T","R","E","R","?","M","R","B",null,"M","$","?","M","?","R","M","R","T","$","?","?","M","E","R","B"],"character_chosen":"THE_SILENT","items_purchased":["Doppelganger","Pantograph","Predator","Bag of Preparation"],"gold_per_floor":[115,41,53,66,141,166,166,180,207,207,218,231,249,267,267,362,362,380,380,400,414,329,329,341,8,34,34,59,59,59,69,69,167,167,179,22,0,12,12,12,29,29,108,33,33,33,47,73,73,73],"floor_reached":51,"campfire_rested":8,"playtime":2723,"current_hp_per_floor":[69,69,69,69,58,49,70,44,44,65,54,54,28,10,31,10,70,46,30,30,25,32,55,25,25,25,48,35,58,58,46,46,44,77,77,77,77,65,65,65,39,62,62,62,62,62,51,13,36,11],"items_purged":["Regret"],"gold":73,"score":724,"play_id":"a697224b-a248-4d32-88ec-2a2ac6a86eb2","local_time":"20180401195010","is_prod":false,"is_daily":false,"is_ascension_mode":false,"campfire_upgraded":2,"timestamp":1522626610,"path_taken":["M","$","M","M","?","E","R","M","T","R","?","M","M","?","R","BOSS","M","?","?","M","?","R","M","$","T","R","E","R","?","M","R","BOSS","M","$","?","?","?","R","M","R","T","?","?","?","M","E","R","BOSS"],"build_version":"2018-03-29v2","purchased_purges":1,"victory":true,"master_deck":["Defend_G","Defend_G","Defend_G","Defend_G","Strike_G","Strike_G","Strike_G","Strike_G","Strike_G","Neutralize+1","Heel Hook","Doppelganger","Prepared+1","Calculated Gamble","Well Laid Plans","Bullet Time","Underhanded Strike","Noxious Fumes","Riddle With Holes","Dagger Throw","Envenom","Adrenaline+1","Backflip+1","Slice+1","Backstab","Predator","Dagger Throw","Predator","Underhanded Strike","Glass Knife","Choke+1","Catalyst+1","Eviscerate+1","Escape Plan+1","Dagger Spray+1","Envenom","Underhanded Strike"],"max_hp_per_floor":[70,70,70,70,70,70,70,70,70,70,70,70,70,70,70,70,70,70,70,70,70,77,77,77,77,77,77,77,77,77,77,77,77,77,77,77,77,77,77,77,77,77,77,77,77,77,77,77,77,77],"relics":["Ring of the Snake","Dream Catcher","Snake Skull","Snecko Eye","Nilry\u0027s Codex","Strawberry","Pantograph","Ancient Tea Set","Nloth\u0027s Gift","Cursed Key","Bag of Preparation","Red Mask","Kunai","Oddly Smooth Stone"],"card_choices":[{"not_picked":["Flying Knee","Dagger Throw"],"picked":"Heel Hook","floor":1},{"not_picked":["Flying Knee","Predator"],"picked":"Prepared","floor":3},{"not_picked":["Dagger Spray","Quick Slash"],"picked":"Calculated Gamble","floor":4},{"not_picked":["All Out Attack","Finisher"],"picked":"Well Laid Plans","floor":6},{"not_picked":["Backflip","Dagger Throw"],"picked":"Bullet Time","floor":7},{"not_picked":["Dash","Deadly Poison"],"picked":"Underhanded Strike","floor":8},{"not_picked":["Expertise","Prepared"],"picked":"Noxious Fumes","floor":12},{"not_picked":["Flying Knee","Dagger Spray"],"picked":"Riddle With Holes","floor":13},{"not_picked":["Endless Agony","Finisher"],"picked":"Dagger Throw","floor":14},{"not_picked":["Blur","Bane"],"picked":"Envenom","floor":15},{"not_picked":["Phantasmal Killer","Grand Finale"],"picked":"Adrenaline","floor":16},{"not_picked":["Blur","Flying Knee"],"picked":"Backflip","floor":18},{"not_picked":["Backflip","Underhanded Strike"],"picked":"Slice","floor":20},{"not_picked":["Bouncing Flask","Flechettes"],"picked":"Backstab","floor":24},{"not_picked":["Expertise","Backflip"],"picked":"Dagger Throw","floor":27},{"not_picked":["Bullet Time","Poisoned Stab"],"picked":"Predator","floor":28},{"not_picked":["Quick Slash","Dodge and Roll","Prepared"],"picked":"Underhanded Strike","floor":29},{"not_picked":["Venomology","Storm of Steel"],"picked":"Glass Knife","floor":33},{"not_picked":["Dodge and Roll","Outmaneuver"],"picked":"Choke","floor":35},{"not_picked":["PiercingWail","Outmaneuver"],"picked":"Catalyst","floor":38},{"not_picked":["Dodge and Roll","Bane"],"picked":"Eviscerate","floor":41},{"not_picked":["Flechettes","All Out Attack"],"picked":"Escape Plan","floor":42},{"not_picked":["Acrobatics","Prepared"],"picked":"Dagger Spray","floor":47},{"not_picked":["Dagger Spray","Dodge and Roll"],"picked":"Envenom","floor":48},{"not_picked":["Slice","Quick Slash"],"picked":"Underhanded Strike","floor":49}],"player_experience":177951,"potions_floor_usage":[6,6,11,12,16,21,31,33,33,48,48,48,50],"damage_taken":[{"damage":1,"enemies":"2 Louse","floor":1,"turns":4},{"damage":0,"enemies":"Jaw Worm","floor":3,"turns":3},{"damage":0,"enemies":"Cultist","floor":4,"turns":3},{"damage":9,"enemies":"3 Sentries","floor":6,"turns":10},{"damage":26,"enemies":"Gremlin Gang","floor":8,"turns":9},{"damage":11,"enemies":"Large Slime","floor":11,"turns":7},{"damage":0,"enemies":"Exordium Wildlife","floor":12,"turns":4},{"damage":26,"enemies":"Exordium Thugs","floor":13,"turns":6},{"damage":18,"enemies":"Gremlin Gang","floor":14,"turns":4},{"damage":21,"enemies":"Slime Boss","floor":16,"turns":8},{"damage":24,"enemies":"Spheric Guardian","floor":18,"turns":4},{"damage":0,"enemies":"Chosen","floor":20,"turns":2},{"damage":14,"enemies":"Centurion and Healer","floor":21,"turns":4},{"damage":30,"enemies":"Snake Plant","floor":24,"turns":4},{"damage":13,"enemies":"Gremlin Leader","floor":28,"turns":3},{"damage":12,"enemies":"Slaver and Parasite","floor":31,"turns":3},{"damage":27,"enemies":"Automaton","floor":33,"turns":6},{"damage":0,"enemies":"3 Shapes","floor":35,"turns":3},{"damage":12,"enemies":"Orb Walker","floor":38,"turns":3},{"damage":26,"enemies":"3 Darklings","floor":41,"turns":3},{"damage":11,"enemies":"4 Shapes","floor":47,"turns":2},{"damage":38,"enemies":"Nemesis","floor":48,"turns":5},{"damage":50,"enemies":"Donu and Deca","floor":50,"turns":5}],"event_choices":[{"event_name":"World of Goop","player_choice":"Gather Gold","floor":5,"damage_taken":0},{"event_name":"Cursed Tome","player_choice":"Obtained Book","floor":19,"damage_taken":0},{"event_name":"Addict","player_choice":"Obtained Relic","floor":22,"damage_taken":0},{"event_name":"N\u0027loth","player_choice":"Traded a Question Card","floor":30,"damage_taken":0},{"event_name":"Tomb of Lord Red Mask","player_choice":"Paid","floor":37,"damage_taken":0},{"event_name":"Purifier","player_choice":"One Purge","floor":45,"damage_taken":0},{"event_name":"Mysterious Sphere","player_choice":"Ignore","floor":46,"damage_taken":0}],"boss_relics":[{"not_picked":["Lizard Tail","Eternal Feather"],"picked":"Snecko Eye"},{"not_picked":["Astrolabe","Black Star"],"picked":"Cursed Key"}],"potions_floor_spawned":[1,4,8,11,12,18,20,28,31,38,47],"seed_played":"-4765144168358536676","ascension_level":0,"is_trial":false}