{"path_per_floor":["M","M","M","?","?","T","M","E","T","E","M","M","R","M","R","B",null,"M","$","?","$","M","R","M","R","T","?","M","E"],"character_chosen":"THE_SILENT","items_purchased":["Panacea","Noxious Fumes","Lantern"],"gold_per_floor":[112,124,139,214,214,268,283,309,356,384,399,419,419,403,403,506,506,524,350,350,33,49,49,66,66,66,66,84,116,116],"floor_reached":30,"campfire_rested":3,"playtime":1372,"current_hp_per_floor":[60,57,56,45,45,45,36,33,33,16,15,7,28,23,44,31,60,51,51,35,35,34,55,52,52,52,52,49,15,0],"items_purged":["Strike_G","Strike_G"],"gold":116,"score":354,"play_id":"02f3de21-58d6-4f39-af84-293190a56821","local_time":"20180331170334","is_prod":false,"is_daily":false,"is_ascension_mode":true,"campfire_upgraded":1,"timestamp":1522530214,"path_taken":["M","M","M","?","?","?","M","E","T","E","?","M","R","M","R","BOSS","M","$","?","$","M","R","M","R","T","?","M","E","?"],"build_version":"2018-03-29v2","purchased_purges":2,"victory":false,"master_deck":["Defend_G","Defend_G","Defend_G","Defend_G","Defend_G","Strike_G","Strike_G","Survivor","Neutralize","Footwork","Quick Slash","Caltrops","Leg Sweep","Calculated Gamble","Escape Plan","Bouncing Flask","Backstab","Outmaneuver","Glass Knife","Deadly Poison+1","Panacea","Noxious Fumes+1","Bane","Deflect+1","Acrobatics","Flying Knee"],"max_hp_per_floor":[70,70,70,70,70,70,70,70,70,70,70,70,70,70,70,70,70,70,70,70,70,70,70,70,70,70,70,70,70,70],"relics":["Runic Pyramid","Orichalcum","Centennial Puzzle","Ancient Tea Set","Dream Catcher","The Specimen","Enchiridion","Lantern","Du-Vu Doll","Gremlin Horn"],"card_choices":[{"not_picked":["Quick Slash","Dagger Throw"],"picked":"Footwork","floor":1},{"not_picked":["Poisoned Stab","Underhanded Strike"],"picked":"Quick Slash","floor":2},{"not_picked":["Outmaneuver","Deadly Poison"],"picked":"Caltrops","floor":3},{"not_picked":["Footwork","Flying Knee"],"picked":"Leg Sweep","floor":8},{"not_picked":["Masterful Stab","Prepared"],"picked":"Calculated Gamble","floor":10},{"not_picked":["Burst","Caltrops"],"picked":"Escape Plan","floor":11},{"not_picked":["Heel Hook","Endless Agony"],"picked":"Bouncing Flask","floor":12},{"not_picked":["Quick Slash","Sucker Punch"],"picked":"Backstab","floor":14},{"not_picked":["Reflex","Accuracy"],"picked":"Outmaneuver","floor":15},{"not_picked":["Doppelganger","Venomology"],"picked":"Glass Knife","floor":16},{"not_picked":["Cloak And Dagger","PiercingWail"],"picked":"Deadly Poison","floor":18},{"not_picked":["Slice","Quick Slash"],"picked":"Bane","floor":22},{"not_picked":["Well Laid Plans","Flying Knee"],"picked":"Deflect","floor":24},{"not_picked":["Dodge and Roll","Endless Agony"],"picked":"Acrobatics","floor":28},{"not_picked":["Deadly Poison","Dagger Throw"],"picked":"Flying Knee","floor":29}],"player_experience":473274,"potions_floor_usage":[8,10,16,18,24,29,29],"damage_taken":[{"damage":3,"enemies":"Jaw Worm","floor":1,"turns":8},{"damage":3,"enemies":"Cultist","floor":2,"turns":5},{"damage":1,"enemies":"Small Slimes","floor":3,"turns":5},{"damage":9,"enemies":"Exordium Wildlife","floor":7,"turns":7},{"damage":18,"enemies":"3 Sentries","floor":8,"turns":12},{"damage":17,"enemies":"Lagavulin","floor":10,"turns":11},{"damage":1,"enemies":"Looter","floor":11,"turns":5},{"damage":8,"enemies":"Blue Slaver","floor":12,"turns":5},{"damage":5,"enemies":"Exordium Thugs","floor":14,"turns":4},{"damage":13,"enemies":"Hexaghost","floor":16,"turns":10},{"damage":9,"enemies":"Spheric Guardian","floor":18,"turns":5},{"damage":1,"enemies":"Chosen","floor":22,"turns":4},{"damage":3,"enemies":"Centurion and Healer","floor":24,"turns":8},{"damage":3,"enemies":"Snecko","floor":28,"turns":7},{"damage":34,"enemies":"Slavers","floor":29,"turns":5},{"damage":19,"enemies":"Snake Plant","floor":30,"turns":1}],"event_choices":[{"event_name":"World of Goop","player_choice":"Gather Gold","floor":4,"damage_taken":0},{"event_name":"Golden Idol","player_choice":"Ignored","floor":5,"damage_taken":0},{"event_name":"Cursed Tome","player_choice":"Obtained Book","floor":20,"damage_taken":0},{"event_name":"Back to Basics","player_choice":"Elegance","floor":27,"damage_taken":0}],"boss_relics":[{"not_picked":["Black Star","Eternal Feather"],"picked":"The Specimen"}],"potions_floor_spawned":[2,3,8,12,14,22,24],"seed_played":"-3395991866019807753","killed_by":"Snake Plant","ascension_level":7,"is_trial":false}