{"path_per_floor":["M","?","M","M","?","R","E","M","T","M","M","R","M","?","R","B",null,"M","M","?","?","$","R","E","M","T","?","R","M","$","M","R","B",null,"M","?","?","$","T","R","M","$","T","M","M","M","?","M","R"],"character_chosen":"THE_SILENT","items_purchased":["Mango","Bane","Bouncing Flask"],"gold_per_floor":[118,118,128,146,246,246,271,291,363,381,394,394,408,433,433,531,531,531,456,456,456,144,144,144,144,144,144,144,144,144,144,144,144,144,144,144,144,50,50,50,50,50,50,50,50,50,50,50,50,50],"floor_reached":50,"campfire_rested":5,"playtime":2500,"current_hp_per_floor":[55,55,55,53,53,53,40,40,40,37,30,30,30,22,43,12,56,49,26,13,13,27,53,34,14,14,14,40,47,47,24,50,15,71,64,53,53,53,53,53,50,50,50,48,42,23,23,11,37,0],"items_purged":[],"gold":50,"score":664,"play_id":"c3532e95-cf54-4c59-b760-5cb06ae5157d","local_time":"20180325234433","is_prod":false,"is_daily":false,"is_ascension_mode":true,"campfire_upgraded":3,"timestamp":1522035873,"path_taken":["M","?","?","M","?","R","E","M","T","M","M","R","?","?","R","BOSS","M","M","?","?","$","R","E","M","T","?","R","?","$","M","R","BOSS","M","?","?","?","?","R","M","$","T","M","M","?","?","M","R","BOSS"],"build_version":"2018-03-22v2","purchased_purges":1,"victory":false,"master_deck":["Defend_G","Defend_G","Defend_G","Defend_G","Defend_G","Strike_G","Strike_G","Strike_G","Survivor+1","Neutralize","Noxious Fumes+1","Corpse Explosion+1","Cloak And Dagger","Catalyst","Cloak And Dagger","Dagger Throw","Predator","Backstab","After Image","Blade Dance","Sucker Punch","Backflip+1","Flechettes","Burst","Catalyst","Madness","Madness","Bane","Bouncing Flask","Backflip+1","Terror","Envenom"],"max_hp_per_floor":[70,70,70,70,70,70,70,70,70,70,70,70,70,70,70,70,70,70,70,75,75,89,89,89,89,89,89,89,89,89,89,89,89,89,89,89,89,89,89,89,89,89,89,89,89,89,89,89,89,89],"relics":["Ring of the Snake","Centennial Puzzle","Bottled Tornado","Odd Mushroom","Ectoplasm","Mango","Anchor","Old Coin","Sozu","Omamori","Tiny Chest"],"card_choices":[{"not_picked":["Sucker Punch","Heel Hook"],"picked":"Noxious Fumes","floor":1.0},{"not_picked":["Catalyst","Slice"],"picked":"Cloak And Dagger","floor":3.0},{"not_picked":["Caltrops","Backflip"],"picked":"Catalyst","floor":4.0},{"not_picked":["Prepared","Quick Slash"],"picked":"Cloak And Dagger","floor":10.0},{"not_picked":["Cloak And Dagger","Underhanded Strike"],"picked":"Dagger Throw","floor":11.0},{"not_picked":["Deflect","Choke"],"picked":"Predator","floor":13.0},{"not_picked":["Dodge and Roll","Leg Sweep"],"picked":"Backstab","floor":14.0},{"not_picked":["Corpse Explosion","Venomology"],"picked":"After Image","floor":16},{"not_picked":["Concentrate","Deflect"],"picked":"Sucker Punch","floor":25},{"not_picked":["Bane","Dodge and Roll"],"picked":"Backflip","floor":29},{"not_picked":["Slice","Dodge and Roll"],"picked":"Flechettes","floor":31},{"not_picked":["Corpse Explosion","Bullet Time"],"picked":"Burst","floor":33},{"not_picked":["Skewer","Expertise"],"picked":"Catalyst","floor":35},{"not_picked":["Sucker Punch","Quick Slash"],"picked":"Backflip","floor":41},{"not_picked":["Dodge and Roll","Leg Sweep"],"picked":"Terror","floor":44},{"not_picked":["Choke","Skewer"],"picked":"Envenom","floor":48}],"player_experience":429252,"potions_floor_usage":[24,24,25,29,33,41],"damage_taken":[{"damage":15.0,"enemies":"Jaw Worm","floor":1.0,"turns":6.0},{"damage":0.0,"enemies":"2 Louse","floor":3.0,"turns":3.0},{"damage":2.0,"enemies":"Cultist","floor":4.0,"turns":6.0},{"damage":13.0,"enemies":"3 Sentries","floor":7.0,"turns":6.0},{"damage":0.0,"enemies":"Large Slime","floor":8.0,"turns":6.0},{"damage":3.0,"enemies":"Red Slaver","floor":10.0,"turns":4.0},{"damage":7.0,"enemies":"2 Fungi Beasts","floor":11.0,"turns":4.0},{"damage":0.0,"enemies":"Blue Slaver","floor":13.0,"turns":4.0},{"damage":8.0,"enemies":"The Mushroom Lair","floor":14.0,"turns":4.0},{"damage":31,"enemies":"Hexaghost","floor":16,"turns":10},{"damage":7,"enemies":"Chosen","floor":18,"turns":4},{"damage":23,"enemies":"2 Thieves","floor":19,"turns":4},{"damage":34,"enemies":"Book of Stabbing","floor":24,"turns":7},{"damage":35,"enemies":"Cultist and Chosen","floor":25,"turns":7},{"damage":8,"enemies":"Centurion and Healer","floor":29,"turns":7},{"damage":23,"enemies":"Snecko","floor":31,"turns":6},{"damage":35,"enemies":"Collector","floor":33,"turns":11},{"damage":7,"enemies":"3 Shapes","floor":35,"turns":6},{"damage":3,"enemies":"Orb Walker","floor":41,"turns":3},{"damage":2,"enemies":"Maw","floor":44,"turns":7},{"damage":6,"enemies":"4 Shapes","floor":45,"turns":4},{"damage":19,"enemies":"Sphere and 2 Shapes","floor":46,"turns":6},{"damage":12,"enemies":"3 Darklings","floor":48,"turns":5},{"damage":37,"enemies":"Donu and Deca","floor":50,"turns":4}],"event_choices":[{"event_name":"Living Wall","player_choice":"Change","floor":2.0,"damage_taken":0.0},{"event_name":"Wheel of Change","player_choice":"Gold","floor":5.0,"damage_taken":0.0},{"event_name":"Mushrooms","player_choice":"Fought Mushrooms","floor":14.0,"damage_taken":0.0},{"event_name":"Forgotten Altar","player_choice":"Shed Blood","floor":20,"damage_taken":0},{"event_name":"Transmorgrifier","player_choice":"Transform","floor":21,"damage_taken":0},{"event_name":"Drug Dealer","player_choice":"Ignored","floor":27,"damage_taken":0},{"event_name":"Winding Halls","player_choice":"Embrace Madness","floor":36,"damage_taken":0},{"event_name":"Tomb of Lord Red Mask","player_choice":"Ignored","floor":37,"damage_taken":0},{"event_name":"Accursed Blacksmith","player_choice":"Ignore","floor":47,"damage_taken":0}],"boss_relics":[{"not_picked":["Philosopher\u0027s Stone","Eternal Feather"],"picked":"Ectoplasm"},{"not_picked":["Cursed Key","Orrery"],"picked":"Sozu"}],"potions_floor_spawned":[3,7,8,11,16,19,25,29,33,35,44,46],"seed_played":"5585507239536825335","killed_by":"Donu and Deca","ascension_level":5,"is_trial":false}