{"path_per_floor":["M","?","$","?","M","E","R","M","T","?","R","M","M","M","R","B",null,"M","?","M","M","?","R","$","M","T","R","$","?","E","M","R"],"character_chosen":"THE_SILENT","items_purchased":["Backflip","Heel Hook","A Thousand Cuts"],"gold_per_floor":[114,114,64,64,83,113,113,131,212,212,212,229,245,258,258,353,353,368,293,303,322,322,322,116,126,126,126,51,51,85,95,95,95],"floor_reached":33,"campfire_rested":0,"playtime":1197,"current_hp_per_floor":[70,56,56,44,44,44,44,44,44,44,44,38,34,34,34,21,58,58,58,52,49,49,49,49,46,46,46,46,69,53,47,47,0],"items_purged":["Doubt"],"gold":95,"score":365,"play_id":"e572d7c7-c7c2-401f-99e2-e8d4968cf057","local_time":"20180326191335","is_prod":false,"is_daily":false,"is_ascension_mode":true,"campfire_upgraded":6,"timestamp":1522106015,"path_taken":["M","?","$","?","?","E","R","M","T","?","R","M","M","M","R","BOSS","M","?","M","M","?","R","$","M","T","R","$","?","E","?","R","BOSS"],"build_version":"2018-03-22v2","purchased_purges":1,"victory":false,"master_deck":["Defend_G","Defend_G","Defend_G","Defend_G+1","Defend_G","Strike_G","Strike_G","Strike_G+1","Strike_G","Survivor","Neutralize+1","Dagger Spray","Backflip+1","Dagger Throw+1","Predator+1","Flying Knee","Malaise","Backstab","Sucker Punch+1","Bullet Time","Blade Dance+1","Heel Hook","A Thousand Cuts+1","PiercingWail","Reflex+1","Backflip+1"],"max_hp_per_floor":[70,70,70,70,70,70,70,70,70,70,70,70,70,70,70,70,70,70,70,70,70,70,70,70,70,70,70,70,70,70,70,70,70],"relics":["Ring of the Snake","NeowsBlessing","Snake Skull","Paper Crane","Pantograph","Cursed Key","Bird Faced Urn","Bronze Scales"],"card_choices":[{"not_picked":["Dodge and Roll","Flying Knee"],"picked":"Dagger Spray","floor":1},{"not_picked":["Poisoned Stab","Accuracy"],"picked":"Dagger Throw","floor":5},{"not_picked":["Outmaneuver","Finisher"],"picked":"Predator","floor":6},{"not_picked":["Outmaneuver","Cloak And Dagger"],"picked":"Flying Knee","floor":8},{"not_picked":["Eviscerate","Choke"],"picked":"Malaise","floor":12},{"not_picked":["Caltrops","Outmaneuver"],"picked":"Backstab","floor":13},{"not_picked":["Deadly Poison","Malaise"],"picked":"Sucker Punch","floor":14},{"not_picked":["Unload","Grand Finale"],"picked":"Bullet Time","floor":16},{"not_picked":["Expertise","Caltrops"],"picked":"Blade Dance","floor":18},{"not_picked":["Infinite Blades","Bane"],"picked":"PiercingWail","floor":25},{"not_picked":["PiercingWail","Cloak And Dagger"],"picked":"Reflex","floor":30},{"not_picked":["Bane","Cloak And Dagger"],"picked":"Backflip","floor":31}],"player_experience":439328,"potions_floor_usage":[16,21,33],"damage_taken":[{"damage":0,"enemies":"2 Louse","floor":1,"turns":1},{"damage":0,"enemies":"Jaw Worm","floor":5,"turns":1},{"damage":0,"enemies":"Gremlin Nob","floor":6,"turns":1},{"damage":0,"enemies":"Small Slimes","floor":8,"turns":2},{"damage":6,"enemies":"Blue Slaver","floor":12,"turns":4},{"damage":4,"enemies":"Red Slaver","floor":13,"turns":3},{"damage":0,"enemies":"Exordium Thugs","floor":14,"turns":3},{"damage":38,"enemies":"Slime Boss","floor":16,"turns":14},{"damage":0,"enemies":"Shell Parasite","floor":18,"turns":4},{"damage":6,"enemies":"2 Thieves","floor":20,"turns":4},{"damage":3,"enemies":"Snake Plant","floor":21,"turns":6},{"damage":3,"enemies":"3 Cultists","floor":25,"turns":4},{"damage":17,"enemies":"Book of Stabbing","floor":30,"turns":5},{"damage":8,"enemies":"Snecko","floor":31,"turns":5},{"damage":71,"enemies":"Collector","floor":33,"turns":9}],"event_choices":[{"event_name":"Shining Light","player_choice":"Entered Light","floor":2,"damage_taken":0},{"event_name":"Scrap Ooze","player_choice":"success","floor":4,"damage_taken":12},{"event_name":"Liars Game","player_choice":"disagreed","floor":10,"damage_taken":0},{"event_name":"Beggar","player_choice":"Gave Gold","floor":19,"damage_taken":0},{"event_name":"Vampires","player_choice":"Ignored","floor":22,"damage_taken":0},{"event_name":"The Library","player_choice":"Heal","floor":29,"damage_taken":0}],"boss_relics":[{"not_picked":["Calling Bell","Orrery"],"picked":"Cursed Key"}],"potions_floor_spawned":[5,8,14,20,30,31],"seed_played":"-470629558443701175","killed_by":"Collector","ascension_level":5,"is_trial":false}