{"path_per_floor":["M","M","M","T","$","M","R","E","T","R","M","R","$","E","R","B",null,"M","M","?","M","$"],"character_chosen":"THE_SILENT","items_purchased":["Infinite Blades","Escape Plan","Underhanded Strike"],"gold_per_floor":[116,134,147,147,3,23,23,49,73,73,93,93,18,49,49,146,146,162,181,81,100,48,48],"floor_reached":23,"campfire_rested":1,"playtime":1271,"current_hp_per_floor":[70,64,64,74,74,74,74,48,48,72,65,65,65,62,62,52,80,68,54,54,35,35,0],"items_purged":["Defend_G"],"gold":48,"score":201,"play_id":"8584e911-786a-4cc4-957d-ba1c2fe9d186","local_time":"20180329141024","is_prod":false,"is_daily":false,"is_ascension_mode":false,"campfire_upgraded":3,"timestamp":1522347024,"path_taken":["M","M","?","?","?","M","R","E","T","R","M","R","$","E","R","BOSS","M","M","?","M","$","E"],"build_version":"2018-03-22v2","purchased_purges":1,"victory":false,"master_deck":["Defend_G","Defend_G","Defend_G","Defend_G","Strike_G","Strike_G","Strike_G","Strike_G","Strike_G","Survivor","Neutralize+1","Riddle With Holes","Prepared+1","Infinite Blades","Escape Plan","Burst","Acrobatics","Leg Sweep","Skewer+1","Night Terror","Skewer","Backstab","J.A.X.","Blade Dance","Underhanded Strike"],"max_hp_per_floor":[70,70,70,80,80,80,80,80,80,80,80,80,80,80,80,80,80,80,80,80,80,80,80],"relics":["Ring of the Snake","Pear","Tingsha","Ancient Tea Set","Orichalcum","Velvet Choker"],"card_choices":[{"not_picked":["Cloak And Dagger","Acrobatics"],"picked":"Riddle With Holes","floor":1},{"not_picked":["PiercingWail","Outmaneuver"],"picked":"Prepared","floor":3},{"not_picked":["Malaise","Quick Slash"],"picked":"Burst","floor":6},{"not_picked":["Riddle With Holes","Dagger Throw"],"picked":"Acrobatics","floor":8},{"not_picked":["Poisoned Stab","Quick Slash"],"picked":"Leg Sweep","floor":11},{"not_picked":["Quick Slash","Escape Plan"],"picked":"Skewer","floor":14},{"not_picked":["Unload","Venomology"],"picked":"Night Terror","floor":16},{"not_picked":["Deadly Poison","Leg Sweep"],"picked":"Skewer","floor":18},{"not_picked":["Expertise","Dagger Throw"],"picked":"Backstab","floor":19},{"not_picked":["Bane","Sucker Punch"],"picked":"Blade Dance","floor":21}],"player_experience":154085,"potions_floor_usage":[8,8,16],"damage_taken":[{"damage":0,"enemies":"Cultist","floor":1,"turns":4},{"damage":6,"enemies":"Jaw Worm","floor":2,"turns":7},{"damage":0,"enemies":"Small Slimes","floor":3,"turns":4},{"damage":0,"enemies":"Blue Slaver","floor":6,"turns":4},{"damage":39,"enemies":"Gremlin Nob","floor":8,"turns":6},{"damage":7,"enemies":"Lots of Slimes","floor":11,"turns":4},{"damage":3,"enemies":"Lagavulin","floor":14,"turns":6},{"damage":10,"enemies":"Slime Boss","floor":16,"turns":10},{"damage":12,"enemies":"Chosen","floor":18,"turns":6},{"damage":14,"enemies":"2 Thieves","floor":19,"turns":4},{"damage":19,"enemies":"Snake Plant","floor":21,"turns":5},{"damage":40,"enemies":"Slavers","floor":23,"turns":4}],"event_choices":[{"event_name":"Drug Dealer","player_choice":"Got JAXXED","floor":20,"damage_taken":0}],"boss_relics":[{"not_picked":["Tiny House","Question Card"],"picked":"Velvet Choker"}],"potions_floor_spawned":[2,3,11,21],"seed_played":"2512848982416882538","killed_by":"Slavers","ascension_level":0,"is_trial":false}