{"path_per_floor":["M","M","?","M","?","R","E","$","T","M","M","?","R","M","R","B",null,"M","$","?","?","M","R","M","M","T","M","M","M","M","M","R"],"character_chosen":"THE_SILENT","items_purchased":["Flying Knee","Lantern"],"gold_per_floor":[117,136,136,148,148,148,180,85,167,178,194,194,194,204,204,305,305,318,116,116,116,127,127,145,158,208,224,234,245,264,277,277,277],"floor_reached":33,"campfire_rested":3,"playtime":1182,"current_hp_per_floor":[70,70,63,63,56,56,28,28,28,25,25,25,46,46,46,6,54,51,51,51,38,36,58,57,37,37,32,32,32,32,32,54,0],"items_purged":["Strike_G","Strike_G"],"gold":277,"score":319,"play_id":"2ebf311e-147f-458f-93c2-24d66212b43c","local_time":"20180326193348","is_prod":false,"is_daily":false,"is_ascension_mode":true,"campfire_upgraded":2,"timestamp":1522107228,"path_taken":["M","?","?","M","?","R","E","$","T","M","M","?","R","?","R","BOSS","M","$","?","?","M","R","M","?","T","M","M","M","M","M","R","BOSS"],"build_version":"2018-03-22v2","purchased_purges":2,"victory":false,"master_deck":["Defend_G","Defend_G","Defend_G","Defend_G","Defend_G","Survivor","Neutralize","Sucker Punch","Riddle With Holes+1","Flying Knee","Backstab+1","Escape Plan","Backflip+1","Glass Knife+1","Dagger Throw+1","Flying Knee+1","PiercingWail","Flechettes+1","Corpse Explosion+1","Backflip","Slice+1","Dash+1","Backflip+1","Heel Hook+1"],"max_hp_per_floor":[70,70,70,70,70,70,70,70,70,70,70,70,70,70,70,70,70,70,70,70,75,75,75,75,75,75,75,75,75,75,75,75,75],"relics":["Ring of the Snake","NeowsBlessing","Smiling Mask","Tingsha","Molten Egg 2","Orrery","Lantern","Pen Nib"],"card_choices":[{"not_picked":["Dodge and Roll","Unload"],"picked":"Sucker Punch","floor":1},{"not_picked":["Sucker Punch","Calculated Gamble"],"picked":"Riddle With Holes","floor":2},{"not_picked":["Calculated Gamble","Sucker Punch"],"picked":"Backstab","floor":10},{"not_picked":["Acrobatics","Flying Knee"],"picked":"Escape Plan","floor":11},{"not_picked":["Blur","Underhanded Strike"],"picked":"Backflip","floor":14},{"not_picked":["Tactician","Venomology"],"picked":"Glass Knife","floor":16},{"not_picked":["Caltrops","Distraction"],"picked":"Dagger Throw","floor":17},{"not_picked":["Well Laid Plans","Choke"],"picked":"Flying Knee","floor":17},{"not_picked":["Dodge and Roll","Bouncing Flask"],"picked":"PiercingWail","floor":17},{"not_picked":["Sucker Punch","Deadly Poison"],"picked":"Flechettes","floor":18},{"not_picked":["Sucker Punch","Dodge and Roll"],"picked":"Backflip","floor":22},{"not_picked":["Flechettes","Acrobatics"],"picked":"Slice","floor":24},{"not_picked":["Sucker Punch","Bane"],"picked":"Dash","floor":27},{"not_picked":["After Image","Dodge and Roll"],"picked":"Backflip","floor":28},{"not_picked":["Concentrate","Acrobatics"],"picked":"Heel Hook","floor":31}],"player_experience":440525,"potions_floor_usage":[16,16,25,30,33,33],"damage_taken":[{"damage":0,"enemies":"Cultist","floor":1,"turns":1},{"damage":0,"enemies":"2 Louse","floor":2,"turns":1},{"damage":0,"enemies":"Small Slimes","floor":4,"turns":1},{"damage":28,"enemies":"Gremlin Nob","floor":7,"turns":5},{"damage":3,"enemies":"Looter","floor":10,"turns":3},{"damage":0,"enemies":"3 Louse","floor":11,"turns":3},{"damage":0,"enemies":"Red Slaver","floor":14,"turns":4},{"damage":40,"enemies":"Slime Boss","floor":16,"turns":17},{"damage":3,"enemies":"Spheric Guardian","floor":18,"turns":3},{"damage":2,"enemies":"Shell Parasite","floor":22,"turns":3},{"damage":1,"enemies":"Cultist and Chosen","floor":24,"turns":6},{"damage":20,"enemies":"Snake Plant","floor":25,"turns":5},{"damage":5,"enemies":"Snecko","floor":27,"turns":4},{"damage":0,"enemies":"Chosen and Byrds","floor":28,"turns":5},{"damage":0,"enemies":"Snake Plant","floor":29,"turns":1},{"damage":0,"enemies":"Sentry and Sphere","floor":30,"turns":3},{"damage":0,"enemies":"Centurion and Healer","floor":31,"turns":4},{"damage":59,"enemies":"Champ","floor":33,"turns":9}],"event_choices":[{"event_name":"Scrap Ooze","player_choice":"success","floor":3,"damage_taken":7},{"event_name":"Golden Wing","player_choice":"Card Removal","floor":5,"damage_taken":0},{"event_name":"Wheel of Change","player_choice":"Card Removal","floor":12,"damage_taken":0},{"event_name":"Transmorgrifier","player_choice":"Transform","floor":20,"damage_taken":0},{"event_name":"Forgotten Altar","player_choice":"Shed Blood","floor":21,"damage_taken":0}],"boss_relics":[{"not_picked":["Tiny House","Runic Pyramid"],"picked":"Orrery"}],"potions_floor_spawned":[2,4,11,14,18,25,27,28,30],"seed_played":"17791815644350977","killed_by":"Champ","ascension_level":5,"is_trial":false}