{"path_per_floor":["M","?","?","$","?","R","E","M","T","R","$","M","E","M","R","B",null,"M","M","M","?","?","E","M","R","T","M","$","R","M","M","R","B",null,"M","$","?","?","?","R","M","$","T","M","M","R","?","$","R","B"],"character_chosen":"THE_SILENT","items_purchased":["Cloak And Dagger","Footwork","Kunai","Backflip"],"gold_per_floor":[118,118,118,118,118,118,149,169,169,169,121,133,163,173,173,272,272,286,299,309,309,309,344,355,355,355,368,43,43,58,74,74,175,175,187,62,62,62,62,62,76,76,76,94,104,104,104,4,4,4],"floor_reached":51,"campfire_rested":5,"playtime":2020,"current_hp_per_floor":[70,70,75,75,57,57,57,57,57,57,57,57,44,38,38,25,63,62,62,61,61,61,18,14,36,36,29,29,51,50,44,66,11,59,58,58,58,58,58,58,58,58,58,47,31,53,53,53,75,17],"items_purged":["Pain","Pain"],"gold":4,"score":888,"play_id":"c287d47a-e2eb-4239-853c-f13b2a823f3b","local_time":"20180327010829","is_prod":false,"is_daily":false,"is_ascension_mode":true,"campfire_upgraded":4,"timestamp":1522127309,"path_taken":["M","?","?","$","?","R","E","?","T","R","?","?","E","M","R","BOSS","M","M","?","?","?","E","M","R","T","M","$","R","M","M","R","BOSS","M","$","?","?","?","R","M","?","T","M","?","R","?","$","R","BOSS"],"build_version":"2018-03-22v2","purchased_purges":2,"victory":true,"master_deck":["Defend_G","Defend_G","Defend_G","Defend_G","Strike_G","Survivor","Neutralize","Backflip+1","Mind Blast+1","Blade Dance","Bouncing Flask+1","All Out Attack","Cloak And Dagger+1","Predator","Quick Slash","Adrenaline+1","Bane","Noxious Fumes+1","Well Laid Plans","Terror+1","Dagger Spray","Footwork","Dodge and Roll+1","Night Terror+1","Quick Slash+1","Dash+1","Cloak And Dagger+1","Backflip+1","Noxious Fumes+1","Cloak And Dagger+1","Blur+1"],"max_hp_per_floor":[70,70,75,75,75,75,75,75,75,75,75,75,75,75,75,75,75,75,75,75,75,75,75,75,75,75,75,75,75,75,75,75,75,75,75,75,75,75,75,75,75,75,75,75,75,75,75,75,75,75],"relics":["Ring of the Snake","NeowsBlessing","Oddly Smooth Stone","Art of War","Toxic Egg 2","Prayer Wheel","Cursed Key","Lantern","Bronze Scales","Kunai","Astrolabe","Bottled Lightning"],"card_choices":[{"not_picked":["Sucker Punch","Skewer"],"picked":"Backflip","floor":1},{"not_picked":["Dagger Throw","Quick Slash"],"picked":"Bouncing Flask","floor":7},{"not_picked":["Finisher","Expertise"],"picked":"All Out Attack","floor":8},{"not_picked":["Heel Hook","Deadly Poison"],"picked":"Predator","floor":13},{"not_picked":["Flechettes","PiercingWail"],"picked":"Quick Slash","floor":14},{"not_picked":["After Image","Night Terror"],"picked":"Adrenaline","floor":16},{"not_picked":["Slice","Flying Knee"],"picked":"Bane","floor":18},{"not_picked":["Bouncing Flask","Acrobatics"],"picked":"Noxious Fumes","floor":19},{"not_picked":["Prepared","Dodge and Roll"],"picked":"Well Laid Plans","floor":20},{"not_picked":["Cloak And Dagger","Glass Knife"],"picked":"Terror","floor":23},{"not_picked":["Flying Knee","Flechettes"],"picked":"Dagger Spray","floor":27},{"not_picked":["Bane","Sucker Punch"],"picked":"Dodge and Roll","floor":30},{"not_picked":["Flying Knee","Sucker Punch"],"picked":"Cloak And Dagger","floor":35},{"not_picked":["Well Laid Plans","Outmaneuver"],"picked":"Noxious Fumes","floor":41},{"not_picked":["Expertise","Underhanded Strike"],"picked":"Cloak And Dagger","floor":43},{"not_picked":["Acrobatics","Bane"],"picked":"Blur","floor":44}],"player_experience":445815,"potions_floor_usage":[23,24,33,33,50,50,50],"damage_taken":[{"damage":0,"enemies":"Cultist","floor":1,"turns":1},{"damage":0,"enemies":"Gremlin Nob","floor":7,"turns":1},{"damage":0,"enemies":"2 Louse","floor":8,"turns":1},{"damage":0,"enemies":"Jaw Worm","floor":12,"turns":2},{"damage":13,"enemies":"Lagavulin","floor":13,"turns":5},{"damage":6,"enemies":"3 Louse","floor":14,"turns":2},{"damage":13,"enemies":"Hexaghost","floor":16,"turns":9},{"damage":1,"enemies":"2 Thieves","floor":18,"turns":3},{"damage":0,"enemies":"Chosen","floor":19,"turns":3},{"damage":1,"enemies":"Centurion and Healer","floor":20,"turns":5},{"damage":43,"enemies":"Gremlin Leader","floor":23,"turns":6},{"damage":4,"enemies":"Cultist and Chosen","floor":24,"turns":5},{"damage":7,"enemies":"3 Cultists","floor":27,"turns":4},{"damage":1,"enemies":"Snecko","floor":30,"turns":4},{"damage":6,"enemies":"Snake Plant","floor":31,"turns":4},{"damage":55,"enemies":"Collector","floor":33,"turns":10},{"damage":1,"enemies":"3 Shapes","floor":35,"turns":5},{"damage":0,"enemies":"Orb Walker","floor":41,"turns":2},{"damage":11,"enemies":"3 Darklings","floor":44,"turns":4},{"damage":16,"enemies":"4 Shapes","floor":45,"turns":5},{"damage":58,"enemies":"Time Eater","floor":50,"turns":10}],"event_choices":[{"event_name":"Match and Keep!","player_choice":"2 cards matched","floor":2,"damage_taken":0},{"event_name":"Big Fish","player_choice":"Donut","floor":3,"damage_taken":0},{"event_name":"Scrap Ooze","player_choice":"success","floor":5,"damage_taken":18},{"event_name":"Vampires","player_choice":"Ignored","floor":21,"damage_taken":0},{"event_name":"Drug Dealer","player_choice":"Ignored","floor":22,"damage_taken":0},{"event_name":"Purifier","player_choice":"One Purge","floor":37,"damage_taken":0},{"event_name":"Accursed Blacksmith","player_choice":"Ignore","floor":38,"damage_taken":0},{"event_name":"Tomb of Lord Red Mask","player_choice":"Ignored","floor":47,"damage_taken":0}],"boss_relics":[{"not_picked":["Orrery","Runic Dome"],"picked":"Cursed Key"},{"not_picked":["Eternal Feather","Black Star"],"picked":"Astrolabe"}],"potions_floor_spawned":[8,12,14,24,27,30,31,41,45],"seed_played":"441030517265616936","ascension_level":5,"is_trial":false}