{"path_per_floor":["M","$","?","?","M","R","E","M","T","E","M","M","R","M","R","B",null,"M","?","?","?","?","R","M"],"character_chosen":"THE_SILENT","items_purchased":["Dagger Throw"],"gold_per_floor":[112,61,61,61,76,76,111,125,149,182,196,215,215,229,229,360,360,376,376,376,376,376,376,396,396],"floor_reached":25,"campfire_rested":2,"playtime":722,"current_hp_per_floor":[70,70,70,53,41,41,23,23,23,35,35,18,39,20,41,18,57,42,26,26,26,42,42,14,0],"items_purged":[],"gold":396,"score":290,"play_id":"49a404f1-d843-4367-af98-7a8f42017be9","local_time":"20180326004349","is_prod":false,"is_daily":false,"is_ascension_mode":true,"campfire_upgraded":2,"timestamp":1522039429,"path_taken":["M","$","?","?","?","R","E","M","T","E","M","M","R","M","R","BOSS","M","?","?","?","?","R","M","?"],"build_version":"2018-03-22v2","purchased_purges":0,"victory":false,"master_deck":["Defend_G","Defend_G","Defend_G","Defend_G","Defend_G","Survivor","Neutralize","Noxious Fumes+1","Dagger Throw","Decay","Footwork+1","Bouncing Flask","Noxious Fumes","Envenom","Bane","Survivor","Bite","Bite","Bite","Bite","Bite","Bane"],"max_hp_per_floor":[70,70,70,70,70,70,70,70,70,70,70,70,70,70,70,70,70,70,70,70,49,49,49,49,49],"relics":["Lizard Tail","Golden Idol","Happy Flower","Omamori","Snake Skull","The Specimen","Nilry\u0027s Codex"],"card_choices":[{"not_picked":["Quick Slash","Prepared"],"picked":"Noxious Fumes","floor":1},{"not_picked":["Quick Slash","Slice"],"picked":"Footwork","floor":5},{"not_picked":["Die Die Die","Dagger Throw"],"picked":"Bouncing Flask","floor":7},{"not_picked":["Slice","Distraction"],"picked":"Noxious Fumes","floor":8},{"not_picked":["Predator","Flying Knee"],"picked":"Envenom","floor":10},{"not_picked":["Well Laid Plans","Accuracy"],"picked":"Bane","floor":11},{"not_picked":["Dodge and Roll","Quick Slash"],"picked":"Bane","floor":24}],"player_experience":433835,"potions_floor_usage":[16],"damage_taken":[{"damage":0,"enemies":"2 Louse","floor":1,"turns":4},{"damage":12,"enemies":"Cultist","floor":5,"turns":5},{"damage":18,"enemies":"3 Sentries","floor":7,"turns":7},{"damage":0,"enemies":"Small Slimes","floor":8,"turns":4},{"damage":26,"enemies":"Gremlin Nob","floor":10,"turns":5},{"damage":0,"enemies":"Looter","floor":11,"turns":4},{"damage":17,"enemies":"3 Louse","floor":12,"turns":3},{"damage":19,"enemies":"Exordium Thugs","floor":14,"turns":4},{"damage":23,"enemies":"The Guardian","floor":16,"turns":8},{"damage":15,"enemies":"Chosen","floor":18,"turns":4},{"damage":36,"enemies":"2 Thieves","floor":24,"turns":4},{"damage":24,"enemies":"Slaver and Parasite","floor":25,"turns":1}],"event_choices":[{"event_name":"Match and Keep!","player_choice":"1 cards matched","floor":3,"damage_taken":0},{"event_name":"Golden Idol","player_choice":"Take Damage","floor":4,"damage_taken":0},{"event_name":"Cursed Tome","player_choice":"Obtained Book","floor":19,"damage_taken":0},{"event_name":"Duplicator","player_choice":"One dupe","floor":20,"damage_taken":0},{"event_name":"Vampires","player_choice":"Became a vampire","floor":21,"damage_taken":0},{"event_name":"The Library","player_choice":"Heal","floor":22,"damage_taken":0}],"boss_relics":[{"not_picked":["Philosopher\u0027s Stone","Cursed Key"],"picked":"The Specimen"}],"potions_floor_spawned":[1,10,11,12,16,18],"seed_played":"-6073197174960726027","killed_by":"Slaver and Parasite","ascension_level":5,"is_trial":false}