{"path_per_floor":["M","?","M","?","?","R","M","E","T","R","M","R","M","E","R","B",null,"M","?","M","$","?","R","E","R","T","E","R","$","M","M","R","B",null,"M","?","?","?","$","R","E","$","T","E","$","M","?","$","R","B"],"character_chosen":"THE_SILENT","items_purchased":["Bottled Tornado","Burst","Bag of Preparation","Concentrate","Block Potion","Centennial Puzzle","Noxious Fumes","Footwork","Backflip","Apotheosis","Acrobatics"],"gold_per_floor":[115,115,131,131,131,131,149,180,205,205,226,226,245,288,288,418,418,432,432,448,203,128,128,159,159,212,255,255,24,37,61,61,186,186,200,533,533,533,7,7,35,35,335,366,7,18,18,18,18,18],"floor_reached":51,"campfire_rested":7,"playtime":1995,"current_hp_per_floor":[56,56,52,70,63,63,59,34,34,34,21,57,56,36,70,23,58,46,46,28,28,28,64,9,45,45,40,70,70,42,34,70,7,54,44,44,44,44,44,70,46,46,46,31,31,36,54,54,54,29],"items_purged":["Strike_G"],"gold":18,"score":1183,"play_id":"02edeed3-8ee5-4291-9edf-a2ab6cb2d4d8","local_time":"20180415154306","is_prod":false,"is_daily":false,"chose_seed":false,"is_ascension_mode":true,"campfire_upgraded":3,"timestamp":1523824986,"path_taken":["M","?","?","?","?","R","M","E","T","R","M","R","M","E","R","BOSS","M","?","M","$","?","R","E","R","T","E","R","$","M","M","R","BOSS","M","?","?","?","$","R","E","?","T","E","$","M","?","$","R","BOSS"],"build_version":"2018-04-12","seed_source_timestamp":67942464626460,"purchased_purges":2,"victory":true,"master_deck":["Defend_G","Defend_G","Defend_G","Defend_G","Defend_G","Strike_G","Strike_G","Strike_G","Survivor","Neutralize","AscendersBane","Expertise","Bouncing Flask+1","Noxious Fumes+1","Dodge and Roll","Expertise","Adrenaline","Tools of the Trade","Acrobatics+1","Leg Sweep","Malaise","Deflect","PiercingWail","Burst","Deflect","Crippling Poison","Wraith Form v2","Calculated Gamble+1","Bandage Up","Concentrate","Noxious Fumes","Dodge and Roll+1","PiercingWail+1","Footwork","Backflip","Apotheosis+1","Acrobatics","Malaise+1","Writhe"],"max_hp_per_floor":[70,70,70,70,70,70,70,70,70,70,70,70,70,70,70,70,70,70,70,70,70,70,70,70,70,70,70,70,70,70,70,70,70,70,70,70,70,70,70,70,70,70,70,70,70,70,70,70,70,70],"relics":["Ring of the Snake","Lantern","The Specimen","Regal Pillow","Blood Vial","Philosopher\u0027s Stone","Bottled Tornado","Bronze Scales","Juzu Bracelet","Snake Skull","Bag of Preparation","Runic Dome","Centennial Puzzle","Pen Nib","Old Coin","Anchor"],"card_choices":[{"not_picked":["Quick Slash","Deflect"],"picked":"Expertise","floor":1},{"not_picked":["Backflip","All Out Attack"],"picked":"Bouncing Flask","floor":3},{"not_picked":["Poisoned Stab","Predator"],"picked":"Noxious Fumes","floor":7},{"not_picked":["Flying Knee","Calculated Gamble"],"picked":"Dodge and Roll","floor":8},{"not_picked":["Phantasmal Killer","Underhanded Strike"],"picked":"Expertise","floor":11},{"not_picked":["Leg Sweep","Quick Slash"],"picked":"Adrenaline","floor":14},{"not_picked":["Venomology","Phantasmal Killer"],"picked":"Tools of the Trade","floor":16},{"not_picked":["Outmaneuver","Prepared"],"picked":"Acrobatics","floor":18},{"not_picked":["Backflip","Deadly Poison"],"picked":"Malaise","floor":20},{"not_picked":["Venomology","Cloak And Dagger"],"picked":"Deflect","floor":24},{"not_picked":["Storm of Steel","Riddle With Holes"],"picked":"PiercingWail","floor":27},{"not_picked":["Masterful Stab","Underhanded Strike"],"picked":"Deflect","floor":30},{"not_picked":["Dagger Spray","Dagger Throw"],"picked":"Crippling Poison","floor":31},{"not_picked":["Unload","Venomology"],"picked":"Wraith Form v2","floor":33},{"not_picked":["Sucker Punch","Finisher"],"picked":"Calculated Gamble","floor":35},{"not_picked":["Trip","Jack Of All Trades"],"picked":"Bandage Up","floor":37},{"not_picked":["Slice","Poisoned Stab"],"picked":"Dodge and Roll","floor":41},{"not_picked":["Heel Hook","Prepared"],"picked":"PiercingWail","floor":44},{"not_picked":["Caltrops","Dodge and Roll"],"picked":"Malaise","floor":46}],"player_experience":464481,"potions_floor_usage":[8,16,31,33,50,50],"damage_taken":[{"damage":7,"enemies":"Jaw Worm","floor":1,"turns":3},{"damage":4,"enemies":"2 Louse","floor":3,"turns":5},{"damage":4,"enemies":"Cultist","floor":7,"turns":3},{"damage":25,"enemies":"Lagavulin","floor":8,"turns":6},{"damage":13,"enemies":"2 Fungi Beasts","floor":11,"turns":4},{"damage":1,"enemies":"Looter","floor":13,"turns":4},{"damage":20,"enemies":"3 Sentries","floor":14,"turns":5},{"damage":47,"enemies":"Slime Boss","floor":16,"turns":10},{"damage":14,"enemies":"Chosen","floor":18,"turns":5},{"damage":20,"enemies":"Spheric Guardian","floor":20,"turns":4},{"damage":57,"enemies":"Gremlin Leader","floor":24,"turns":7},{"damage":7,"enemies":"Book of Stabbing","floor":27,"turns":8},{"damage":28,"enemies":"3 Cultists","floor":30,"turns":5},{"damage":10,"enemies":"Chosen and Byrds","floor":31,"turns":5},{"damage":63,"enemies":"Champ","floor":33,"turns":10},{"damage":12,"enemies":"3 Shapes","floor":35,"turns":5},{"damage":28,"enemies":"2 Orb Walkers","floor":41,"turns":5},{"damage":21,"enemies":"Nemesis","floor":44,"turns":7},{"damage":1,"enemies":"Orb Walker","floor":46,"turns":6},{"damage":48,"enemies":"Awakened One","floor":50,"turns":16}],"event_choices":[{"event_name":"Golden Idol","player_choice":"Take Wound","floor":2,"damage_taken":0},{"event_name":"Big Fish","player_choice":"Banana","floor":4,"damage_taken":0},{"event_name":"Golden Wing","player_choice":"Card Removal","floor":5,"damage_taken":0},{"event_name":"The Library","player_choice":"Read","floor":19,"damage_taken":0},{"event_name":"Beggar","player_choice":"Gave Gold","floor":22,"damage_taken":0},{"event_name":"The Moai Head","player_choice":"Gave Idol","floor":36,"damage_taken":0},{"event_name":"SensoryStone","player_choice":"Memory 1","floor":37,"damage_taken":0},{"event_name":"Tomb of Lord Red Mask","player_choice":"Ignored","floor":38,"damage_taken":0},{"event_name":"Winding Halls","player_choice":"Writhe","floor":47,"damage_taken":0}],"boss_relics":[{"not_picked":["Runic Pyramid","Pandora\u0027s Box"],"picked":"Philosopher\u0027s Stone"},{"not_picked":["Velvet Choker","Cursed Key"],"picked":"Runic Dome"}],"potions_floor_spawned":[1,7,11,16,20,24,30,41,44,46],"seed_played":"1304972645997455718","ascension_level":10,"is_trial":false}