{"path_per_floor":["M","?","?","M","M","R","M","R","T","E","M","R","M","?","R","B",null,"M","M","?","?","$","?","M"],"character_chosen":"THE_SILENT","items_purchased":["Toolbox"],"gold_per_floor":[20,20,20,38,51,51,74,74,74,137,161,161,175,175,175,304,342,366,379,304,304,54,54,77,77],"floor_reached":25,"campfire_rested":1,"playtime":874,"current_hp_per_floor":[69,69,69,69,70,70,69,69,69,26,26,26,26,26,47,18,75,10,5,5,5,5,5,1,0],"items_purged":[],"gold":77,"score":233,"play_id":"b061272c-723f-4414-ba6d-9459a8d4ce7f","local_time":"20180409232924","is_prod":false,"is_daily":false,"is_ascension_mode":true,"campfire_upgraded":2,"timestamp":1523309364,"path_taken":["M","?","?","?","M","R","M","R","T","E","M","R","M","?","R","BOSS","M","M","?","?","$","?","M","M"],"build_version":"2018-04-05v2","purchased_purges":0,"victory":false,"master_deck":["Defend_G+1","Defend_G+1","Defend_G+1","Defend_G+1","Defend_G+1","Strike_G+1","Strike_G+1","Strike_G+1","Strike_G+1","Survivor","Neutralize","Dagger Throw","Caltrops+1","Acrobatics","Flying Knee+1","Dash","Backflip","Dodge and Roll","Adrenaline+1","Leg Sweep","Slice+1"],"max_hp_per_floor":[70,70,70,70,70,70,70,70,70,70,70,70,70,70,70,70,75,75,75,75,75,75,75,75,75],"relics":["Ring of the Snake","Bird Faced Urn","Golden Idol","Shovel","Tiny Chest","Orichalcum","Tiny House","Toolbox"],"card_choices":[{"not_picked":["Deflect","Bane"],"picked":"Dagger Throw","floor":1},{"not_picked":["Blade Dance","Slice"],"picked":"Caltrops","floor":4},{"not_picked":["Endless Agony","Poisoned Stab"],"picked":"Acrobatics","floor":5},{"not_picked":["PiercingWail","Storm of Steel"],"picked":"Flying Knee","floor":7},{"not_picked":["Calculated Gamble","Quick Slash"],"picked":"Dash","floor":10},{"not_picked":["Dagger Throw","Deadly Poison"],"picked":"Backflip","floor":11},{"not_picked":["Slice","Poisoned Stab"],"picked":"Dodge and Roll","floor":13},{"not_picked":["Envenom","Die Die Die"],"picked":"Adrenaline","floor":16},{"not_picked":["Cloak And Dagger","Backflip"],"picked":"Leg Sweep","floor":18},{"not_picked":["Deflect","Dodge and Roll"],"picked":"Slice","floor":24}],"player_experience":373999,"potions_floor_usage":[11,16,18,24,25],"damage_taken":[{"damage":1,"enemies":"Small Slimes","floor":1,"turns":3},{"damage":0,"enemies":"Jaw Worm","floor":4,"turns":5},{"damage":0,"enemies":"Cultist","floor":5,"turns":4},{"damage":1,"enemies":"Blue Slaver","floor":7,"turns":4},{"damage":45,"enemies":"Lagavulin","floor":10,"turns":8},{"damage":2,"enemies":"Lots of Slimes","floor":11,"turns":4},{"damage":2,"enemies":"3 Louse","floor":13,"turns":4},{"damage":31,"enemies":"Hexaghost","floor":16,"turns":11},{"damage":65,"enemies":"Chosen","floor":18,"turns":7},{"damage":7,"enemies":"Shell Parasite","floor":19,"turns":11},{"damage":6,"enemies":"Snecko","floor":24,"turns":7},{"damage":14,"enemies":"3 Cultists","floor":25,"turns":4}],"event_choices":[{"event_name":"Golden Idol","player_choice":"Take Wound","floor":2,"damage_taken":0},{"event_name":"Liars Game","player_choice":"disagreed","floor":3,"damage_taken":0},{"event_name":"The Woman in Blue","player_choice":"Bought 0 Potions","floor":14,"damage_taken":0},{"event_name":"Beggar","player_choice":"Gave Gold","floor":20,"damage_taken":0},{"event_name":"Fountain of Cleansing","player_choice":"Removed Curse","floor":21,"damage_taken":0},{"event_name":"Back to Basics","player_choice":"Simplicity","floor":23,"damage_taken":0}],"boss_relics":[{"not_picked":["White Beast Statue","Runic Dome"],"picked":"Tiny House"}],"potions_floor_spawned":[7,10,11,13,16,19],"seed_played":"1697273884027890111","killed_by":"3 Cultists","ascension_level":3,"is_trial":false}