{"path_per_floor":["M","$","M","?","M","R","E","R","T","?","M","M","?","M","R"],"character_chosen":"THE_SILENT","items_purchased":[],"gold_per_floor":[115,40,60,60,73,73,99,99,99,199,213,225,225,241,241,241],"floor_reached":16,"campfire_rested":1,"playtime":345,"current_hp_per_floor":[62,62,62,48,48,48,35,35,35,35,33,11,4,1,22,0],"items_purged":["Injury"],"gold":241,"score":148,"play_id":"93c2c293-c44c-48df-aff7-bd32258cd1c3","local_time":"20180414172458","is_prod":false,"is_daily":false,"chose_seed":false,"is_ascension_mode":true,"campfire_upgraded":0,"timestamp":1523744698,"path_taken":["M","$","M","?","M","R","E","R","T","?","M","M","?","M","R","BOSS"],"build_version":"2018-04-12","seed_source_timestamp":335885025886367,"purchased_purges":2,"victory":false,"master_deck":["Defend_G","Defend_G","Defend_G","Defend_G","Defend_G","Strike_G+1","Strike_G","Strike_G","Strike_G","Survivor","Neutralize","Dagger Spray","Deadly Poison+1","Riddle With Holes","Footwork","Expertise+1"],"max_hp_per_floor":[70,70,70,70,70,70,70,70,70,70,70,70,70,70,70,70],"relics":["Ring of the Snake","Shovel","Centennial Puzzle","Oddly Smooth Stone","Bottled Lightning","Toxic Egg 2"],"card_choices":[{"not_picked":["Cloak And Dagger","Deflect"],"picked":"Dagger Spray","floor":1},{"not_picked":["Sucker Punch","Quick Slash"],"picked":"Deadly Poison","floor":3},{"not_picked":["Slice","Flying Knee"],"picked":"Riddle With Holes","floor":5},{"not_picked":["Cloak And Dagger","Concentrate"],"picked":"Footwork","floor":7},{"not_picked":["PiercingWail","Sucker Punch"],"picked":"Expertise","floor":14}],"player_experience":460624,"potions_floor_usage":[7,14],"damage_taken":[{"damage":1,"enemies":"Jaw Worm","floor":1,"turns":7},{"damage":0,"enemies":"2 Louse","floor":3,"turns":2},{"damage":0,"enemies":"Cultist","floor":5,"turns":3},{"damage":13,"enemies":"Gremlin Nob","floor":7,"turns":3},{"damage":2,"enemies":"Looter","floor":11,"turns":3},{"damage":22,"enemies":"Gremlin Gang","floor":12,"turns":6},{"damage":3,"enemies":"2 Fungi Beasts","floor":14,"turns":3},{"damage":38,"enemies":"Slime Boss","floor":16,"turns":3}],"event_choices":[{"event_name":"Shining Light","player_choice":"Entered Light","floor":4,"damage_taken":0},{"event_name":"Golden Shrine","player_choice":"Pray","floor":10,"damage_taken":0},{"event_name":"Golden Wing","player_choice":"Card Removal","floor":13,"damage_taken":0}],"boss_relics":[],"potions_floor_spawned":[3,5,14],"seed_played":"7273564408383618938","killed_by":"Slime Boss","ascension_level":9,"is_trial":false}