{"path_per_floor":["M","?","?","$","M","E","R","?","T","R","$","E","M","E","R","B",null,"M","?","M","?","?"],"character_chosen":"THE_SILENT","items_purchased":["Cloak And Dagger","Purity"],"gold_per_floor":[110,110,60,36,61,95,95,124,180,180,0,33,56,96,96,219,219,240,155,176,176,176,176],"floor_reached":23,"campfire_rested":1,"playtime":999,"current_hp_per_floor":[60,60,60,60,57,51,51,50,50,50,50,26,22,15,48,24,63,53,53,41,41,62,0],"items_purged":["Strike_G"],"gold":176,"score":236,"play_id":"e1564ec2-c6a9-4d43-95ba-9f36a6f732c1","local_time":"20180407215044","is_prod":false,"is_daily":false,"is_ascension_mode":true,"campfire_upgraded":2,"timestamp":1523130644,"path_taken":["M","?","?","$","M","E","R","?","T","R","$","E","M","E","R","BOSS","M","?","M","?","?","E"],"build_version":"2018-04-05v2","purchased_purges":1,"victory":false,"master_deck":["Defend_G","Defend_G","Defend_G","Defend_G","Defend_G","Strike_G","Strike_G","Strike_G","Strike_G","Survivor","Neutralize","Unload","Predator+1","Cloak And Dagger","Heel Hook+1","Cloak And Dagger","Acrobatics","Purity","Malaise","Blur","Noxious Fumes","After Image","Sucker Punch+1","Terror+1"],"max_hp_per_floor":[63,63,63,63,63,63,63,63,63,63,63,63,63,63,63,63,63,63,63,63,63,63,63],"relics":["Ring of the Snake","Golden Idol","Regal Pillow","Odd Mushroom","Tiny Chest","Juzu Bracelet","Gambling Chip","Sozu","Tingsha"],"card_choices":[{"not_picked":["Glass Knife","Doppelganger"],"picked":"Unload","floor":0},{"not_picked":["Accuracy","Dodge and Roll"],"picked":"Predator","floor":1},{"not_picked":["Backflip","Dagger Throw"],"picked":"Heel Hook","floor":5},{"not_picked":["Sucker Punch","Expertise"],"picked":"Cloak And Dagger","floor":6},{"not_picked":["Deflect","Dagger Spray"],"picked":"Acrobatics","floor":8},{"not_picked":["Bouncing Flask","Envenom"],"picked":"Malaise","floor":12},{"not_picked":["Dodge and Roll","Cloak And Dagger"],"picked":"Blur","floor":13},{"not_picked":["Blade Dance","Quick Slash"],"picked":"Noxious Fumes","floor":14},{"not_picked":["Unload","Doppelganger"],"picked":"After Image","floor":16},{"not_picked":["Bouncing Flask","Flying Knee"],"picked":"Sucker Punch","floor":18},{"not_picked":["Reflex","Cloak And Dagger"],"picked":"Terror","floor":20}],"player_experience":359841,"potions_floor_usage":[6,8,14],"damage_taken":[{"damage":3,"enemies":"Jaw Worm","floor":1,"turns":4},{"damage":3,"enemies":"2 Louse","floor":5,"turns":2},{"damage":21,"enemies":"3 Sentries","floor":6,"turns":9},{"damage":1,"enemies":"The Mushroom Lair","floor":8,"turns":3},{"damage":24,"enemies":"Gremlin Nob","floor":12,"turns":4},{"damage":4,"enemies":"Small Slimes","floor":13,"turns":4},{"damage":7,"enemies":"Lagavulin","floor":14,"turns":7},{"damage":24,"enemies":"Slime Boss","floor":16,"turns":10},{"damage":10,"enemies":"Chosen","floor":18,"turns":7},{"damage":12,"enemies":"3 Byrds","floor":20,"turns":5},{"damage":71,"enemies":"Gremlin Leader","floor":23,"turns":7}],"event_choices":[{"event_name":"Golden Idol","player_choice":"Take Wound","floor":2,"damage_taken":0},{"event_name":"The Cleric","player_choice":"Card Removal","floor":3,"damage_taken":0},{"event_name":"Mushrooms","player_choice":"Fought Mushrooms","floor":8,"damage_taken":0},{"event_name":"Addict","player_choice":"Obtained Relic","floor":19,"damage_taken":0},{"event_name":"Drug Dealer","player_choice":"Ignored","floor":21,"damage_taken":0},{"event_name":"The Library","player_choice":"Heal","floor":22,"damage_taken":0}],"boss_relics":[{"not_picked":["Snecko Eye","Velvet Choker"],"picked":"Sozu"}],"potions_floor_spawned":[1,6,13],"seed_played":"-2364275941144265166","killed_by":"Gremlin Leader","ascension_level":3,"is_trial":false}