{"path_per_floor":["M","?","?","M","$","R","M","E","T","?","?","M","R","M","R","B",null,"M","M","M","$"],"character_chosen":"THE_SILENT","items_purchased":["Choke","Infinite Blades","Bandage Up"],"gold_per_floor":[114,189,189,204,53,53,70,100,126,126,126,140,140,154,154,259,259,270,286,302,168,168],"floor_reached":22,"campfire_rested":1,"playtime":927,"current_hp_per_floor":[65,54,47,46,46,67,63,38,38,38,38,36,36,38,38,39,70,68,66,39,39,0],"items_purged":["Strike_G"],"gold":168,"score":214,"play_id":"07b1471d-6c63-4873-abad-a023eef3410e","local_time":"20180409224829","is_prod":false,"is_daily":false,"is_ascension_mode":true,"campfire_upgraded":2,"timestamp":1523306909,"path_taken":["M","?","?","M","$","R","?","E","T","?","?","M","R","M","R","BOSS","M","M","M","$","M"],"build_version":"2018-04-05v2","purchased_purges":1,"victory":false,"master_deck":["Defend_G","Defend_G","Defend_G","Defend_G","Defend_G","Strike_G","Strike_G+1","Survivor","Neutralize","Blade Dance","Well Laid Plans","Terror","Choke+1","Cloak And Dagger+1","Dash+1","Escape Plan","Venomology","Blade Dance","Infinite Blades","Bandage Up"],"max_hp_per_floor":[70,70,70,70,70,70,70,70,70,70,70,70,70,70,70,70,70,70,70,70,70,70],"relics":["Ring of the Snake","Meat on the Bone","Blood Vial","Whetstone","Eternal Feather"],"card_choices":[{"not_picked":["Finisher","All Out Attack"],"picked":"Well Laid Plans","floor":1},{"not_picked":["Finisher","Deflect"],"picked":"Terror","floor":4},{"not_picked":["Quick Slash","Dagger Throw"],"picked":"Cloak And Dagger","floor":7},{"not_picked":["Dagger Spray","Deadly Poison"],"picked":"Dash","floor":8},{"not_picked":["Unload","Dagger Throw"],"picked":"Escape Plan","floor":12},{"not_picked":["Glass Knife","Wraith Form"],"picked":"Venomology","floor":16},{"not_picked":["Cloak And Dagger","Poisoned Stab"],"picked":"Blade Dance","floor":18}],"player_experience":371548,"potions_floor_usage":[8,8,19,19,19,20,20],"damage_taken":[{"damage":5,"enemies":"Cultist","floor":1,"turns":5},{"damage":1,"enemies":"2 Louse","floor":4,"turns":3},{"damage":4,"enemies":"Small Slimes","floor":7,"turns":3},{"damage":37,"enemies":"Lagavulin","floor":8,"turns":8},{"damage":4,"enemies":"3 Louse","floor":12,"turns":4},{"damage":0,"enemies":"Looter","floor":14,"turns":2},{"damage":1,"enemies":"The Guardian","floor":16,"turns":11},{"damage":2,"enemies":"Shell Parasite","floor":18,"turns":7},{"damage":4,"enemies":"Spheric Guardian","floor":19,"turns":5},{"damage":41,"enemies":"3 Cultists","floor":20,"turns":6},{"damage":46,"enemies":"Snecko","floor":22,"turns":4}],"event_choices":[{"event_name":"World of Goop","player_choice":"Gather Gold","floor":2,"damage_taken":0},{"event_name":"Scrap Ooze","player_choice":"success","floor":3,"damage_taken":7},{"event_name":"Bonfire Elementals","player_choice":"BASIC","floor":10,"damage_taken":0},{"event_name":"Liars Game","player_choice":"disagreed","floor":11,"damage_taken":0}],"boss_relics":[{"not_picked":["Pandora\u0027s Box","Orrery"],"picked":"Eternal Feather"}],"potions_floor_spawned":[1,7,12,16,18],"seed_played":"6532938952473401145","killed_by":"Snecko","ascension_level":3,"is_trial":false}