{"path_per_floor":["M","?","?","M","M","E","R","M","T","E","$","?","E","$","R","B",null,"M","M","M","?","M","E"],"character_chosen":"THE_SILENT","items_purchased":["Purity","Flying Knee","Tools of the Trade"],"gold_per_floor":[11,11,11,34,47,86,86,110,110,151,5,105,140,62,62,182,220,233,253,273,273,291,329,329],"floor_reached":24,"campfire_rested":1,"playtime":1306,"current_hp_per_floor":[70,53,53,52,52,49,49,49,49,24,24,24,12,12,33,17,75,73,61,47,47,41,22,0],"items_purged":[],"gold":329,"score":271,"play_id":"bf48d8a7-d160-49f3-9c27-c2014a78b38f","local_time":"20180407201658","is_prod":false,"is_daily":false,"is_ascension_mode":true,"campfire_upgraded":1,"timestamp":1523125018,"path_taken":["M","?","?","M","M","E","R","M","T","E","?","?","E","$","R","BOSS","M","M","?","?","?","E","M"],"build_version":"2018-04-05v2","purchased_purges":0,"victory":false,"master_deck":["Defend_G","Defend_G","Defend_G","Defend_G","Strike_G","Strike_G","Strike_G","Strike_G","Survivor","Neutralize","Skewer","Flying Knee+1","Dodge and Roll","Cloak And Dagger+1","Blur","Acrobatics","Noxious Fumes","Escape Plan","Purity","Flying Knee","Bane","Tools of the Trade","After Image","PiercingWail","PiercingWail+1","Cloak And Dagger"],"max_hp_per_floor":[70,70,70,70,70,70,70,70,70,70,70,70,70,70,70,70,75,75,75,75,75,75,75,75],"relics":["Ring of the Snake","Golden Idol","Bronze Scales","Ginger","Oddly Smooth Stone","Letter Opener","Tiny House","Bag of Marbles"],"card_choices":[{"not_picked":["Bouncing Flask","Dagger Throw"],"picked":"Dodge and Roll","floor":1},{"not_picked":["Distraction","Deadly Poison"],"picked":"Cloak And Dagger","floor":4},{"not_picked":["Bouncing Flask","Wraith Form"],"picked":"Blur","floor":5},{"not_picked":["Bane","Caltrops"],"picked":"Acrobatics","floor":6},{"not_picked":["Concentrate","Dagger Throw"],"picked":"Noxious Fumes","floor":8},{"not_picked":["Cloak And Dagger","Slice"],"picked":"Escape Plan","floor":10},{"not_picked":["Sucker Punch","Underhanded Strike"],"picked":"Bane","floor":13},{"not_picked":["Burst","Night Terror"],"picked":"After Image","floor":16},{"not_picked":["Bane","Eviscerate"],"picked":"PiercingWail","floor":20},{"not_picked":["Bane","Deadly Poison"],"picked":"PiercingWail","floor":22},{"not_picked":["Eviscerate","Deflect"],"picked":"Cloak And Dagger","floor":23}],"player_experience":354241,"potions_floor_usage":[6,10,13,19,20,23,23,24],"damage_taken":[{"damage":0,"enemies":"2 Louse","floor":1,"turns":2},{"damage":1,"enemies":"Small Slimes","floor":4,"turns":3},{"damage":0,"enemies":"Jaw Worm","floor":5,"turns":3},{"damage":3,"enemies":"3 Sentries","floor":6,"turns":11},{"damage":0,"enemies":"Blue Slaver","floor":8,"turns":4},{"damage":25,"enemies":"Lagavulin","floor":10,"turns":7},{"damage":12,"enemies":"Gremlin Nob","floor":13,"turns":4},{"damage":16,"enemies":"Hexaghost","floor":16,"turns":9},{"damage":2,"enemies":"Shell Parasite","floor":18,"turns":5},{"damage":12,"enemies":"2 Thieves","floor":19,"turns":4},{"damage":14,"enemies":"Slaver and Parasite","floor":20,"turns":6},{"damage":6,"enemies":"Snake Plant","floor":22,"turns":5},{"damage":19,"enemies":"Slavers","floor":23,"turns":5},{"damage":45,"enemies":"Cultist and Chosen","floor":24,"turns":6}],"event_choices":[{"event_name":"Golden Idol","player_choice":"Take Damage","floor":2,"damage_taken":0},{"event_name":"Golden Wing","player_choice":"Ignored","floor":3,"damage_taken":0},{"event_name":"Golden Shrine","player_choice":"Pray","floor":12,"damage_taken":0},{"event_name":"Vampires","player_choice":"Ignored","floor":21,"damage_taken":0}],"boss_relics":[{"not_picked":["White Beast Statue","Runic Dome"],"picked":"Tiny House"}],"potions_floor_spawned":[1,6,8,10,16,18,20,22],"seed_played":"-7507469952788696738","killed_by":"Cultist and Chosen","ascension_level":3,"is_trial":false}