{"path_per_floor":["M","?","?","$","M","E","R","E","T","R","M","M","?","E","R","B",null,"M","?","M","?","$","R","E","R","T","$","R","?","M","M","R","B",null,"M","?","?","M","M","R","E","R","T","M","M","R","$","M","R","B"],"character_chosen":"THE_SILENT","items_purchased":["Madness","Bane","Thread and Needle"],"gold_per_floor":[110,110,110,18,36,68,68,95,149,149,167,177,142,168,168,271,271,291,291,303,303,279,279,305,305,305,11,11,11,21,32,32,134,134,146,0,0,12,23,23,52,52,52,62,74,74,74,85,85,85],"floor_reached":51,"campfire_rested":3,"playtime":2781,"current_hp_per_floor":[68,61,61,61,61,44,44,54,54,54,54,23,43,38,66,5,94,94,94,72,72,72,72,44,44,44,44,74,74,75,67,67,80,105,86,86,115,105,95,95,79,79,79,81,81,81,81,77,115,23],"items_purged":[],"gold":85,"score":832,"play_id":"c2e49759-5df9-44e4-ac38-53ca213661a0","local_time":"20180407174733","is_prod":false,"is_daily":false,"is_ascension_mode":true,"campfire_upgraded":8,"timestamp":1523116053,"path_taken":["M","?","?","$","?","E","R","E","T","R","M","M","?","E","R","BOSS","M","?","M","?","$","R","E","R","T","$","R","?","?","M","R","BOSS","M","?","?","M","M","R","E","R","T","M","M","R","$","M","R","BOSS"],"build_version":"2018-04-05v2","purchased_purges":1,"victory":true,"master_deck":["Defend_G","Defend_G","Defend_G","Strike_G","Strike_G","Strike_G","Survivor","Neutralize","Envenom+1","Flying Knee","Madness+1","Footwork","Blur+1","Choke+1","Malaise+1","Footwork","Catalyst+1","Neutralize","Bane+1","Envenom+1","Blur+1","Envenom+1","Die Die Die+1","PiercingWail+1"],"max_hp_per_floor":[70,70,70,70,70,70,70,80,80,80,80,80,80,94,94,94,94,94,94,94,94,94,94,101,101,101,101,101,101,103,103,103,105,105,105,105,115,117,119,119,121,121,121,123,125,125,125,127,127,127],"relics":["Ring of the Snake","Pantograph","Pear","Tiny Chest","Mango","Velvet Choker","The Specimen","Strawberry","Unceasing Top","Thread and Needle","Singing Bowl","Astrolabe","Red Mask","Toolbox","Anchor"],"card_choices":[{"not_picked":["Tactician","Escape Plan"],"picked":"Flying Knee","floor":1},{"not_picked":["Sucker Punch","Deflect"],"picked":"Footwork","floor":5},{"not_picked":["Escape Plan","Quick Slash"],"picked":"Blur","floor":6},{"not_picked":["Dodge and Roll","Prepared"],"picked":"Choke","floor":8},{"not_picked":["Outmaneuver","Underhanded Strike"],"picked":"Malaise","floor":11},{"not_picked":["Escape Plan","Deflect"],"picked":"Footwork","floor":12},{"not_picked":["Prepared","Backflip"],"picked":"Catalyst","floor":18},{"not_picked":["Calculated Gamble","Expertise"],"picked":"Envenom","floor":24},{"not_picked":["Concentrate","Dodge and Roll"],"picked":"Blur","floor":31},{"not_picked":["Dagger Spray","Deflect"],"picked":"PiercingWail","floor":35}],"player_experience":349553,"potions_floor_usage":[8,14,18,24,31,33,39,50,50],"damage_taken":[{"damage":2,"enemies":"2 Louse","floor":1,"turns":4},{"damage":0,"enemies":"Small Slimes","floor":5,"turns":3},{"damage":17,"enemies":"3 Sentries","floor":6,"turns":11},{"damage":0,"enemies":"Lagavulin","floor":8,"turns":9},{"damage":0,"enemies":"Jaw Worm","floor":11,"turns":5},{"damage":31,"enemies":"Exordium Thugs","floor":12,"turns":7},{"damage":34,"enemies":"Gremlin Nob","floor":14,"turns":6},{"damage":86,"enemies":"Slime Boss","floor":16,"turns":19},{"damage":0,"enemies":"Chosen","floor":18,"turns":5},{"damage":22,"enemies":"Spheric Guardian","floor":20,"turns":10},{"damage":50,"enemies":"Gremlin Leader","floor":24,"turns":11},{"damage":1,"enemies":"Centurion and Healer","floor":30,"turns":6},{"damage":8,"enemies":"Snecko","floor":31,"turns":6},{"damage":14,"enemies":"Champ","floor":33,"turns":18},{"damage":19,"enemies":"3 Shapes","floor":35,"turns":7},{"damage":12,"enemies":"3 Darklings","floor":38,"turns":6},{"damage":27,"enemies":"Sphere and 2 Shapes","floor":39,"turns":9},{"damage":18,"enemies":"Nemesis","floor":41,"turns":9},{"damage":0,"enemies":"Maw","floor":44,"turns":8},{"damage":2,"enemies":"3 Darklings","floor":45,"turns":6},{"damage":6,"enemies":"4 Shapes","floor":48,"turns":6},{"damage":119,"enemies":"Awakened One","floor":50,"turns":22}],"event_choices":[{"event_name":"Golden Wing","player_choice":"Card Removal","floor":2,"damage_taken":0},{"event_name":"Liars Game","player_choice":"disagreed","floor":3,"damage_taken":0},{"event_name":"The Cleric","player_choice":"Healed","floor":13,"damage_taken":0},{"event_name":"Match and Keep!","player_choice":"1 cards matched","floor":19,"damage_taken":0},{"event_name":"Accursed Blacksmith","player_choice":"Rummage","floor":21,"damage_taken":0},{"event_name":"The Mausoleum","player_choice":"Yes","floor":29,"damage_taken":0},{"event_name":"Tomb of Lord Red Mask","player_choice":"Paid","floor":36,"damage_taken":0},{"event_name":"Bonfire Elementals","player_choice":"RARE","floor":37,"damage_taken":0}],"boss_relics":[{"not_picked":["Philosopher\u0027s Stone","White Beast Statue"],"picked":"Velvet Choker"},{"not_picked":["Tiny House","Lizard Tail"],"picked":"Astrolabe"}],"potions_floor_spawned":[1,12,16,20,30,31,35,41,44],"seed_played":"-5438718425977464936","ascension_level":2,"is_trial":false}