{"path_per_floor":["M","$","?","M","M","E","R","E","T","T","M","$","R","M","R","B",null,"M","M","?","M","?","R"],"character_chosen":"THE_SILENT","items_purchased":["Dash","Backflip","Frozen Egg 2","Choke"],"gold_per_floor":[109,27,98,112,131,159,159,194,265,290,301,6,6,17,17,117,117,133,149,74,88,88,88,88],"floor_reached":24,"campfire_rested":0,"playtime":1134,"current_hp_per_floor":[67,67,67,67,67,69,69,55,55,55,57,57,57,59,59,46,70,70,63,63,43,43,43,0],"items_purged":[],"gold":88,"score":237,"play_id":"a443941d-b911-4fee-a1f6-dcba56038783","local_time":"20180408160815","is_prod":false,"is_daily":false,"is_ascension_mode":true,"campfire_upgraded":4,"timestamp":1523196495,"path_taken":["M","$","?","?","M","E","R","E","T","?","M","?","R","M","R","BOSS","M","M","?","M","?","R","E"],"build_version":"2018-04-05v2","purchased_purges":0,"victory":false,"master_deck":["Defend_G","Defend_G","Defend_G","Defend_G","Strike_G","Survivor","Neutralize","Accuracy","Blade Dance","Dash","Backflip+1","Bullet Time+1","Envenom+1","Die Die Die","Flying Knee","Choke+1","Blade Dance","Adrenaline","Setup+1","Predator+1","Outmaneuver+1","Flying Knee","Bane","Adrenaline"],"max_hp_per_floor":[70,70,70,70,70,70,70,70,70,70,70,70,70,70,70,70,70,70,70,70,70,70,70,70],"relics":["Ring of the Snake","Blood Vial","Oddly Smooth Stone","Meat on the Bone","Juzu Bracelet","Frozen Egg 2","Astrolabe"],"card_choices":[{"not_picked":["Acrobatics","Flying Knee"],"picked":"Blade Dance","floor":1},{"not_picked":["Bane","Backflip"],"picked":"Bullet Time","floor":5},{"not_picked":["All Out Attack","Flying Knee"],"picked":"Envenom","floor":6},{"not_picked":["Bullet Time","Dagger Spray"],"picked":"Die Die Die","floor":8},{"not_picked":["Deflect","Endless Agony"],"picked":"Flying Knee","floor":11},{"not_picked":["Dagger Throw","Dagger Spray"],"picked":"Blade Dance","floor":14},{"not_picked":["Corpse Explosion","Burst"],"picked":"Adrenaline","floor":16},{"not_picked":["Slice","Endless Agony"],"picked":"Flying Knee","floor":19},{"not_picked":["Poisoned Stab","Dagger Throw"],"picked":"Bane","floor":21}],"player_experience":366345,"potions_floor_usage":[6,16,19,21,24],"damage_taken":[{"damage":3,"enemies":"Jaw Worm","floor":1,"turns":5},{"damage":0,"enemies":"2 Louse","floor":4,"turns":3},{"damage":0,"enemies":"Small Slimes","floor":5,"turns":4},{"damage":13,"enemies":"3 Sentries","floor":6,"turns":11},{"damage":15,"enemies":"Lagavulin","floor":8,"turns":6},{"damage":0,"enemies":"Red Slaver","floor":11,"turns":3},{"damage":0,"enemies":"Exordium Thugs","floor":14,"turns":2},{"damage":27,"enemies":"Slime Boss","floor":16,"turns":11},{"damage":0,"enemies":"Spheric Guardian","floor":18,"turns":3},{"damage":7,"enemies":"3 Byrds","floor":19,"turns":5},{"damage":22,"enemies":"Cultist and Chosen","floor":21,"turns":7},{"damage":60,"enemies":"Gremlin Leader","floor":24,"turns":7}],"event_choices":[{"event_name":"Golden Wing","player_choice":"Gained Gold","floor":3,"damage_taken":0},{"event_name":"Beggar","player_choice":"Gave Gold","floor":20,"damage_taken":0},{"event_name":"Duplicator","player_choice":"One dupe","floor":22,"damage_taken":0}],"boss_relics":[{"not_picked":["White Beast Statue","Snecko Eye"],"picked":"Astrolabe"}],"potions_floor_spawned":[5,6,8,14,18,21],"seed_played":"-8177256990618477956","killed_by":"Gremlin Leader","ascension_level":3,"is_trial":false}