{"path_per_floor":["M","M","$","?","M","E","R","?","T","M","R","E","M","$","R","B",null,"M","M","M","?","$","R","M","M","T","R","T","R","M","M","R","B",null,"M","?","?","$","M","R","E","R","T","M","?","E","M","M","R","B"],"character_chosen":"THE_SILENT","items_purchased":["Backflip","Prepared","Malaise","Flying Knee","Escape Plan","Flash of Steel","War Paint"],"gold_per_floor":[117,128,28,28,38,67,67,92,92,110,110,143,162,10,10,108,108,125,141,161,161,33,33,52,69,69,69,147,147,165,185,185,283,283,301,301,349,23,38,38,66,66,90,100,100,131,143,156,156,156],"floor_reached":51,"campfire_rested":3,"playtime":3398,"current_hp_per_floor":[63,63,63,63,63,53,53,50,50,50,50,26,17,17,35,28,63,63,63,63,63,63,63,63,63,63,63,63,63,63,60,60,33,63,43,43,14,14,14,44,31,43,43,42,32,36,40,28,60,13],"items_purged":["Strike_G","Defend_G"],"gold":156,"score":744,"play_id":"056cd8ea-bca2-488a-b84c-6418fe1374cf","local_time":"20180407000428","is_prod":false,"is_daily":false,"is_ascension_mode":false,"campfire_upgraded":7,"timestamp":1523081068,"path_taken":["M","M","$","?","M","E","R","?","T","M","R","E","?","$","R","BOSS","M","M","?","?","$","R","?","M","T","R","?","R","M","M","R","BOSS","M","?","?","$","M","R","E","R","T","M","?","E","M","M","R","BOSS"],"build_version":"2018-04-05v2","purchased_purges":3,"victory":true,"master_deck":["Defend_G+1","Defend_G","Defend_G","Strike_G","Strike_G","Strike_G+1","Survivor","Neutralize+1","Outmaneuver+1","Dagger Throw","Backflip","Calculated Gamble+1","Well Laid Plans","Expertise+1","Dagger Throw","Grand Finale","Dagger Throw","Prepared+1","Tactician+1","Prepared+1","Underhanded Strike","Malaise+1","Flying Knee","Bouncing Flask","Wraith Form","Footwork","Underhanded Strike+1","Adrenaline+1","Prepared+1","Escape Plan+1","Flash of Steel","Flying Knee+1","Noxious Fumes+1","Bandage Up","Trip","Finesse","Concentrate","Outmaneuver+1","Quick Slash+1"],"max_hp_per_floor":[63,63,63,63,63,63,63,63,63,63,63,63,63,63,63,63,63,63,63,63,63,63,63,63,63,63,63,63,63,63,63,63,63,63,63,63,63,63,63,63,63,63,63,63,63,63,63,63,63,63],"relics":["Ring of the Snake","Ice Cream","Happy Flower","Odd Mushroom","Whetstone","Pen Nib","Sozu","Torii","Shuriken","Eternal Feather","The Specimen","War Paint","Bag of Marbles","Oddly Smooth Stone","Gambling Chip"],"card_choices":[{"not_picked":["Infinite Blades","Backflip"],"picked":"Outmaneuver","floor":1},{"not_picked":["Backstab","Caltrops"],"picked":"Dagger Throw","floor":2},{"not_picked":["Dodge and Roll","Bane"],"picked":"Calculated Gamble","floor":5},{"not_picked":["PiercingWail","Underhanded Strike"],"picked":"Well Laid Plans","floor":6},{"not_picked":["Terror","Acrobatics"],"picked":"Expertise","floor":8},{"not_picked":["Cloak And Dagger","Slice"],"picked":"Dagger Throw","floor":10},{"not_picked":["Catalyst","Night Terror"],"picked":"Grand Finale","floor":12},{"not_picked":["Flechettes","Dagger Spray"],"picked":"Dagger Throw","floor":13},{"not_picked":["Venomology","Wraith Form"],"picked":"Tactician","floor":16},{"not_picked":["Dagger Spray","Quick Slash"],"picked":"Prepared","floor":18},{"not_picked":["Dash","Doppelganger"],"picked":"Underhanded Strike","floor":20},{"not_picked":["Acrobatics","Cloak And Dagger"],"picked":"Bouncing Flask","floor":24},{"not_picked":["Slice","Underhanded Strike"],"picked":"Wraith Form","floor":25},{"not_picked":["Heel Hook","Eviscerate"],"picked":"Footwork","floor":30},{"not_picked":["Deflect","Dash"],"picked":"Underhanded Strike","floor":31},{"not_picked":["Phantasmal Killer","Night Terror"],"picked":"Adrenaline","floor":33},{"not_picked":["Cloak And Dagger","Distraction"],"picked":"Prepared","floor":37},{"not_picked":["All Out Attack","Dash"],"picked":"Flying Knee","floor":41},{"not_picked":["Eviscerate","Wraith Form"],"picked":"Noxious Fumes","floor":44},{"not_picked":["Finesse","Swift Strike"],"picked":"Bandage Up","floor":45},{"not_picked":["Dramatic Entrance","Enlightenment"],"picked":"Trip","floor":45},{"not_picked":["Dramatic Entrance","Trip"],"picked":"Finesse","floor":45},{"not_picked":["Prepared","Riddle With Holes"],"picked":"Concentrate","floor":46},{"not_picked":["Flying Knee","Noxious Fumes"],"picked":"Outmaneuver","floor":47},{"not_picked":["PiercingWail","Flying Knee"],"picked":"Quick Slash","floor":48}],"player_experience":611858,"potions_floor_usage":[6,8,37,50],"damage_taken":[{"damage":0,"enemies":"2 Louse","floor":1,"turns":5},{"damage":0,"enemies":"Cultist","floor":2,"turns":3},{"damage":0,"enemies":"Small Slimes","floor":5,"turns":4},{"damage":10,"enemies":"Lagavulin","floor":6,"turns":9},{"damage":3,"enemies":"The Mushroom Lair","floor":8,"turns":4},{"damage":0,"enemies":"Exordium Wildlife","floor":10,"turns":5},{"damage":24,"enemies":"Gremlin Nob","floor":12,"turns":5},{"damage":9,"enemies":"Gremlin Gang","floor":13,"turns":5},{"damage":7,"enemies":"Slime Boss","floor":16,"turns":6},{"damage":0,"enemies":"Shell Parasite","floor":18,"turns":3},{"damage":0,"enemies":"Spheric Guardian","floor":19,"turns":1},{"damage":0,"enemies":"Snecko","floor":20,"turns":3},{"damage":0,"enemies":"Snake Plant","floor":24,"turns":4},{"damage":0,"enemies":"Centurion and Healer","floor":25,"turns":5},{"damage":0,"enemies":"3 Cultists","floor":30,"turns":2},{"damage":3,"enemies":"Snake Plant","floor":31,"turns":4},{"damage":27,"enemies":"Champ","floor":33,"turns":8},{"damage":20,"enemies":"3 Shapes","floor":35,"turns":4},{"damage":29,"enemies":"Mysterious Sphere","floor":37,"turns":6},{"damage":0,"enemies":"Orb Walker","floor":39,"turns":5},{"damage":13,"enemies":"Nemesis","floor":41,"turns":5},{"damage":1,"enemies":"3 Darklings","floor":44,"turns":5},{"damage":0,"enemies":"Giant Head","floor":46,"turns":5},{"damage":0,"enemies":"Sphere and 2 Shapes","floor":47,"turns":4},{"damage":16,"enemies":"Maw","floor":48,"turns":7},{"damage":51,"enemies":"Time Eater","floor":50,"turns":14}],"event_choices":[{"event_name":"Bonfire Elementals","player_choice":"BASIC","floor":4,"damage_taken":0},{"event_name":"Mushrooms","player_choice":"Fought Mushrooms","floor":8,"damage_taken":0},{"event_name":"Purifier","player_choice":"One Purge","floor":21,"damage_taken":0},{"event_name":"Upgrade Shrine","player_choice":"Upgraded","floor":36,"damage_taken":0},{"event_name":"Mysterious Sphere","player_choice":"Fight","floor":37,"damage_taken":0},{"event_name":"SensoryStone","player_choice":"Memory 3","floor":45,"damage_taken":0}],"boss_relics":[{"not_picked":["Pandora\u0027s Box","Lizard Tail"],"picked":"Sozu"},{"not_picked":["Philosopher\u0027s Stone","Black Star"],"picked":"Eternal Feather"}],"potions_floor_spawned":[1,5,12,13,16,19,20,24,31,35,44,47,48],"seed_played":"3022855567227655813","ascension_level":0,"is_trial":false}