{"path_per_floor":["M","M","$","?","M","R","$","?","T","R","M","M","?","M","R","B",null,"M","?","?","$","M","R","E","?","T","R","E","R","$","M","R","B",null,"M","M"],"character_chosen":"THE_SILENT","items_purchased":["Vajra","Acrobatics","Backflip","Strength Potion"],"gold_per_floor":[216,233,9,9,22,22,22,52,52,52,66,83,83,97,97,201,201,213,113,113,62,72,72,104,104,158,158,189,189,16,35,35,138,138,158,176,176],"floor_reached":37,"campfire_rested":4,"playtime":1122,"current_hp_per_floor":[62,57,57,57,48,48,48,48,48,48,48,44,37,37,58,25,59,55,55,55,55,55,55,21,21,21,42,19,40,40,40,61,13,56,43,3,0],"items_purged":["Strike_G","Strike_G"],"gold":176,"score":576,"play_id":"c482458e-218f-4390-9dcb-140570cb5c48","local_time":"20180408145442","is_prod":false,"is_daily":false,"is_ascension_mode":true,"campfire_upgraded":3,"timestamp":1523217282,"path_taken":["M","M","$","?","M","R","$","?","T","R","M","?","?","M","R","BOSS","M","?","?","$","M","R","E","?","T","R","E","R","$","M","R","BOSS","M","M","M"],"build_version":"2018-04-05v2","purchased_purges":2,"victory":false,"master_deck":["Defend_G","Defend_G","Defend_G","Defend_G","Defend_G","Strike_G+1","Strike_G+1","Survivor","Neutralize","Outmaneuver","Dagger Spray+1","Backstab+1","Predator","Escape Plan","Backstab","Envenom+1","Bane","J.A.X.","Acrobatics","Prepared+1","Skewer","Dash","Backflip","Dash","Backflip+1"],"max_hp_per_floor":[70,70,70,70,70,70,70,70,70,70,70,70,70,70,70,70,70,70,70,70,70,70,70,70,70,70,70,70,70,70,70,70,70,70,70,70,70],"relics":["Ring of the Snake","Vajra","Matryoshka","Whetstone","Sundial","Runic Dome","Girya","Tiny Chest","Lantern","Omamori","Eternal Feather"],"card_choices":[{"not_picked":["Burst","Quick Slash"],"picked":"Outmaneuver","floor":1},{"not_picked":["Deflect","Poisoned Stab"],"picked":"Dagger Spray","floor":2},{"not_picked":["Infinite Blades","Quick Slash"],"picked":"Backstab","floor":5},{"not_picked":["Poisoned Stab","Reflex"],"picked":"Predator","floor":11},{"not_picked":["Riddle With Holes","Bane"],"picked":"Escape Plan","floor":12},{"not_picked":["Dagger Spray","Slice"],"picked":"Backstab","floor":14},{"not_picked":["Wraith Form","Phantasmal Killer"],"picked":"Envenom","floor":16},{"not_picked":["Sucker Punch","Dagger Spray"],"picked":"Bane","floor":18},{"not_picked":["Dodge and Roll","Dagger Spray"],"picked":"Prepared","floor":22},{"not_picked":["Calculated Gamble","Prepared"],"picked":"Skewer","floor":24},{"not_picked":["Dodge and Roll","Dagger Spray"],"picked":"Dash","floor":28},{"not_picked":["Finisher","Bane"],"picked":"Dash","floor":35},{"not_picked":["Blade Dance","Bouncing Flask"],"picked":"Backflip","floor":36}],"player_experience":442955,"potions_floor_usage":[16,16,24,33,33,33],"damage_taken":[{"damage":1,"enemies":"2 Louse","floor":1,"turns":4},{"damage":5,"enemies":"Cultist","floor":2,"turns":6},{"damage":9,"enemies":"Jaw Worm","floor":5,"turns":6},{"damage":0,"enemies":"Looter","floor":11,"turns":2},{"damage":4,"enemies":"Blue Slaver","floor":12,"turns":3},{"damage":0,"enemies":"Exordium Thugs","floor":14,"turns":3},{"damage":33,"enemies":"Hexaghost","floor":16,"turns":11},{"damage":4,"enemies":"2 Thieves","floor":18,"turns":3},{"damage":0,"enemies":"3 Byrds","floor":22,"turns":5},{"damage":34,"enemies":"Slavers","floor":24,"turns":4},{"damage":23,"enemies":"Gremlin Leader","floor":28,"turns":4},{"damage":0,"enemies":"Centurion and Healer","floor":31,"turns":3},{"damage":48,"enemies":"Champ","floor":33,"turns":10},{"damage":13,"enemies":"Orb Walker","floor":35,"turns":4},{"damage":40,"enemies":"3 Darklings","floor":36,"turns":4},{"damage":4,"enemies":"Maw","floor":37,"turns":6}],"event_choices":[{"event_name":"Wheel of Change","player_choice":"Curse","floor":4,"damage_taken":0},{"event_name":"Dead Adventurer","player_choice":"Searched \u00272\u0027 times","floor":8,"damage_taken":0},{"event_name":"Golden Wing","player_choice":"Card Removal","floor":13,"damage_taken":0},{"event_name":"Drug Dealer","player_choice":"Got JAXXED","floor":19,"damage_taken":0},{"event_name":"Vampires","player_choice":"Ignored","floor":20,"damage_taken":0},{"event_name":"Purifier","player_choice":"One Purge","floor":25,"damage_taken":0}],"boss_relics":[{"not_picked":["Tiny House","Calling Bell"],"picked":"Runic Dome"},{"not_picked":["Runic Pyramid","Philosopher\u0027s Stone"],"picked":"Eternal Feather"}],"potions_floor_spawned":[5,12,14,18,24,28,33],"seed_played":"-8653995636525080142","killed_by":"Maw","ascension_level":9,"is_trial":false}