{"path_per_floor":["M","M","M","$","M","E","R","M","T","R","$","M","R","?","R","B",null,"M","?","M","T","M","R","$","R","T","R","M","$","E","M","R"],"character_chosen":"THE_SILENT","items_purchased":["Deadly Poison","Infinite Blades","Deadly Poison","Acrobatics","Ancient Potion","Bouncing Flask","Noxious Fumes"],"gold_per_floor":[114,133,152,36,46,79,79,98,177,177,78,98,98,63,63,166,166,186,186,204,253,271,271,122,122,122,122,139,69,100,119,119,119],"floor_reached":33,"campfire_rested":5,"playtime":1045,"current_hp_per_floor":[55,51,51,51,37,8,29,26,26,47,47,28,49,66,66,14,56,56,56,54,54,22,43,43,43,43,43,39,39,16,16,39,0],"items_purged":["Strike_G"],"gold":119,"score":401,"play_id":"f7aadcdf-0ec7-44b7-99a6-f3f86efd753d","local_time":"20180415150843","is_prod":false,"is_daily":false,"chose_seed":false,"is_ascension_mode":true,"campfire_upgraded":3,"timestamp":1523822923,"path_taken":["M","M","M","$","M","E","R","M","T","R","$","M","R","?","R","BOSS","M","?","M","?","M","R","$","R","T","R","M","$","E","M","R","BOSS"],"build_version":"2018-04-12","seed_source_timestamp":66887721403020,"purchased_purges":2,"victory":false,"master_deck":["Survivor","Neutralize","AscendersBane","Acrobatics","Flying Knee","Backflip","Deadly Poison","Infinite Blades","Dash","Tactician","Dagger Spray+1","Deadly Poison","Dagger Throw","Burst+1","Backflip","Dagger Spray","Slice","Caltrops","Slice","Prepared","Outmaneuver","Flechettes","Predator","Tactician","Slice+1","Acrobatics","Footwork+1","Acrobatics","Bouncing Flask+1","Deflect","Noxious Fumes","Adrenaline","Tactician"],"max_hp_per_floor":[70,70,70,70,70,70,70,70,70,70,70,70,70,70,70,70,70,70,70,70,70,70,70,70,70,70,70,70,70,77,77,77,77],"relics":["Philosopher\u0027s Stone","Smiling Mask","Dodecahedron","Pandora\u0027s Box","Dream Catcher","Bag of Preparation","Strawberry"],"card_choices":[{"not_picked":["Outmaneuver","Slice"],"picked":"Acrobatics","floor":1},{"not_picked":["Noxious Fumes","Blade Dance"],"picked":"Flying Knee","floor":2},{"not_picked":["Riddle With Holes","Bane"],"picked":"Backflip","floor":3},{"not_picked":["Dagger Throw","Caltrops"],"picked":"Dash","floor":5},{"not_picked":["Well Laid Plans","Phantasmal Killer"],"picked":"Tactician","floor":6},{"not_picked":["Well Laid Plans","Poisoned Stab"],"picked":"Dagger Spray","floor":8},{"not_picked":["Dodge and Roll","Calculated Gamble"],"picked":"Dagger Throw","floor":12},{"not_picked":["Night Terror","A Thousand Cuts"],"picked":"Burst","floor":16},{"not_picked":["Outmaneuver","Escape Plan"],"picked":"Slice","floor":20},{"not_picked":["Outmaneuver","Masterful Stab"],"picked":"Acrobatics","floor":22},{"not_picked":["Slice","Dagger Spray"],"picked":"Footwork","floor":23},{"not_picked":["Sucker Punch","Bane"],"picked":"Deflect","floor":28},{"not_picked":["PiercingWail","Outmaneuver"],"picked":"Adrenaline","floor":30},{"not_picked":["Cloak And Dagger","Concentrate"],"picked":"Tactician","floor":32}],"player_experience":463436,"potions_floor_usage":[16,28,30,30,30],"damage_taken":[{"damage":8,"enemies":"Jaw Worm","floor":1,"turns":6},{"damage":4,"enemies":"2 Louse","floor":2,"turns":3},{"damage":0,"enemies":"Cultist","floor":3,"turns":3},{"damage":14,"enemies":"2 Fungi Beasts","floor":5,"turns":4},{"damage":29,"enemies":"Gremlin Nob","floor":6,"turns":5},{"damage":3,"enemies":"Red Slaver","floor":8,"turns":5},{"damage":19,"enemies":"Large Slime","floor":12,"turns":7},{"damage":52,"enemies":"Slime Boss","floor":16,"turns":12},{"damage":0,"enemies":"3 Byrds","floor":18,"turns":4},{"damage":2,"enemies":"Chosen","floor":20,"turns":4},{"damage":32,"enemies":"Snake Plant","floor":22,"turns":4},{"damage":4,"enemies":"Cultist and Chosen","floor":28,"turns":4},{"damage":30,"enemies":"Slavers","floor":30,"turns":4},{"damage":0,"enemies":"Centurion and Healer","floor":31,"turns":5},{"damage":45,"enemies":"Champ","floor":33,"turns":6}],"event_choices":[{"event_name":"The Cleric","player_choice":"Healed","floor":14,"damage_taken":0},{"event_name":"Duplicator","player_choice":"One dupe","floor":19,"damage_taken":0}],"boss_relics":[{"not_picked":["Lizard Tail","Calling Bell"],"picked":"Pandora\u0027s Box"}],"potions_floor_spawned":[2,3,6,8,18,28],"seed_played":"2959799899057319160","killed_by":"Champ","ascension_level":10,"is_trial":false}