{"path_per_floor":["M","?","?","M","$","E","R","E","T","T","?","R","M","M","R","B",null,"M","$","?","M","?"],"character_chosen":"THE_SILENT","items_purchased":["Underhanded Strike","Torii"],"gold_per_floor":[114,64,64,75,24,59,59,87,136,136,165,165,175,192,192,287,287,298,6,6,21,21,21],"floor_reached":23,"campfire_rested":2,"playtime":858,"current_hp_per_floor":[70,70,70,69,69,58,58,47,47,47,28,49,49,28,49,51,70,68,68,35,35,31,0],"items_purged":[],"gold":21,"score":298,"play_id":"7d4e8dfa-9732-49a5-ad32-2d5e59e9576b","local_time":"20180409114858","is_prod":false,"is_daily":false,"is_ascension_mode":true,"campfire_upgraded":1,"timestamp":1523288938,"path_taken":["M","?","?","?","$","E","R","E","T","?","?","R","M","?","R","BOSS","M","$","?","?","?","E"],"build_version":"2018-04-05v2","purchased_purges":1,"victory":false,"master_deck":["Defend_G","Defend_G","Defend_G","Defend_G","Defend_G","Strike_G","Strike_G","Strike_G","Strike_G","Survivor","Neutralize+1","Underhanded Strike+1","Envenom","Underhanded Strike+1","Prepared+1","Adrenaline","Distraction","Riddle With Holes","Concentrate","After Image","Ghostly","Ghostly","Ghostly","Ghostly","Ghostly"],"max_hp_per_floor":[70,70,70,70,70,70,70,70,70,70,70,70,70,70,70,70,70,70,70,35,35,40,40],"relics":["Snecko Eye","Whetstone","Lantern","Pen Nib","Bird Faced Urn","Odd Mushroom","Sozu","Torii"],"card_choices":[{"not_picked":["Slice","Dodge and Roll"],"picked":"Underhanded Strike","floor":1},{"not_picked":["Dodge and Roll","Cloak And Dagger"],"picked":"Envenom","floor":4},{"not_picked":["Sucker Punch","Deadly Poison"],"picked":"Prepared","floor":6},{"not_picked":["Outmaneuver","Dagger Throw"],"picked":"Adrenaline","floor":8},{"not_picked":["Flechettes","PiercingWail"],"picked":"Distraction","floor":11},{"not_picked":["All Out Attack","Cloak And Dagger"],"picked":"Riddle With Holes","floor":13},{"not_picked":["Backflip","Underhanded Strike"],"picked":"Concentrate","floor":14},{"not_picked":["Grand Finale","Bullet Time"],"picked":"After Image","floor":16}],"player_experience":239976,"potions_floor_usage":[6,8,14,16],"damage_taken":[{"damage":0,"enemies":"2 Louse","floor":1,"turns":2},{"damage":1,"enemies":"Cultist","floor":4,"turns":4},{"damage":11,"enemies":"Lagavulin","floor":6,"turns":6},{"damage":11,"enemies":"Gremlin Nob","floor":8,"turns":4},{"damage":21,"enemies":"The Mushroom Lair","floor":11,"turns":3},{"damage":0,"enemies":"Jaw Worm","floor":13,"turns":1},{"damage":23,"enemies":"Exordium Thugs","floor":14,"turns":4},{"damage":0,"enemies":"Slime Boss","floor":16,"turns":6},{"damage":4,"enemies":"3 Byrds","floor":18,"turns":5},{"damage":2,"enemies":"2 Thieves","floor":21,"turns":4},{"damage":35,"enemies":"Slavers","floor":23,"turns":7}],"event_choices":[{"event_name":"The Cleric","player_choice":"Card Removal","floor":2,"damage_taken":0},{"event_name":"Upgrade Shrine","player_choice":"Upgraded","floor":3,"damage_taken":0},{"event_name":"Mushrooms","player_choice":"Fought Mushrooms","floor":11,"damage_taken":0},{"event_name":"Ghosts","player_choice":"Became a Ghost","floor":20,"damage_taken":0},{"event_name":"Forgotten Altar","player_choice":"Shed Blood","floor":22,"damage_taken":0}],"boss_relics":[{"not_picked":["Astrolabe","Lizard Tail"],"picked":"Sozu"}],"potions_floor_spawned":[4,6,11,14,16,18],"seed_played":"2438295604102045251","killed_by":"Slavers","ascension_level":2,"is_trial":false}