{"path_per_floor":["M","?","?","$","M","E","M","R","T","E","R","M","E","M","R","B",null,"M","?","M","M","$"],"character_chosen":"THE_SILENT","items_purchased":["Cloak And Dagger","Noxious Fumes","Bandage Up","Pear"],"gold_per_floor":[114,114,114,31,46,86,106,106,106,147,147,168,206,219,219,345,345,363,393,406,431,8,8],"floor_reached":23,"campfire_rested":3,"playtime":865,"current_hp_per_floor":[62,47,41,41,38,18,18,36,36,27,60,57,32,31,63,31,63,48,48,29,7,17,0],"items_purged":["Strike_G"],"gold":8,"score":243,"play_id":"ba963239-840f-4049-b3a2-f43b0033a628","local_time":"20180408131150","is_prod":false,"is_daily":false,"is_ascension_mode":true,"campfire_upgraded":0,"timestamp":1523185910,"path_taken":["M","?","?","?","?","E","M","R","T","E","R","M","E","M","R","BOSS","M","?","?","M","$","E"],"build_version":"2018-04-05v2","purchased_purges":1,"victory":false,"master_deck":["Defend_G","Defend_G","Defend_G","Defend_G","Defend_G","Strike_G","Strike_G","Strike_G","Strike_G","Survivor","Neutralize","Flying Knee","Cloak And Dagger","Noxious Fumes","Dagger Spray","Catalyst","Outmaneuver","Bane","Deadly Poison","Catalyst","Adrenaline","Setup+1","Deadly Poison","Dodge and Roll+1","Bandage Up"],"max_hp_per_floor":[63,63,63,63,63,63,63,63,63,63,63,63,63,63,63,63,63,63,63,63,63,73,73],"relics":["Ring of the Snake","Calipers","Golden Idol","Bag of Marbles","Unceasing Top","Regal Pillow","Prayer Wheel","Cursed Key","Tiny Chest","Pear"],"card_choices":[{"not_picked":["Deflect","Prepared"],"picked":"Flying Knee","floor":1},{"not_picked":["Reflex","Eviscerate"],"picked":"Dagger Spray","floor":5},{"not_picked":["Wraith Form","Blade Dance"],"picked":"Catalyst","floor":6},{"not_picked":["Dagger Spray","Caltrops"],"picked":"Outmaneuver","floor":7},{"not_picked":["Choke","Outmaneuver"],"picked":"Bane","floor":10},{"not_picked":["Die Die Die","Tactician"],"picked":"Deadly Poison","floor":13},{"not_picked":["Slice","Calculated Gamble"],"picked":"Catalyst","floor":14},{"not_picked":["Unload","Grand Finale"],"picked":"Adrenaline","floor":16},{"not_picked":["Quick Slash","Slice"],"picked":"Setup","floor":18},{"not_picked":["Poisoned Stab","Eviscerate"],"picked":"Deadly Poison","floor":20},{"not_picked":["Caltrops","Wraith Form"],"picked":"Dodge and Roll","floor":21}],"player_experience":364104,"potions_floor_usage":[6,13,13,20,21,23],"damage_taken":[{"damage":1,"enemies":"2 Louse","floor":1,"turns":3},{"damage":3,"enemies":"Jaw Worm","floor":5,"turns":4},{"damage":20,"enemies":"Lagavulin","floor":6,"turns":8},{"damage":0,"enemies":"Cultist","floor":7,"turns":3},{"damage":9,"enemies":"3 Sentries","floor":10,"turns":6},{"damage":3,"enemies":"Looter","floor":12,"turns":3},{"damage":25,"enemies":"Lagavulin","floor":13,"turns":6},{"damage":1,"enemies":"Exordium Wildlife","floor":14,"turns":3},{"damage":32,"enemies":"Hexaghost","floor":16,"turns":8},{"damage":15,"enemies":"Spheric Guardian","floor":18,"turns":5},{"damage":19,"enemies":"Chosen","floor":20,"turns":5},{"damage":37,"enemies":"Snake Plant","floor":21,"turns":5},{"damage":25,"enemies":"Slavers","floor":23,"turns":3}],"event_choices":[{"event_name":"Golden Idol","player_choice":"Take Damage","floor":2,"damage_taken":0},{"event_name":"Wheel of Change","player_choice":"Damage","floor":3,"damage_taken":0},{"event_name":"The Mausoleum","player_choice":"Yes","floor":19,"damage_taken":0}],"boss_relics":[{"not_picked":["White Beast Statue","Runic Dome"],"picked":"Cursed Key"}],"potions_floor_spawned":[5,6,7,14,20,21],"seed_played":"7877040073912039618","killed_by":"Slavers","ascension_level":3,"is_trial":false}