{"path_per_floor":["M","$","?","M","M","R","E","M","T","M","R","T","R","M","R","B",null,"M","?","?","M"],"character_chosen":"THE_SILENT","items_purchased":[],"gold_per_floor":[109,34,34,47,65,65,93,109,185,200,200,274,274,285,285,389,389,406,406,456,466,466],"floor_reached":22,"campfire_rested":3,"playtime":1658,"current_hp_per_floor":[57,57,57,50,40,61,38,32,32,32,53,53,53,49,70,7,70,57,41,41,39,0],"items_purged":["Doubt"],"gold":466,"score":186,"play_id":"e9683b39-8c0d-4a67-af3d-ebe827631319","local_time":"20180415220545","is_prod":false,"is_daily":false,"chose_seed":false,"is_ascension_mode":false,"campfire_upgraded":1,"timestamp":1523844345,"path_taken":["M","$","?","?","?","R","E","M","T","?","R","?","R","M","R","BOSS","M","?","?","M","M"],"build_version":"2018-04-12","seed_source_timestamp":41847252918356,"purchased_purges":1,"victory":false,"master_deck":["Defend_G","Defend_G","Defend_G","Defend_G","Strike_G","Strike_G","Strike_G","Strike_G","Survivor","Neutralize","Infinite Blades+1","Endless Agony","Predator","Quick Slash","Noxious Fumes","Unload","A Thousand Cuts+1","Decay","Dodge and Roll+1","Quick Slash"],"max_hp_per_floor":[70,70,70,70,70,70,70,70,70,70,70,70,70,70,70,70,70,70,70,70,70,70],"relics":["Ring of the Snake","Bird Faced Urn","Ornamental Fan","Orichalcum","Paper Crane","Toxic Egg 2","Astrolabe"],"card_choices":[{"not_picked":["Quick Slash","Dagger Throw"],"picked":"Infinite Blades","floor":5},{"not_picked":["Dodge and Roll","Malaise"],"picked":"Endless Agony","floor":7},{"not_picked":["Flying Knee","Dagger Spray"],"picked":"Predator","floor":8},{"not_picked":["Masterful Stab","Dodge and Roll"],"picked":"Quick Slash","floor":10},{"not_picked":["PiercingWail","Bane"],"picked":"Noxious Fumes","floor":14},{"not_picked":["Corpse Explosion","Tactician"],"picked":"Unload","floor":16},{"not_picked":["Poisoned Stab","Unload"],"picked":"Quick Slash","floor":21}],"player_experience":51893,"potions_floor_usage":[16,16,16],"damage_taken":[{"damage":13,"enemies":"Jaw Worm","floor":1,"turns":6},{"damage":7,"enemies":"2 Louse","floor":4,"turns":3},{"damage":10,"enemies":"Cultist","floor":5,"turns":5},{"damage":25,"enemies":"3 Sentries","floor":7,"turns":10},{"damage":8,"enemies":"Lots of Slimes","floor":8,"turns":5},{"damage":2,"enemies":"Exordium Wildlife","floor":10,"turns":3},{"damage":6,"enemies":"Blue Slaver","floor":14,"turns":3},{"damage":63,"enemies":"The Guardian","floor":16,"turns":12},{"damage":15,"enemies":"3 Byrds","floor":18,"turns":5},{"damage":8,"enemies":"Chosen","floor":21,"turns":4},{"damage":48,"enemies":"Slaver and Parasite","floor":22,"turns":7}],"event_choices":[{"event_name":"Big Fish","player_choice":"Box","floor":3,"damage_taken":0},{"event_name":"Cursed Tome","player_choice":"Obtained Book","floor":19,"damage_taken":0},{"event_name":"The Joust","player_choice":"Bet on Murderer","floor":20,"damage_taken":0}],"boss_relics":[{"not_picked":["Eternal Feather","Ectoplasm"],"picked":"Astrolabe"}],"potions_floor_spawned":[4,5,8,16,21],"seed_played":"-2770507567070615154","killed_by":"Slaver and Parasite","ascension_level":0,"is_trial":false}