{"path_per_floor":["M","M","?","M","$","R","E","R","T","E","R","E","M","M","R","B",null,"M","M","M","$","?","R","E","R","T","M","E"],"character_chosen":"THE_SILENT","items_purchased":["Predator","Toxic Egg 2"],"gold_per_floor":[112,132,132,152,7,7,38,38,61,90,90,124,137,154,154,259,259,225,245,265,22,22,22,48,48,117,131,156,156],"floor_reached":29,"campfire_rested":3,"playtime":1544,"current_hp_per_floor":[63,62,62,62,62,62,40,40,40,36,57,62,64,63,63,32,76,59,45,24,24,24,46,10,32,32,29,9,0],"items_purged":["Injury"],"gold":156,"score":325,"play_id":"681f2a80-ad53-401e-8921-e79e73ed9213","local_time":"20180407204435","is_prod":false,"is_daily":false,"is_ascension_mode":true,"campfire_upgraded":3,"timestamp":1523126675,"path_taken":["M","?","?","M","$","R","E","R","T","E","R","E","M","?","R","BOSS","M","M","M","$","?","R","E","R","T","M","E","M"],"build_version":"2018-04-05v2","purchased_purges":1,"victory":false,"master_deck":["Defend_G","Defend_G","Defend_G","Defend_G","Strike_G","Strike_G","Strike_G","Strike_G","Strike_G","Survivor+1","Neutralize","Dodge and Roll","Bane","Outmaneuver","Predator+1","Setup+1","Well Laid Plans","PiercingWail","Bouncing Flask","Noxious Fumes","PiercingWail","Dodge and Roll+1","Adrenaline+1","Terror+1","Bane","Skewer+1"],"max_hp_per_floor":[70,70,70,70,70,70,70,70,70,70,70,70,72,74,74,76,76,76,76,76,76,76,76,76,76,76,76,76,76],"relics":["Ring of the Snake","Gambling Chip","Singing Bowl","Vajra","Prayer Wheel","Art of War","Sozu","Toxic Egg 2","Calipers","Bottled Lightning","Juzu Bracelet"],"card_choices":[{"not_picked":["Concentrate","Quick Slash"],"picked":"Dodge and Roll","floor":1},{"not_picked":["All Out Attack","Bouncing Flask"],"picked":"Bane","floor":2},{"not_picked":["Underhanded Strike","Deflect"],"picked":"Outmaneuver","floor":4},{"not_picked":["Infinite Blades","Prepared"],"picked":"Setup","floor":7},{"not_picked":["Tactician","Crippling Poison"],"picked":"Well Laid Plans","floor":10},{"not_picked":["Deadly Poison","Bane"],"picked":"PiercingWail","floor":12},{"not_picked":["Sucker Punch","Cloak And Dagger"],"picked":"Bouncing Flask","floor":18},{"not_picked":["Well Laid Plans","Dodge and Roll"],"picked":"Noxious Fumes","floor":19},{"not_picked":["Slice","Sucker Punch"],"picked":"PiercingWail","floor":20},{"not_picked":["PiercingWail","Tools of the Trade"],"picked":"Adrenaline","floor":24},{"not_picked":["Sucker Punch","Backstab"],"picked":"Terror","floor":26},{"not_picked":["Outmaneuver","Poisoned Stab"],"picked":"Bane","floor":27},{"not_picked":["Envenom","Dagger Spray"],"picked":"Skewer","floor":28}],"player_experience":355547,"potions_floor_usage":[10,10,12,18,28],"damage_taken":[{"damage":7,"enemies":"Cultist","floor":1,"turns":4},{"damage":1,"enemies":"Jaw Worm","floor":2,"turns":5},{"damage":0,"enemies":"2 Louse","floor":4,"turns":5},{"damage":22,"enemies":"Gremlin Nob","floor":7,"turns":4},{"damage":19,"enemies":"Lagavulin","floor":10,"turns":6},{"damage":10,"enemies":"3 Sentries","floor":12,"turns":8},{"damage":0,"enemies":"Blue Slaver","floor":13,"turns":2},{"damage":3,"enemies":"Exordium Wildlife","floor":14,"turns":5},{"damage":33,"enemies":"The Guardian","floor":16,"turns":15},{"damage":17,"enemies":"2 Thieves","floor":18,"turns":5},{"damage":14,"enemies":"Chosen","floor":19,"turns":5},{"damage":21,"enemies":"Snake Plant","floor":20,"turns":4},{"damage":36,"enemies":"Book of Stabbing","floor":24,"turns":6},{"damage":3,"enemies":"Centurion and Healer","floor":27,"turns":7},{"damage":20,"enemies":"Slavers","floor":28,"turns":6},{"damage":26,"enemies":"Snecko","floor":29,"turns":3}],"event_choices":[{"event_name":"Liars Game","player_choice":"disagreed","floor":3,"damage_taken":0},{"event_name":"Transmorgrifier","player_choice":"Transform","floor":22,"damage_taken":0}],"boss_relics":[{"not_picked":["Philosopher\u0027s Stone","Ectoplasm"],"picked":"Sozu"}],"potions_floor_spawned":[1,4,10,13,16,24,27,28],"seed_played":"7420286465483202696","killed_by":"Snecko","ascension_level":3,"is_trial":false}