{"path_per_floor":["M","?","?","M","M","R","M","E","T","E","M","$","?","M","R","B",null,"M","?","M","?","$","R","E","$","T","R","E","?","?","M","R"],"character_chosen":"THE_SILENT","items_purchased":["Die Die Die"],"gold_per_floor":[99,99,99,99,99,99,99,99,99,99,99,20,20,5,5,5,5,5,5,5,5,5,5,5,5,5,5,5,5,5,5,5,5],"floor_reached":33,"campfire_rested":2,"playtime":16924,"current_hp_per_floor":[66,66,66,66,60,60,68,68,68,63,63,63,52,31,52,29,70,64,64,63,63,63,63,33,33,40,40,21,21,5,7,45,0],"items_purged":[],"gold":5,"score":322,"play_id":"c93dd07f-b503-4ca9-8f74-bb49f96e26de","local_time":"20180409171000","is_prod":false,"is_daily":false,"is_ascension_mode":true,"campfire_upgraded":3,"timestamp":1523308200,"path_taken":["M","?","?","M","M","R","M","E","T","E","?","?","?","M","R","BOSS","M","?","?","?","$","R","E","$","T","R","E","?","?","M","R","BOSS"],"build_version":"2018-04-05v2","purchased_purges":0,"victory":false,"master_deck":["Defend_G","Defend_G","Defend_G","Defend_G","Defend_G","Strike_G","Strike_G","Strike_G","Strike_G","Strike_G","Survivor","Neutralize","Predator","Storm of Steel","Underhanded Strike","Backflip","Prepared+1","Calculated Gamble+1","Dagger Throw","Slice","Die Die Die","Tools of the Trade","Die Die Die","Regret","Doubt","Writhe","Deflect","Riddle With Holes+1","Decay","Leg Sweep+1","Burst+1","Slice","Terror"],"max_hp_per_floor":[70,70,70,70,70,70,70,70,70,70,70,70,70,70,70,70,70,70,70,70,70,70,70,70,70,77,77,77,77,77,77,77,77],"relics":["Ectoplasm","Happy Flower","Bird Faced Urn","Du-Vu Doll","Calling Bell","Singing Bowl","Prayer Wheel","Regal Pillow","Pen Nib","Strawberry","Mummified Hand","Enchiridion"],"card_choices":[{"not_picked":["Poisoned Stab","All Out Attack"],"picked":"Predator","floor":1},{"not_picked":["Bane","Catalyst"],"picked":"Backflip","floor":4},{"not_picked":["Slice","Deflect"],"picked":"Prepared","floor":5},{"not_picked":["Slice","Acrobatics"],"picked":"Calculated Gamble","floor":7},{"not_picked":["Predator","Calculated Gamble"],"picked":"Dagger Throw","floor":8},{"not_picked":["Outmaneuver","Dash"],"picked":"Slice","floor":11},{"not_picked":["Underhanded Strike","Accuracy"],"picked":"Tools of the Trade","floor":14},{"not_picked":["A Thousand Cuts","Grand Finale"],"picked":"Die Die Die","floor":16},{"not_picked":["Acrobatics","Underhanded Strike"],"picked":"Deflect","floor":18},{"not_picked":["Prepared","Flechettes"],"picked":"Riddle With Holes","floor":20},{"not_picked":["Masterful Stab","Acrobatics"],"picked":"Leg Sweep","floor":24},{"not_picked":["Skewer","Sucker Punch"],"picked":"Burst","floor":26},{"not_picked":["Dagger Throw","Deadly Poison"],"picked":"Slice","floor":28},{"not_picked":["Outmaneuver","Calculated Gamble"],"picked":"Terror","floor":31}],"player_experience":243141,"potions_floor_usage":[7,8,16,24,24,33],"damage_taken":[{"damage":4,"enemies":"Small Slimes","floor":1,"turns":4},{"damage":0,"enemies":"Jaw Worm","floor":4,"turns":4},{"damage":6,"enemies":"2 Louse","floor":5,"turns":2},{"damage":7,"enemies":"Gremlin Gang","floor":7,"turns":7},{"damage":11,"enemies":"3 Sentries","floor":8,"turns":7},{"damage":5,"enemies":"Lagavulin","floor":10,"turns":5},{"damage":0,"enemies":"3 Louse","floor":11,"turns":2},{"damage":21,"enemies":"Exordium Thugs","floor":14,"turns":3},{"damage":25,"enemies":"Hexaghost","floor":16,"turns":9},{"damage":6,"enemies":"Shell Parasite","floor":18,"turns":3},{"damage":1,"enemies":"Spheric Guardian","floor":20,"turns":3},{"damage":39,"enemies":"Slavers","floor":24,"turns":4},{"damage":19,"enemies":"Gremlin Leader","floor":28,"turns":4},{"damage":0,"enemies":"Cultist and Chosen","floor":31,"turns":4},{"damage":55,"enemies":"Champ","floor":33,"turns":9}],"event_choices":[{"event_name":"Liars Game","player_choice":"disagreed","floor":2,"damage_taken":0},{"event_name":"Match and Keep!","player_choice":"2 cards matched","floor":3,"damage_taken":0},{"event_name":"World of Goop","player_choice":"Gather Gold","floor":13,"damage_taken":0},{"event_name":"Drug Dealer","player_choice":"Ignored","floor":19,"damage_taken":0},{"event_name":"Forgotten Altar","player_choice":"Smashed Altar","floor":21,"damage_taken":0},{"event_name":"Addict","player_choice":"Ignored","floor":29,"damage_taken":0},{"event_name":"Cursed Tome","player_choice":"Obtained Book","floor":30,"damage_taken":0}],"boss_relics":[{"not_picked":["Black Star","Orrery"],"picked":"Calling Bell"}],"potions_floor_spawned":[5,7,10,14,16,20],"seed_played":"1419303070824536205","killed_by":"Champ","ascension_level":2,"is_trial":false}