{"path_per_floor":["M","T","?","$","?","E","M","R","T","M","E","T","?","M","R","B",null,"M","M","$","?","?","E","R","E","T","M","T","E","$","?","R","B",null,"M","?","T","M","M","R","E","M","T","$","M","M","R","$","R","B"],"character_chosen":"THE_SILENT","items_purchased":["Skewer","Eviscerate","Footwork","Dodge and Roll","Regal Pillow","Catalyst"],"gold_per_floor":[116,143,143,31,31,65,75,75,100,120,149,149,149,166,166,268,268,281,300,118,18,18,80,80,111,138,156,179,208,2,2,2,98,98,110,110,133,146,159,159,188,207,207,157,172,190,190,122,122,122],"floor_reached":51,"campfire_rested":3,"playtime":2669,"current_hp_per_floor":[69,69,62,62,67,44,44,44,44,44,41,41,41,43,65,23,75,65,67,67,67,67,43,43,41,41,39,39,7,7,7,44,6,75,75,75,75,65,64,64,54,41,55,55,42,27,68,68,68,54],"items_purged":["Eviscerate","Choke","Dagger Throw"],"gold":122,"score":801,"play_id":"e2b4063b-80aa-4f8d-8fd3-6fedbfc8a380","local_time":"20180409112000","is_prod":false,"is_daily":false,"is_ascension_mode":true,"campfire_upgraded":4,"timestamp":1523287200,"path_taken":["M","?","?","$","?","E","?","R","T","M","E","?","?","M","R","BOSS","M","M","$","?","?","E","R","E","T","M","?","E","$","?","R","BOSS","M","?","?","M","M","R","E","M","T","$","M","M","R","$","R","BOSS"],"build_version":"2018-04-05v2","purchased_purges":3,"victory":true,"master_deck":["Survivor","Neutralize","Skewer+1","Die Die Die","Deflect","Acrobatics","Bane","Envenom+1","Leg Sweep","Backstab","Slice","Backstab+1","Poisoned Stab+1","Dash","Escape Plan","Footwork","Dodge and Roll","J.A.X.+1","Riddle With Holes","Underhanded Strike","Acrobatics","Backflip","Terror+1","Adrenaline","Deflect+1","Footwork","Backflip+1","Riddle With Holes+1","Bane+1","Underhanded Strike","Catalyst+1"],"max_hp_per_floor":[70,70,70,70,75,75,75,75,75,75,75,75,75,75,75,75,75,75,75,75,75,75,75,75,75,75,75,75,75,75,75,75,75,75,75,75,75,75,75,75,75,75,89,89,89,89,89,89,89,89],"relics":["Runic Dome","Oddly Smooth Stone","Smiling Mask","Ancient Tea Set","Blood Vial","Calipers","Pandora\u0027s Box","Tiny Chest","Prayer Wheel","Lantern","Vajra","Bag of Marbles","Regal Pillow","Sozu","Whetstone","Happy Flower","Mango"],"card_choices":[{"not_picked":["Setup","Acrobatics"],"picked":"Dagger Throw","floor":1},{"not_picked":["Distraction","Bouncing Flask"],"picked":"Die Die Die","floor":6},{"not_picked":["Outmaneuver","Dodge and Roll"],"picked":"Deflect","floor":7},{"not_picked":["Flying Knee","Cloak And Dagger"],"picked":"Acrobatics","floor":10},{"not_picked":["Dodge and Roll","PiercingWail"],"picked":"Predator","floor":11},{"not_picked":["Die Die Die","Burst"],"picked":"Envenom","floor":16},{"not_picked":["Cloak And Dagger","Endless Agony"],"picked":"Escape Plan","floor":18},{"not_picked":["Slice","Crippling Poison"],"picked":"Riddle With Holes","floor":23},{"not_picked":["Acrobatics","Deflect"],"picked":"Underhanded Strike","floor":25},{"not_picked":["Leg Sweep","A Thousand Cuts"],"picked":"Acrobatics","floor":26},{"not_picked":["Deadly Poison","Sucker Punch"],"picked":"Backflip","floor":28},{"not_picked":["Dagger Spray","Deflect"],"picked":"Terror","floor":29},{"not_picked":["Unload","After Image"],"picked":"Adrenaline","floor":33},{"not_picked":["Prepared","Distraction"],"picked":"Deflect","floor":35},{"not_picked":["Infinite Blades","Deadly Poison"],"picked":"Footwork","floor":37},{"not_picked":["Choke","Acrobatics"],"picked":"Backflip","floor":41},{"not_picked":["Prepared","All Out Attack"],"picked":"Riddle With Holes","floor":42},{"not_picked":["Dagger Throw","Masterful Stab"],"picked":"Bane","floor":43},{"not_picked":["Dodge and Roll","Outmaneuver"],"picked":"Underhanded Strike","floor":45}],"player_experience":236518,"potions_floor_usage":[23,25,25,25,27,29],"damage_taken":[{"damage":1,"enemies":"Cultist","floor":1,"turns":4},{"damage":23,"enemies":"Lagavulin","floor":6,"turns":8},{"damage":0,"enemies":"Small Slimes","floor":7,"turns":1},{"damage":0,"enemies":"Jaw Worm","floor":10,"turns":1},{"damage":3,"enemies":"3 Sentries","floor":11,"turns":4},{"damage":0,"enemies":"Large Slime","floor":14,"turns":3},{"damage":44,"enemies":"The Guardian","floor":16,"turns":11},{"damage":10,"enemies":"3 Byrds","floor":18,"turns":3},{"damage":0,"enemies":"Spheric Guardian","floor":19,"turns":2},{"damage":26,"enemies":"Slavers","floor":23,"turns":4},{"damage":4,"enemies":"Book of Stabbing","floor":25,"turns":3},{"damage":4,"enemies":"Snake Plant","floor":27,"turns":3},{"damage":34,"enemies":"Gremlin Leader","floor":29,"turns":6},{"damage":40,"enemies":"Collector","floor":33,"turns":9},{"damage":0,"enemies":"Orb Walker","floor":35,"turns":2},{"damage":10,"enemies":"3 Darklings","floor":38,"turns":4},{"damage":3,"enemies":"Maw","floor":39,"turns":5},{"damage":12,"enemies":"Nemesis","floor":41,"turns":3},{"damage":15,"enemies":"4 Shapes","floor":42,"turns":4},{"damage":15,"enemies":"Sphere and 2 Shapes","floor":45,"turns":3},{"damage":17,"enemies":"3 Darklings","floor":46,"turns":4},{"damage":16,"enemies":"Donu and Deca","floor":50,"turns":6}],"event_choices":[{"event_name":"Golden Wing","player_choice":"Card Removal","floor":3,"damage_taken":0},{"event_name":"Big Fish","player_choice":"Donut","floor":5,"damage_taken":0},{"event_name":"Living Wall","player_choice":"Change","floor":13,"damage_taken":0},{"event_name":"Drug Dealer","player_choice":"Got JAXXED","floor":21,"damage_taken":0},{"event_name":"Beggar","player_choice":"Ignored","floor":22,"damage_taken":0},{"event_name":"Back to Basics","player_choice":"Elegance","floor":31,"damage_taken":0}],"boss_relics":[{"not_picked":["Orrery","Snecko Eye"],"picked":"Pandora\u0027s Box"},{"not_picked":["Cursed Key","Lizard Tail"],"picked":"Sozu"}],"potions_floor_spawned":[1,7,10,11,23,25,27,39,41,46],"seed_played":"-3123245548135431544","ascension_level":1,"is_trial":false}