{"path_per_floor":["M","?","M","T","?","R","E","M","T","M","M","R","$","M","R","B",null,"M","?","$","?","?","R","M"],"character_chosen":"THE_SILENT","items_purchased":["Oddly Smooth Stone","Footwork"],"gold_per_floor":[112,171,190,190,190,190,225,241,241,260,274,274,44,59,59,159,159,175,175,107,7,7,7,20,20],"floor_reached":25,"campfire_rested":1,"playtime":661,"current_hp_per_floor":[56,56,56,56,56,56,42,41,41,40,39,39,39,39,60,50,65,46,46,46,46,46,54,21,0],"items_purged":["Grand Finale"],"gold":20,"score":291,"play_id":"5b06f18f-7c24-41df-bb27-bebf482231db","local_time":"20180408150551","is_prod":false,"is_daily":false,"is_ascension_mode":true,"campfire_upgraded":3,"timestamp":1523217951,"path_taken":["M","?","M","?","?","R","E","M","T","M","?","R","$","M","R","BOSS","M","?","$","?","?","R","M","?"],"build_version":"2018-04-05v2","purchased_purges":2,"victory":false,"master_deck":["Defend_G","Defend_G","Defend_G","Defend_G","Strike_G","Strike_G","Strike_G","Survivor","Neutralize+1","Backstab+1","Infinite Blades+1","Blade Dance","Quick Slash","Backflip","Acrobatics","Cloak And Dagger+1","Blade Dance+1","Tactician","Dagger Spray","Footwork","J.A.X."],"max_hp_per_floor":[70,70,70,70,70,70,70,70,70,70,70,70,70,70,70,70,70,70,70,70,70,70,70,70,70],"relics":["Astrolabe","Torii","Pantograph","Letter Opener","Oddly Smooth Stone","Eternal Feather"],"card_choices":[{"not_picked":["Deadly Poison","Bane"],"picked":"Blade Dance","floor":1},{"not_picked":["Flying Knee","Underhanded Strike"],"picked":"Quick Slash","floor":3},{"not_picked":["Slice","Sucker Punch"],"picked":"Backflip","floor":7},{"not_picked":["Envenom","Deadly Poison"],"picked":"Acrobatics","floor":10},{"not_picked":["Deadly Poison","Prepared"],"picked":"Cloak And Dagger","floor":11},{"not_picked":["Well Laid Plans","Flying Knee"],"picked":"Blade Dance","floor":14},{"not_picked":["Doppelganger","Unload"],"picked":"Tactician","floor":16},{"not_picked":["Prepared","Slice"],"picked":"Dagger Spray","floor":18}],"player_experience":444077,"potions_floor_usage":[7,18,25],"damage_taken":[{"damage":7,"enemies":"Jaw Worm","floor":1,"turns":4},{"damage":0,"enemies":"2 Louse","floor":3,"turns":2},{"damage":14,"enemies":"Lagavulin","floor":7,"turns":8},{"damage":1,"enemies":"Small Slimes","floor":8,"turns":3},{"damage":1,"enemies":"Exordium Wildlife","floor":10,"turns":3},{"damage":1,"enemies":"2 Fungi Beasts","floor":11,"turns":3},{"damage":0,"enemies":"Large Slime","floor":14,"turns":4},{"damage":20,"enemies":"Hexaghost","floor":16,"turns":13},{"damage":19,"enemies":"Chosen","floor":18,"turns":5},{"damage":33,"enemies":"2 Thieves","floor":24,"turns":4},{"damage":30,"enemies":"3 Cultists","floor":25,"turns":3}],"event_choices":[{"event_name":"Golden Wing","player_choice":"Gained Gold","floor":2,"damage_taken":0},{"event_name":"Liars Game","player_choice":"disagreed","floor":5,"damage_taken":0},{"event_name":"N\u0027loth","player_choice":"Ignored","floor":19,"damage_taken":0},{"event_name":"Drug Dealer","player_choice":"Got JAXXED","floor":21,"damage_taken":0},{"event_name":"Beggar","player_choice":"Ignored","floor":22,"damage_taken":0}],"boss_relics":[{"not_picked":["Lizard Tail","Snecko Eye"],"picked":"Eternal Feather"}],"potions_floor_spawned":[1,8,10,16],"seed_played":"-4087864799076113779","killed_by":"3 Cultists","ascension_level":9,"is_trial":false}