{"path_per_floor":["M","M","M","M","?","R","E","$","T","E","R","?","E","?","R","B",null,"M","M","M"],"character_chosen":"THE_SILENT","items_purchased":["Caltrops"],"gold_per_floor":[10,26,40,50,50,50,80,43,67,93,93,93,119,119,119,215,215,225,243,260,260],"floor_reached":21,"campfire_rested":1,"playtime":821,"current_hp_per_floor":[69,69,69,69,69,69,59,59,59,50,50,43,25,25,61,58,70,40,27,7,0],"items_purged":[],"gold":260,"score":229,"play_id":"f7ceae45-1e79-43f3-9096-96e0c1df5765","local_time":"20180407211455","is_prod":false,"is_daily":false,"is_ascension_mode":true,"campfire_upgraded":2,"timestamp":1523128495,"path_taken":["M","M","M","?","?","R","E","$","T","E","R","?","E","?","R","BOSS","M","M","M","M"],"build_version":"2018-04-05v2","purchased_purges":0,"victory":false,"master_deck":["Defend_G","Defend_G","Strike_G","Strike_G","Strike_G","Survivor","Neutralize","Footwork","Dagger Spray","Noxious Fumes+1","Sucker Punch","Dramatic Entrance","Leg Sweep","Caltrops","Noxious Fumes+1","Bane","After Image","Accuracy+1","Phantasmal Killer+1","Poisoned Stab+1","Acrobatics","PiercingWail+1"],"max_hp_per_floor":[70,70,70,70,70,70,70,70,70,70,70,70,70,70,70,70,70,70,70,70,70],"relics":["Ring of the Snake","Pen Nib","Regal Pillow","Ancient Tea Set","Prayer Wheel","Astrolabe"],"card_choices":[{"not_picked":["Dodge and Roll","Acrobatics"],"picked":"Footwork","floor":1},{"not_picked":["Dodge and Roll","Flechettes"],"picked":"Dagger Spray","floor":2},{"not_picked":["Catalyst","Underhanded Strike"],"picked":"Noxious Fumes","floor":3},{"not_picked":["Slice","Tools of the Trade"],"picked":"Sucker Punch","floor":4},{"not_picked":["Poisoned Stab","Backstab"],"picked":"Leg Sweep","floor":7},{"not_picked":["Outmaneuver","Setup"],"picked":"Noxious Fumes","floor":10},{"not_picked":["Deflect","Cloak And Dagger"],"picked":"Bane","floor":13},{"not_picked":["Doppelganger","Corpse Explosion"],"picked":"After Image","floor":16},{"not_picked":["Deflect","Quick Slash"],"picked":"Acrobatics","floor":18},{"not_picked":["Dagger Spray","Underhanded Strike"],"picked":"PiercingWail","floor":20}],"player_experience":358003,"potions_floor_usage":[16,18,20,20,21],"damage_taken":[{"damage":1,"enemies":"Cultist","floor":1,"turns":4},{"damage":0,"enemies":"2 Louse","floor":2,"turns":3},{"damage":0,"enemies":"Small Slimes","floor":3,"turns":3},{"damage":0,"enemies":"Blue Slaver","floor":4,"turns":6},{"damage":10,"enemies":"3 Sentries","floor":7,"turns":6},{"damage":9,"enemies":"Lagavulin","floor":10,"turns":7},{"damage":18,"enemies":"Gremlin Nob","floor":13,"turns":5},{"damage":3,"enemies":"The Guardian","floor":16,"turns":9},{"damage":30,"enemies":"Chosen","floor":18,"turns":5},{"damage":13,"enemies":"3 Byrds","floor":19,"turns":3},{"damage":20,"enemies":"3 Cultists","floor":20,"turns":5},{"damage":17,"enemies":"Chosen and Byrds","floor":21,"turns":4}],"event_choices":[{"event_name":"Match and Keep!","player_choice":"2 cards matched","floor":5,"damage_taken":0},{"event_name":"Golden Wing","player_choice":"Card Removal","floor":12,"damage_taken":0},{"event_name":"Liars Game","player_choice":"disagreed","floor":14,"damage_taken":0}],"boss_relics":[{"not_picked":["Snecko Eye","Philosopher\u0027s Stone"],"picked":"Astrolabe"}],"potions_floor_spawned":[1,7,13,16,18,20],"seed_played":"-5580824704562908857","killed_by":"Chosen and Byrds","ascension_level":3,"is_trial":false}