{"path_per_floor":["M","?","?","?","?","R","E","R","T","E","M","R","M","E","R","B",null,"M","M","$","T","M","R"],"character_chosen":"THE_SILENT","items_purchased":["Toxic Egg 2","Blur"],"gold_per_floor":[210,210,210,210,210,210,240,240,318,350,362,362,373,402,402,501,501,516,531,208,232,242,242,242],"floor_reached":24,"campfire_rested":3,"playtime":821,"current_hp_per_floor":[70,63,63,56,56,56,33,54,54,49,49,49,50,13,34,21,76,44,44,44,44,23,45,0],"items_purged":[],"gold":242,"score":244,"play_id":"55bd55d7-748e-4b95-91f9-93ed04b26704","local_time":"20180408132545","is_prod":false,"is_daily":false,"is_ascension_mode":true,"campfire_upgraded":2,"timestamp":1523186745,"path_taken":["M","?","?","?","?","R","E","R","T","E","M","R","M","E","R","BOSS","M","M","$","?","M","R","E"],"build_version":"2018-04-05v2","purchased_purges":0,"victory":false,"master_deck":["Defend_G","Defend_G","Defend_G","Defend_G","Strike_G","Strike_G","Strike_G","Strike_G","Survivor","Neutralize","Envenom+1","Dagger Spray","Poisoned Stab","Noxious Fumes+1","Catalyst","Envenom","Outmaneuver","Footwork","Bullet Time","Prepared+1","PiercingWail+1","Blur+1","Bane+1"],"max_hp_per_floor":[70,70,70,70,70,70,70,70,70,70,70,70,72,72,72,72,76,76,76,76,76,76,76,76],"relics":["Ring of the Snake","Singing Bowl","Toolbox","Bottled Flame","Bronze Scales","Unceasing Top","Orrery","Toxic Egg 2","Bag of Preparation"],"card_choices":[{"not_picked":["Outmaneuver","PiercingWail"],"picked":"Dagger Spray","floor":7},{"not_picked":["Underhanded Strike","Dodge and Roll"],"picked":"Poisoned Stab","floor":10},{"not_picked":["Acrobatics","Bane"],"picked":"Noxious Fumes","floor":11},{"not_picked":["Storm of Steel","Reflex"],"picked":"Catalyst","floor":14},{"not_picked":["Night Terror","Grand Finale"],"picked":"Envenom","floor":16},{"not_picked":["PiercingWail","Backflip"],"picked":"Outmaneuver","floor":17},{"not_picked":["Dagger Spray","Backstab"],"picked":"Footwork","floor":17},{"not_picked":["Poisoned Stab","Underhanded Strike"],"picked":"Bullet Time","floor":17},{"not_picked":["Deflect","Quick Slash"],"picked":"Prepared","floor":18},{"not_picked":["Outmaneuver","Deflect"],"picked":"PiercingWail","floor":19},{"not_picked":["Leg Sweep","Slice"],"picked":"Bane","floor":22}],"player_experience":364969,"potions_floor_usage":[10,14,24,24],"damage_taken":[{"damage":0,"enemies":"Jaw Worm","floor":1,"turns":5},{"damage":23,"enemies":"Gremlin Nob","floor":7,"turns":5},{"damage":20,"enemies":"Lagavulin","floor":10,"turns":8},{"damage":0,"enemies":"2 Louse","floor":11,"turns":2},{"damage":1,"enemies":"Cultist","floor":13,"turns":3},{"damage":37,"enemies":"Gremlin Nob","floor":14,"turns":5},{"damage":13,"enemies":"The Guardian","floor":16,"turns":9},{"damage":32,"enemies":"Spheric Guardian","floor":18,"turns":6},{"damage":0,"enemies":"Chosen","floor":19,"turns":5},{"damage":21,"enemies":"Centurion and Healer","floor":22,"turns":7},{"damage":48,"enemies":"Book of Stabbing","floor":24,"turns":5}],"event_choices":[{"event_name":"Golden Wing","player_choice":"Card Removal","floor":2,"damage_taken":0},{"event_name":"Living Wall","player_choice":"Change","floor":3,"damage_taken":0},{"event_name":"Scrap Ooze","player_choice":"success","floor":4,"damage_taken":7},{"event_name":"Liars Game","player_choice":"disagreed","floor":5,"damage_taken":0}],"boss_relics":[{"not_picked":["Philosopher\u0027s Stone","Runic Pyramid"],"picked":"Orrery"}],"potions_floor_spawned":[7,10,11,19],"seed_played":"-8853816015536381018","killed_by":"Book of Stabbing","ascension_level":3,"is_trial":false}