{"path_per_floor":["M","?","?","M","M","R","E","M","T","E","M","$","?","$","R"],"character_chosen":"THE_SILENT","items_purchased":["Frozen Egg 2"],"gold_per_floor":[109,109,109,124,138,138,172,189,215,247,266,13,188,113,113,113],"floor_reached":16,"campfire_rested":1,"playtime":555,"current_hp_per_floor":[70,63,63,63,63,63,50,50,50,7,9,9,9,9,30,0],"items_purged":["Doubt"],"gold":113,"score":127,"play_id":"5843fa48-01fd-406f-a002-bd8ac8292a98","local_time":"20180408154843","is_prod":false,"is_daily":false,"is_ascension_mode":true,"campfire_upgraded":1,"timestamp":1523195323,"path_taken":["M","?","?","?","M","R","E","M","T","E","M","?","?","$","R","BOSS"],"build_version":"2018-04-05v2","purchased_purges":1,"victory":false,"master_deck":["Defend_G","Defend_G","Defend_G","Defend_G","Defend_G","Strike_G","Strike_G","Strike_G","Survivor","Neutralize","Backflip","Dagger Throw+1","Sucker Punch","Noxious Fumes","Backstab","Flying Knee","Bane"],"max_hp_per_floor":[70,70,70,70,70,70,70,70,70,70,70,70,70,70,70,70],"relics":["Ring of the Snake","NeowsBlessing","Mummified Hand","Juzu Bracelet","Blood Vial","Frozen Egg 2"],"card_choices":[{"not_picked":["Crippling Poison","Deadly Poison"],"picked":"Backflip","floor":1},{"not_picked":["Prepared","Slice"],"picked":"Dagger Throw","floor":4},{"not_picked":["Prepared","Acrobatics"],"picked":"Sucker Punch","floor":5},{"not_picked":["Concentrate","Cloak And Dagger"],"picked":"Noxious Fumes","floor":7},{"not_picked":["Reflex","Deadly Poison"],"picked":"Backstab","floor":8},{"not_picked":["Reflex","Predator"],"picked":"Flying Knee","floor":10},{"not_picked":["Endless Agony","Outmaneuver"],"picked":"Bane","floor":11}],"player_experience":365790,"potions_floor_usage":[7,16],"damage_taken":[{"damage":0,"enemies":"Small Slimes","floor":1,"turns":1},{"damage":0,"enemies":"2 Louse","floor":4,"turns":1},{"damage":0,"enemies":"Cultist","floor":5,"turns":1},{"damage":13,"enemies":"3 Sentries","floor":7,"turns":10},{"damage":0,"enemies":"Exordium Wildlife","floor":8,"turns":2},{"damage":43,"enemies":"Gremlin Nob","floor":10,"turns":5},{"damage":0,"enemies":"Exordium Thugs","floor":11,"turns":3},{"damage":35,"enemies":"The Guardian","floor":16,"turns":12}],"event_choices":[{"event_name":"Golden Wing","player_choice":"Card Removal","floor":2,"damage_taken":0},{"event_name":"Bonfire Elementals","player_choice":"BASIC","floor":3,"damage_taken":0},{"event_name":"Liars Game","player_choice":"agreed","floor":13,"damage_taken":0}],"boss_relics":[],"potions_floor_spawned":[1,10],"seed_played":"-4613324636171459410","killed_by":"The Guardian","ascension_level":3,"is_trial":false}