{"path_per_floor":["M","?","$","?","?","R","M","R","T","E","M","M","M","?","R"],"character_chosen":"THE_SILENT","items_purchased":["Dash","Blur"],"gold_per_floor":[111,111,0,0,0,0,10,10,10,36,48,68,80,155,155,155],"floor_reached":16,"campfire_rested":1,"playtime":264,"current_hp_per_floor":[68,73,73,73,73,73,73,73,87,66,66,57,55,44,70,70],"items_purged":[],"gold":155,"score":125,"play_id":"6398ad59-d325-47af-8dc9-3417d10678cc","local_time":"20180408154616","is_prod":false,"is_daily":false,"is_ascension_mode":false,"campfire_upgraded":2,"timestamp":1523220376,"path_taken":["M","?","$","?","?","R","M","R","T","E","?","?","M","?","R","BOSS"],"build_version":"2018-04-05v2","purchased_purges":0,"victory":false,"master_deck":["Defend_G","Defend_G","Defend_G","Defend_G","Defend_G","Strike_G","Strike_G","Strike_G","Strike_G","Survivor","Neutralize","Poisoned Stab","Dash+1","Blur","Setup","Tools of the Trade","Deadly Poison+1","Dash","Deadly Poison","Dash","Endless Agony"],"max_hp_per_floor":[70,75,75,75,75,75,75,75,89,89,89,89,89,89,89,89],"relics":["Ring of the Snake","Mango","Prayer Wheel"],"card_choices":[{"not_picked":["Cloak And Dagger","Bane"],"picked":"Poisoned Stab","floor":1},{"not_picked":["Dodge and Roll","Outmaneuver"],"picked":"Deadly Poison","floor":7},{"not_picked":["PiercingWail","Cloak And Dagger"],"picked":"Dash","floor":10},{"not_picked":["Flying Knee","After Image"],"picked":"Deadly Poison","floor":11},{"not_picked":["Malaise","Acrobatics"],"picked":"Dash","floor":12},{"not_picked":["Poisoned Stab","Reflex"],"picked":"Endless Agony","floor":13}],"player_experience":446862,"potions_floor_usage":[10],"damage_taken":[{"damage":2,"enemies":"Cultist","floor":1,"turns":4},{"damage":0,"enemies":"Jaw Worm","floor":7,"turns":3},{"damage":21,"enemies":"Gremlin Nob","floor":10,"turns":6},{"damage":0,"enemies":"2 Louse","floor":11,"turns":2},{"damage":9,"enemies":"Large Slime","floor":12,"turns":8},{"damage":2,"enemies":"Exordium Wildlife","floor":13,"turns":4},{"damage":0,"enemies":"The Guardian","floor":16,"turns":1}],"event_choices":[{"event_name":"Big Fish","player_choice":"Donut","floor":2,"damage_taken":0},{"event_name":"Living Wall","player_choice":"Change","floor":4,"damage_taken":0},{"event_name":"Match and Keep!","player_choice":"1 cards matched","floor":5,"damage_taken":0},{"event_name":"World of Goop","player_choice":"Gather Gold","floor":14,"damage_taken":0}],"boss_relics":[],"potions_floor_spawned":[7,11],"seed_played":"7729833092378822669","killed_by":"The Guardian","ascension_level":0,"is_trial":false}