{"path_per_floor":["M","?","M","M","M","R","M","R","T","E","?","M","M","?","R","B",null,"M","?","$","M","M","R","?","R","T","?","?","?","$","?","R"],"character_chosen":"THE_SILENT","items_purchased":["Gremlin Horn","Tough Bandages","Centennial Puzzle"],"gold_per_floor":[15,15,38,53,68,68,86,86,158,201,201,220,235,215,215,338,638,621,621,64,78,92,92,92,92,92,92,92,272,19,19,19,19],"floor_reached":33,"campfire_rested":5,"playtime":2189,"current_hp_per_floor":[69,52,52,52,45,66,65,65,65,59,59,58,57,57,70,12,70,53,53,53,51,32,53,53,70,70,70,70,46,46,46,67,0],"items_purged":["Normality"],"gold":19,"score":245,"play_id":"5e57b1ac-cb3d-43d4-9aac-7375c93b6046","local_time":"20180418213549","is_prod":false,"is_daily":false,"chose_seed":false,"is_ascension_mode":false,"campfire_upgraded":1,"timestamp":1524101749,"path_taken":["M","?","M","?","M","R","?","R","T","E","?","M","M","?","R","BOSS","M","?","$","M","M","R","?","R","T","?","?","?","$","?","R","BOSS"],"build_version":"2018-04-12","seed_source_timestamp":0,"purchased_purges":1,"victory":false,"master_deck":["Defend_G","Defend_G","Defend_G","Defend_G","Strike_G","Strike_G","Strike_G","Strike_G","Survivor","Neutralize","Acrobatics","Backflip","Flying Knee","Backstab+1","Prepared","Regret","Blur","Glass Knife","Injury","Injury","Predator","Well Laid Plans+1","Backstab+1","Adrenaline+1"],"max_hp_per_floor":[70,70,70,70,70,70,70,70,70,70,70,70,70,70,70,70,70,70,70,70,70,70,70,70,70,70,70,70,70,70,70,70,70],"relics":["Ring of the Snake","Golden Idol","Mercury Hourglass","Juzu Bracelet","Blue Candle","Calling Bell","Bronze Scales","Shuriken","Nloth\u0027s Gift","Gremlin Horn","Tough Bandages","Torii","Centennial Puzzle"],"card_choices":[{"not_picked":["Dagger Spray","Quick Slash"],"picked":"Acrobatics","floor":1.0},{"not_picked":["PiercingWail","Dash"],"picked":"Backflip","floor":3.0},{"not_picked":["PiercingWail","Expertise"],"picked":"Flying Knee","floor":4.0},{"not_picked":["Underhanded Strike","Dodge and Roll"],"picked":"Backstab","floor":5.0},{"not_picked":["Flying Knee","Sucker Punch"],"picked":"Prepared","floor":7.0},{"not_picked":["Bane","Sucker Punch"],"picked":"Blur","floor":13.0},{"not_picked":["Envenom","Wraith Form v2"],"picked":"Glass Knife","floor":16.0},{"not_picked":["Outmaneuver","Dodge and Roll"],"picked":"Predator","floor":18.0},{"not_picked":["Riddle With Holes","Masterful Stab"],"picked":"Well Laid Plans","floor":22.0}],"player_experience":70000,"potions_floor_usage":[33,33],"damage_taken":[{"damage":1.0,"enemies":"Cultist","floor":1.0,"turns":4.0},{"damage":0.0,"enemies":"Small Slimes","floor":3.0,"turns":3.0},{"damage":0.0,"enemies":"2 Louse","floor":4.0,"turns":4.0},{"damage":7.0,"enemies":"Large Slime","floor":5.0,"turns":8.0},{"damage":1.0,"enemies":"2 Fungi Beasts","floor":7.0,"turns":3.0},{"damage":6.0,"enemies":"Lagavulin","floor":10.0,"turns":4.0},{"damage":1.0,"enemies":"Gremlin Gang","floor":12.0,"turns":4.0},{"damage":1.0,"enemies":"Large Slime","floor":13.0,"turns":4.0},{"damage":73.0,"enemies":"Hexaghost","floor":16.0,"turns":15.0},{"damage":17.0,"enemies":"2 Thieves","floor":18.0,"turns":4.0},{"damage":2.0,"enemies":"3 Byrds","floor":21.0,"turns":3.0},{"damage":19.0,"enemies":"Snecko","floor":22.0,"turns":6.0},{"damage":73,"enemies":"Automaton","floor":33,"turns":8}],"event_choices":[{"event_name":"Golden Idol","player_choice":"Take Damage","floor":2.0,"damage_taken":0.0},{"event_name":"Big Fish","player_choice":"Box","floor":11.0,"damage_taken":0.0},{"event_name":"The Woman in Blue","player_choice":"Bought 1 Potion","floor":14.0,"damage_taken":0.0},{"event_name":"N\u0027loth","player_choice":"Traded a Old Coin","floor":19.0,"damage_taken":0.0},{"event_name":"Duplicator","player_choice":"One dupe","floor":24.0,"damage_taken":0.0},{"event_name":"The Library","player_choice":"Read","floor":27.0,"damage_taken":0.0},{"event_name":"Ghosts","player_choice":"Ignored","floor":28.0,"damage_taken":0.0},{"event_name":"Knowing Skull","player_choice":"GOLD GOLD ","floor":29.0,"damage_taken":0.0},{"event_name":"Upgrade Shrine","player_choice":"Upgraded","floor":31.0,"damage_taken":0.0}],"boss_relics":[],"potions_floor_spawned":[3,5,12,13,22],"seed_played":"-9203147152106419435","killed_by":"Automaton","ascension_level":0,"is_trial":false}