{"path_per_floor":["M","?","?","M","M","E","R","$","T","M","M","R","E","?","R","B",null,"M","?","?","M","$","E","?","R","T","?","T","M","R","M","R"],"character_chosen":"THE_SILENT","items_purchased":["Backstab","Noxious Fumes","Outmaneuver","Caltrops"],"gold_per_floor":[109,109,109,126,136,168,168,21,21,40,52,52,82,82,82,186,186,201,201,201,212,50,78,78,78,101,101,101,114,114,134,134,134],"floor_reached":33,"campfire_rested":4,"playtime":1800,"current_hp_per_floor":[70,70,70,70,70,39,60,60,60,56,46,67,57,57,57,45,70,65,70,77,43,43,35,35,58,58,58,58,40,40,10,33,0],"items_purged":["Normality"],"gold":134,"score":273,"play_id":"c178c6c5-92e1-4799-85fc-74efaa96a859","local_time":"20180417185838","is_prod":false,"is_daily":false,"chose_seed":false,"is_ascension_mode":false,"campfire_upgraded":2,"timestamp":1524005918,"path_taken":["M","?","?","M","?","E","R","$","T","?","M","R","E","?","R","BOSS","M","?","?","?","$","E","?","R","T","?","?","M","R","M","R","BOSS"],"build_version":"2018-04-12","seed_source_timestamp":0,"purchased_purges":1,"victory":false,"master_deck":["Defend_G","Defend_G","Defend_G","Defend_G","Strike_G","Strike_G","Strike_G","Strike_G","Strike_G","Survivor","Neutralize+1","Backflip","Doppelganger+1","Backstab+1","Noxious Fumes+1","Noxious Fumes","Prepared","Dash","Envenom","Deadly Poison","Dagger Spray+1","Outmaneuver","Caltrops","Outmaneuver","Quick Slash","Slice+1"],"max_hp_per_floor":[70,70,70,70,70,70,70,70,70,70,70,70,70,70,70,70,70,70,70,77,77,77,77,77,77,77,77,77,77,77,77,77,77],"relics":["Ring of the Snake","NeowsBlessing","Bottled Lightning","Whetstone","Shuriken","Lizard Tail","Strawberry","Blood Vial","Bronze Scales","Bag of Marbles"],"card_choices":[{"not_picked":["Leg Sweep","Sucker Punch"],"picked":"Backflip","floor":4.0},{"not_picked":["Calculated Gamble","Unload"],"picked":"Noxious Fumes","floor":5.0},{"not_picked":["Footwork","Choke"],"picked":"Doppelganger","floor":6.0},{"not_picked":["Prepared","PiercingWail"],"picked":"Noxious Fumes","floor":10.0},{"not_picked":["Deflect","Sucker Punch"],"picked":"Prepared","floor":11.0},{"not_picked":["Deflect","Deadly Poison"],"picked":"Dash","floor":13.0},{"not_picked":["Tactician","Unload"],"picked":"Envenom","floor":16.0},{"not_picked":["Dodge and Roll","Noxious Fumes"],"picked":"Deadly Poison","floor":18.0},{"not_picked":["Bane","Crippling Poison"],"picked":"Dagger Spray","floor":21.0},{"not_picked":["Sucker Punch","PiercingWail"],"picked":"Slice","floor":29}],"player_experience":65473,"potions_floor_usage":[23,23],"damage_taken":[{"damage":0.0,"enemies":"Jaw Worm","floor":1.0,"turns":1.0},{"damage":0.0,"enemies":"2 Louse","floor":4.0,"turns":1.0},{"damage":0.0,"enemies":"Small Slimes","floor":5.0,"turns":1.0},{"damage":31.0,"enemies":"Gremlin Nob","floor":6.0,"turns":5.0},{"damage":4.0,"enemies":"Looter","floor":10.0,"turns":4.0},{"damage":10.0,"enemies":"Exordium Thugs","floor":11.0,"turns":4.0},{"damage":10.0,"enemies":"3 Sentries","floor":13.0,"turns":5.0},{"damage":12.0,"enemies":"The Guardian","floor":16.0,"turns":10.0},{"damage":5.0,"enemies":"3 Byrds","floor":18.0,"turns":3.0},{"damage":34.0,"enemies":"Chosen","floor":21.0,"turns":5.0},{"damage":66,"enemies":"Slavers","floor":23,"turns":6},{"damage":20,"enemies":"Snake Plant","floor":29,"turns":4},{"damage":32,"enemies":"Cultist and Chosen","floor":31,"turns":6},{"damage":39,"enemies":"Champ","floor":33,"turns":5}],"event_choices":[{"event_name":"Shining Light","player_choice":"Ignored","floor":2.0,"damage_taken":0.0},{"event_name":"Purifier","player_choice":"One Purge","floor":3.0,"damage_taken":0.0},{"event_name":"The Lab","player_choice":"Got Potions","floor":14.0,"damage_taken":0.0},{"event_name":"Bonfire Elementals","player_choice":"UNCOMMON","floor":19.0,"damage_taken":0.0},{"event_name":"Accursed Blacksmith","player_choice":"Rummage","floor":20.0,"damage_taken":0.0},{"event_name":"Match and Keep!","player_choice":"1 cards matched","floor":24,"damage_taken":0},{"event_name":"The Library","player_choice":"Read","floor":27,"damage_taken":0}],"boss_relics":[],"potions_floor_spawned":[1,5,10,13,16,21,31],"seed_played":"-7959336644706399172","killed_by":"Champ","ascension_level":0,"is_trial":false}