{"path_per_floor":["M","M","M","M","M","E","R","?","T","E","R","$","R","?","R"],"character_chosen":"THE_SILENT","items_purchased":["Quick Slash"],"gold_per_floor":[115,131,141,152,164,192,192,192,192,223,223,170,170,170,170,170],"floor_reached":16,"campfire_rested":2,"playtime":645,"current_hp_per_floor":[63,63,62,52,45,30,51,51,51,22,43,43,43,43,43,0],"items_purged":[],"gold":170,"score":160,"play_id":"006c1c63-eabf-4a9c-9229-744829f65cfd","local_time":"20180419175006","is_prod":false,"is_daily":false,"chose_seed":false,"is_ascension_mode":true,"campfire_upgraded":2,"timestamp":1524174606,"path_taken":["M","M","M","M","M","E","R","?","T","E","R","$","R","?","R","BOSS"],"build_version":"2018-04-12","seed_source_timestamp":259043550399645,"purchased_purges":0,"victory":false,"master_deck":["Defend_G","Defend_G","Defend_G","Defend_G","Defend_G","Strike_G","Strike_G","Strike_G","Strike_G","Strike_G","Survivor","Neutralize+1","Concentrate","Dagger Spray","Sucker Punch+1","Die Die Die","Backflip","Leg Sweep","Glass Knife+1","Quick Slash"],"max_hp_per_floor":[70,70,70,70,70,70,70,70,70,70,70,70,70,70,70,70],"relics":["Ring of the Snake","Pen Nib","Darkstone Periapt","Ancient Tea Set"],"card_choices":[{"not_picked":["Eviscerate","Deadly Poison"],"picked":"Concentrate","floor":1},{"not_picked":["Acrobatics","Catalyst"],"picked":"Dagger Spray","floor":2},{"not_picked":["Dagger Spray","PiercingWail"],"picked":"Sucker Punch","floor":3},{"not_picked":["Deflect","Dagger Spray"],"picked":"Die Die Die","floor":4},{"not_picked":["Well Laid Plans","Terror"],"picked":"Backflip","floor":5},{"not_picked":["Crippling Poison","Calculated Gamble"],"picked":"Leg Sweep","floor":6},{"not_picked":["Setup","All Out Attack"],"picked":"Glass Knife","floor":10}],"player_experience":579868,"potions_floor_usage":[],"damage_taken":[{"damage":0,"enemies":"Small Slimes","floor":1,"turns":5},{"damage":0,"enemies":"2 Louse","floor":2,"turns":2},{"damage":1,"enemies":"Cultist","floor":3,"turns":4},{"damage":10,"enemies":"3 Louse","floor":4,"turns":3},{"damage":7,"enemies":"Looter","floor":5,"turns":4},{"damage":15,"enemies":"3 Sentries","floor":6,"turns":6},{"damage":29,"enemies":"Lagavulin","floor":10,"turns":9},{"damage":47,"enemies":"Hexaghost","floor":16,"turns":11}],"event_choices":[{"event_name":"Shining Light","player_choice":"Ignored","floor":8,"damage_taken":0},{"event_name":"Upgrade Shrine","player_choice":"Upgraded","floor":14,"damage_taken":0}],"boss_relics":[],"potions_floor_spawned":[1,2,4,10],"seed_played":"5950804929443865104","killed_by":"Hexaghost","ascension_level":9,"is_trial":false}