{"path_per_floor":["M","?","?","M","?","E","R","M","T","R","?","$","M","M","R","B",null,"M"],"character_chosen":"THE_SILENT","items_purchased":["Meat on the Bone","Noxious Fumes"],"gold_per_floor":[113,288,288,302,302,337,337,351,351,351,351,53,69,81,81,183,183,202,202],"floor_reached":19,"campfire_rested":2,"playtime":1065,"current_hp_per_floor":[70,70,56,56,56,12,33,33,33,54,54,54,52,43,43,47,70,62,62],"items_purged":[],"gold":202,"score":167,"play_id":"0ae306b5-5e5d-4be0-8455-506eb78c061a","local_time":"20180419090904","is_prod":false,"is_daily":false,"chose_seed":false,"is_ascension_mode":false,"campfire_upgraded":1,"timestamp":1524143344,"path_taken":["M","?","?","M","?","E","R","M","T","R","?","$","M","?","R","BOSS","M","M"],"build_version":"2018-04-12","seed_source_timestamp":1601488094542,"purchased_purges":0,"victory":false,"master_deck":["Defend_G","Defend_G","Defend_G","Defend_G","Defend_G","Strike_G","Strike_G","Strike_G","Strike_G","Strike_G+1","Survivor","Neutralize","Adrenaline+1","Dagger Spray","Quick Slash","Well Laid Plans","Neutralize","All Out Attack","Sucker Punch","Noxious Fumes+1","Quick Slash","Poisoned Stab","Bullet Time","Escape Plan"],"max_hp_per_floor":[70,70,70,70,70,70,70,70,70,70,70,70,70,70,70,70,70,70,70],"relics":["Ring of the Snake","Bronze Scales","Pantograph","Meat on the Bone","Snecko Eye"],"card_choices":[{"not_picked":["Quick Slash","Endless Agony"],"picked":"Dagger Spray","floor":1},{"not_picked":["Slice","Underhanded Strike"],"picked":"Quick Slash","floor":4},{"not_picked":["Slice","Acrobatics"],"picked":"All Out Attack","floor":6},{"not_picked":["Underhanded Strike","Deflect"],"picked":"Sucker Punch","floor":8},{"not_picked":["Flying Knee","Outmaneuver"],"picked":"Quick Slash","floor":13},{"not_picked":["Skewer","Flying Knee"],"picked":"Poisoned Stab","floor":14},{"not_picked":["Doppelganger","Corpse Explosion"],"picked":"Bullet Time","floor":16},{"not_picked":["Sucker Punch","Dagger Throw"],"picked":"Escape Plan","floor":18}],"player_experience":74787,"potions_floor_usage":[],"damage_taken":[{"damage":0,"enemies":"2 Louse","floor":1,"turns":3},{"damage":0,"enemies":"Jaw Worm","floor":4,"turns":4},{"damage":44,"enemies":"Gremlin Nob","floor":6,"turns":5},{"damage":0,"enemies":"Small Slimes","floor":8,"turns":2},{"damage":2,"enemies":"Blue Slaver","floor":13,"turns":3},{"damage":9,"enemies":"Looter","floor":14,"turns":3},{"damage":21,"enemies":"Slime Boss","floor":16,"turns":9},{"damage":8,"enemies":"Shell Parasite","floor":18,"turns":4},{"damage":0,"enemies":"Chosen","floor":19,"turns":2}],"event_choices":[{"event_name":"Liars Game","player_choice":"agreed","floor":2,"damage_taken":0},{"event_name":"Shining Light","player_choice":"Entered Light","floor":3,"damage_taken":0},{"event_name":"Match and Keep!","player_choice":"2 cards matched","floor":5,"damage_taken":0},{"event_name":"Purifier","player_choice":"One Purge","floor":11,"damage_taken":0}],"boss_relics":[{"not_picked":["Eternal Feather","Philosopher\u0027s Stone"],"picked":"Snecko Eye"}],"potions_floor_spawned":[8,13,16],"seed_played":"4330622256019483295","killed_by":"Chosen","ascension_level":0,"is_trial":false}