{"path_per_floor":["M","?","?","M","M","R","E","M","T","?","R","M","M","$","R","B",null,"M","?","?","M","T","R","M","E","T","?","R","E","R","M","R","B",null,"M","?","$","?","$","E","R","M","T","M","$","M","R","M","R","B"],"character_chosen":"THE_SILENT","items_purchased":["Well Laid Plans","PiercingWail","Regal Pillow","Noxious Fumes","Bullet Time","Poison Potion","Regen Potion"],"gold_per_floor":[119,119,119,139,151,151,179,199,225,190,190,205,224,44,44,141,141,151,131,56,73,96,96,111,138,165,165,165,193,193,212,212,311,311,325,325,31,31,31,58,58,77,101,113,11,25,25,40,40,40],"floor_reached":51,"campfire_rested":8,"playtime":1996,"current_hp_per_floor":[60,46,46,42,40,40,15,15,22,41,64,56,43,43,66,58,72,69,69,69,69,69,69,45,24,24,24,47,27,50,49,74,33,68,61,61,61,61,61,20,59,43,43,42,42,22,62,51,87,1],"items_purged":["Strike_G"],"gold":40,"score":1170,"play_id":"9b787e30-1478-41ac-9038-356f02bf7054","local_time":"20180417181235","is_prod":false,"is_daily":false,"chose_seed":false,"is_ascension_mode":true,"campfire_upgraded":2,"timestamp":1524006755,"path_taken":["M","?","?","M","M","R","E","M","T","?","R","?","?","$","R","BOSS","M","?","?","?","?","R","M","E","T","?","R","E","R","M","R","BOSS","M","?","$","?","$","E","R","M","T","M","?","M","R","M","R","BOSS"],"build_version":"2018-04-12","seed_source_timestamp":249769828346916,"purchased_purges":2,"victory":true,"master_deck":["Defend_G","Defend_G","Defend_G","Defend_G","Defend_G+1","Strike_G","Strike_G+1","Survivor","Neutralize+1","AscendersBane","Bouncing Flask+1","Poisoned Stab","Leg Sweep","Backflip","Dagger Spray","Leg Sweep","Well Laid Plans","PiercingWail","Glass Knife+1","Catalyst+1","Bouncing Flask","Decay","Acrobatics","Parasite","Blur+1","Catalyst+1","Noxious Fumes+1","Deflect+1","Burst","Noxious Fumes","Bullet Time","Wraith Form v2","Malaise+1","Regret","Catalyst+1","Backflip+1","Acrobatics+1"],"max_hp_per_floor":[70,70,70,70,70,70,70,70,77,77,77,77,77,77,77,77,77,77,77,77,77,77,77,77,77,77,77,77,77,77,77,79,79,79,81,81,81,81,81,81,81,83,83,85,85,85,85,87,87,87],"relics":["Ring of the Snake","Snake Skull","Orichalcum","Strawberry","Cursed Key","Ancient Tea Set","Dream Catcher","Bag of Preparation","Singing Bowl","Philosopher\u0027s Stone","Regal Pillow","Happy Flower","Whetstone"],"card_choices":[{"not_picked":["Blade Dance","Distraction"],"picked":"Bouncing Flask","floor":1},{"not_picked":["PiercingWail","Dodge and Roll"],"picked":"Poisoned Stab","floor":4},{"not_picked":["Escape Plan","Sucker Punch"],"picked":"Leg Sweep","floor":5},{"not_picked":["All Out Attack","Dagger Throw"],"picked":"Backflip","floor":7},{"not_picked":["Distraction","Prepared"],"picked":"Dagger Spray","floor":8},{"not_picked":["Flying Knee","Accuracy"],"picked":"Leg Sweep","floor":13},{"not_picked":["Tactician","Storm of Steel"],"picked":"Glass Knife","floor":16},{"not_picked":["Deadly Poison","Dagger Throw"],"picked":"Catalyst","floor":18},{"not_picked":["Poisoned Stab","Escape Plan"],"picked":"Bouncing Flask","floor":21},{"not_picked":["Outmaneuver","Blade Dance"],"picked":"Acrobatics","floor":24},{"not_picked":["Dodge and Roll","Dagger Spray"],"picked":"Blur","floor":28},{"not_picked":["Well Laid Plans","Setup"],"picked":"Catalyst","floor":29},{"not_picked":["Prepared","Grand Finale"],"picked":"Noxious Fumes","floor":30},{"not_picked":["Well Laid Plans","Sucker Punch"],"picked":"Deflect","floor":31},{"not_picked":["Tools of the Trade","Unload"],"picked":"Burst","floor":33},{"not_picked":["Dagger Throw","Endless Agony"],"picked":"Wraith Form v2","floor":40},{"not_picked":["Dagger Throw","Prepared"],"picked":"Malaise","floor":41},{"not_picked":["After Image","Dagger Throw"],"picked":"Catalyst","floor":46},{"not_picked":["Skewer","Riddle With Holes"],"picked":"Backflip","floor":47},{"not_picked":["Terror","Quick Slash"],"picked":"Acrobatics","floor":49}],"player_experience":476629,"potions_floor_usage":[7,16,25,25,25,31,44,46,50,50,50],"damage_taken":[{"damage":3,"enemies":"Jaw Worm","floor":1,"turns":6},{"damage":4,"enemies":"2 Louse","floor":4,"turns":2},{"damage":2,"enemies":"Small Slimes","floor":5,"turns":3},{"damage":25,"enemies":"3 Sentries","floor":7,"turns":11},{"damage":0,"enemies":"3 Louse","floor":8,"turns":4},{"damage":8,"enemies":"2 Fungi Beasts","floor":12,"turns":3},{"damage":13,"enemies":"Lots of Slimes","floor":13,"turns":4},{"damage":8,"enemies":"The Guardian","floor":16,"turns":8},{"damage":3,"enemies":"3 Byrds","floor":18,"turns":5},{"damage":0,"enemies":"Chosen","floor":21,"turns":3},{"damage":24,"enemies":"Snake Plant","floor":24,"turns":3},{"damage":21,"enemies":"Slavers","floor":25,"turns":6},{"damage":20,"enemies":"Gremlin Leader","floor":29,"turns":8},{"damage":1,"enemies":"Centurion and Healer","floor":31,"turns":5},{"damage":41,"enemies":"Automaton","floor":33,"turns":7},{"damage":9,"enemies":"Orb Walker","floor":35,"turns":4},{"damage":41,"enemies":"2 Orb Walkers","floor":40,"turns":5},{"damage":18,"enemies":"3 Darklings","floor":42,"turns":5},{"damage":15,"enemies":"Sphere and 2 Shapes","floor":44,"turns":4},{"damage":20,"enemies":"Maw","floor":46,"turns":3},{"damage":13,"enemies":"4 Shapes","floor":48,"turns":6},{"damage":97,"enemies":"Awakened One","floor":50,"turns":11}],"event_choices":[{"event_name":"Shining Light","player_choice":"Entered Light","floor":2,"damage_taken":0},{"event_name":"Living Wall","player_choice":"Grow","floor":3,"damage_taken":0},{"event_name":"The Cleric","player_choice":"Healed","floor":10,"damage_taken":0},{"event_name":"The Woman in Blue","player_choice":"Bought 1 Potion","floor":19,"damage_taken":0},{"event_name":"Beggar","player_choice":"Gave Gold","floor":20,"damage_taken":0},{"event_name":"Cursed Tome","player_choice":"Ignored","floor":27,"damage_taken":0},{"event_name":"Tomb of Lord Red Mask","player_choice":"Ignored","floor":36,"damage_taken":0}],"boss_relics":[{"not_picked":["Lizard Tail","Pandora\u0027s Box"],"picked":"Cursed Key"},{"not_picked":["Runic Dome","Tiny House"],"picked":"Philosopher\u0027s Stone"}],"potions_floor_spawned":[1,4,5,12,13,21,25,40,42,48],"seed_played":"-5251715082948051392","ascension_level":11,"is_trial":false}