{"path_per_floor":["M","?","$","?","M","E","R","?","T","R","?","?","$","M","R","B",null,"M","?","?","$","M","E","M","M","T","M","$","R","?","M","R","B",null,"M","?","$","?","$","R","M","R","T","R","M","?","M","?","R","B"],"character_chosen":"THE_SILENT","items_purchased":["Footwork","Apotheosis","Blur","Well Laid Plans"],"gold_per_floor":[14,93,13,13,27,55,55,55,132,132,207,207,5,20,20,124,124,136,136,136,61,77,107,125,141,141,157,3,3,3,21,21,126,126,142,142,42,42,42,42,57,57,109,109,120,120,132,132,132,132],"floor_reached":51,"campfire_rested":2,"playtime":3204,"current_hp_per_floor":[69,69,69,74,74,55,55,40,40,40,29,75,75,75,75,56,75,62,52,44,44,57,57,57,57,57,57,57,57,57,57,57,57,57,45,45,45,45,45,57,57,57,57,57,57,50,32,32,49,57],"items_purged":["Defend_G","Defend_G"],"gold":132,"score":736,"play_id":"f7cabdbf-9013-40e3-a143-5ce6770d3616","local_time":"20180420004631","is_prod":false,"is_daily":false,"chose_seed":false,"is_ascension_mode":false,"campfire_upgraded":7,"timestamp":1524199591,"path_taken":["M","?","$","?","?","E","R","?","T","R","?","?","$","M","R","BOSS","M","?","?","$","M","E","M","M","T","M","$","R","?","?","R","BOSS","M","?","$","?","$","R","M","R","T","R","M","?","?","?","R","BOSS"],"build_version":"2018-04-19","seed_source_timestamp":39921562055005,"purchased_purges":2,"victory":true,"master_deck":["Defend_G+1","Survivor","Neutralize","Backflip","Dash+1","Footwork+1","Dodge and Roll","Apotheosis+1","Predator","Die Die Die","Bite","Bite","Bite","Bite","Bite","Blur","Terror","Blur+1","Well Laid Plans+1","Tools of the Trade+1","Burst+1","Finesse","Deadly Poison","Blur","Madness","Madness","Deadly Poison","Burst+1"],"max_hp_per_floor":[70,70,70,75,75,75,75,75,75,75,75,75,75,75,75,75,75,75,52,57,57,57,57,57,57,57,57,57,57,57,57,57,57,57,57,57,57,57,57,57,57,57,57,57,57,57,57,57,57,57],"relics":["Ring of the Snake","Tingsha","Paper Crane","Sozu","Omamori","Dodecahedron","Black Star","Anchor"],"card_choices":[{"not_picked":["PiercingWail","Distraction"],"picked":"Dash","floor":1},{"not_picked":["Distraction","Deflect"],"picked":"Dodge and Roll","floor":6},{"not_picked":["Dash","Deadly Poison"],"picked":"Predator","floor":14},{"not_picked":["Envenom","Wraith Form v2"],"picked":"Die Die Die","floor":16},{"not_picked":["Flying Knee","Skewer"],"picked":"Blur","floor":22},{"not_picked":["Cloak And Dagger","Expertise"],"picked":"Terror","floor":25},{"not_picked":["Slice","Expertise"],"picked":"Tools of the Trade","floor":31},{"not_picked":["Unload","Storm of Steel"],"picked":"Burst","floor":33},{"not_picked":["Panache","Jack Of All Trades"],"picked":"Finesse","floor":36},{"not_picked":["Skewer","Prepared"],"picked":"Deadly Poison","floor":41},{"not_picked":["Dash","Deflect"],"picked":"Blur","floor":45},{"not_picked":["Underhanded Strike","Outmaneuver"],"picked":"Deadly Poison","floor":47}],"player_experience":80920,"potions_floor_usage":[23,50],"damage_taken":[{"damage":1,"enemies":"Jaw Worm","floor":1,"turns":5},{"damage":0,"enemies":"Small Slimes","floor":5,"turns":3},{"damage":19,"enemies":"Gremlin Nob","floor":6,"turns":4},{"damage":0,"enemies":"2 Louse","floor":14,"turns":4},{"damage":19,"enemies":"The Guardian","floor":16,"turns":15},{"damage":13,"enemies":"3 Byrds","floor":18,"turns":6},{"damage":6,"enemies":"Spheric Guardian","floor":22,"turns":5},{"damage":5,"enemies":"Gremlin Leader","floor":23,"turns":7},{"damage":2,"enemies":"Snecko","floor":24,"turns":5},{"damage":11,"enemies":"Cultist and Chosen","floor":25,"turns":9},{"damage":0,"enemies":"Centurion and Healer","floor":27,"turns":5},{"damage":0,"enemies":"3 Cultists","floor":31,"turns":6},{"damage":32,"enemies":"Automaton","floor":33,"turns":17},{"damage":15,"enemies":"3 Shapes","floor":35,"turns":4},{"damage":3,"enemies":"3 Darklings","floor":41,"turns":10},{"damage":0,"enemies":"Maw","floor":45,"turns":10},{"damage":26,"enemies":"4 Shapes","floor":47,"turns":6},{"damage":0,"enemies":"Donu and Deca","floor":50,"turns":17}],"event_choices":[{"event_name":"Golden Wing","player_choice":"Gained Gold","floor":2,"damage_taken":0},{"event_name":"Big Fish","player_choice":"Donut","floor":4,"damage_taken":0},{"event_name":"Shining Light","player_choice":"Entered Light","floor":8,"damage_taken":0},{"event_name":"World of Goop","player_choice":"Gather Gold","floor":11,"damage_taken":0},{"event_name":"Bonfire Elementals","player_choice":"UNCOMMON","floor":12,"damage_taken":0},{"event_name":"Vampires","player_choice":"Became a vampire","floor":19,"damage_taken":0},{"event_name":"Forgotten Altar","player_choice":"Shed Blood","floor":20,"damage_taken":0},{"event_name":"Beggar","player_choice":"Ignored","floor":30,"damage_taken":0},{"event_name":"SensoryStone","player_choice":"Memory 1","floor":36,"damage_taken":0},{"event_name":"Winding Halls","player_choice":"Embrace Madness","floor":46,"damage_taken":0},{"event_name":"Duplicator","player_choice":"One dupe","floor":48,"damage_taken":0}],"boss_relics":[{"not_picked":["Tiny House","Ectoplasm"],"picked":"Sozu"},{"not_picked":["Orrery","Runic Dome"],"picked":"Black Star"}],"potions_floor_spawned":[1,6,14,23,25,31,33,41,45,47],"seed_played":"-6944839286349970483","ascension_level":0,"is_trial":false}