{"path_per_floor":["M","$","?","M","?","R","M","R","T","R","?","$","M","$","R","B",null,"M","$","?","M","?","M","R","M","T","R","M","R","M","$","R","B",null,"M","?","T","$","M","R","M","R","T","?","$","M","M","?","R","B"],"character_chosen":"THE_SILENT","items_purchased":["Die Die Die","Cloak And Dagger","Juzu Bracelet","Paper Crane","Matryoshka"],"gold_per_floor":[117,35,6,25,25,25,41,41,41,41,41,41,55,55,55,185,185,200,103,3,24,24,39,39,58,110,110,134,134,158,8,8,134,134,152,485,511,13,26,26,40,40,40,40,40,53,71,0,0,0],"floor_reached":51,"campfire_rested":1,"playtime":5205,"current_hp_per_floor":[62,62,62,60,60,60,56,56,56,56,61,61,56,56,56,39,68,61,61,61,58,42,39,39,39,39,59,56,56,56,56,56,27,68,67,67,67,67,55,65,62,68,68,59,59,56,53,53,65,4],"items_purged":["Injury"],"gold":0,"score":585,"play_id":"9cadd41b-1b99-4dcc-8c0a-17f90ae3932f","local_time":"20180419193430","is_prod":false,"is_daily":false,"chose_seed":false,"is_ascension_mode":false,"campfire_upgraded":2,"timestamp":1524180870,"path_taken":["M","$","?","M","?","R","M","R","T","R","?","?","M","?","R","BOSS","M","$","?","M","?","M","R","M","T","R","M","R","M","?","R","BOSS","M","?","?","$","M","R","M","R","T","?","?","M","M","?","R","BOSS"],"build_version":"2018-04-12","seed_source_timestamp":0,"purchased_purges":1,"victory":true,"master_deck":["Defend_G","Defend_G","Defend_G","Defend_G","Strike_G","Strike_G","Strike_G","Survivor","Neutralize","Quick Slash","Die Die Die","Noxious Fumes","Backflip","Well Laid Plans","Bullet Time+1","Dodge and Roll+1","After Image+1","Prepared+1","Well Laid Plans","Cloak And Dagger","J.A.X.","Quick Slash+1","Flying Knee+1","Bullet Time+1","Prepared","Acrobatics+1","Blade Dance+1","Madness+1","Madness+1","Acrobatics+1","Acrobatics+1"],"max_hp_per_floor":[63,63,63,63,63,63,63,63,63,63,68,68,68,68,68,68,68,68,68,68,68,68,68,68,68,68,68,68,68,68,68,68,68,68,68,68,68,68,68,68,68,68,68,68,68,68,68,68,68,68],"relics":["Ring of the Snake","Shovel","Ancient Tea Set","Bronze Scales","Tough Bandages","Unceasing Top","Shuriken","Astrolabe","Nilry\u0027s Codex","Bag of Marbles","Omamori","Juzu Bracelet","Lantern","Eternal Feather","Snake Skull","Paper Crane","Matryoshka","Happy Flower","Toxic Egg 2","Dodecahedron","Red Mask","Singing Bowl"],"card_choices":[{"not_picked":["Dodge and Roll","Dash"],"picked":"Quick Slash","floor":1.0},{"not_picked":["Expertise","Eviscerate"],"picked":"Noxious Fumes","floor":4.0},{"not_picked":["PiercingWail","Bouncing Flask"],"picked":"Backflip","floor":7.0},{"not_picked":["Expertise","Prepared"],"picked":"Well Laid Plans","floor":13.0},{"not_picked":["Envenom","After Image"],"picked":"Bullet Time","floor":16.0},{"not_picked":["Skewer","All Out Attack"],"picked":"Well Laid Plans","floor":18.0},{"not_picked":["Poisoned Stab","Leg Sweep"],"picked":"Quick Slash","floor":21},{"not_picked":["Catalyst","Dagger Spray"],"picked":"Flying Knee","floor":28},{"not_picked":["Glass Knife","Tactician"],"picked":"Bullet Time","floor":33},{"not_picked":["PiercingWail","Slice"],"picked":"Prepared","floor":35},{"not_picked":["Prepared","All Out Attack"],"picked":"Acrobatics","floor":39},{"not_picked":["Infinite Blades","Terror"],"picked":"Blade Dance","floor":41},{"not_picked":["Slice","Dodge and Roll"],"picked":"Acrobatics","floor":46},{"not_picked":["Poisoned Stab","Quick Slash"],"picked":"Acrobatics","floor":47}],"player_experience":75852,"potions_floor_usage":[28,33,33,33,33],"damage_taken":[{"damage":1.0,"enemies":"2 Louse","floor":1.0,"turns":3.0},{"damage":2.0,"enemies":"Small Slimes","floor":4.0,"turns":2.0},{"damage":4.0,"enemies":"Jaw Worm","floor":7.0,"turns":4.0},{"damage":5.0,"enemies":"3 Louse","floor":13.0,"turns":3.0},{"damage":17.0,"enemies":"The Guardian","floor":16.0,"turns":12.0},{"damage":7.0,"enemies":"Chosen","floor":18.0,"turns":8.0},{"damage":3,"enemies":"3 Byrds","floor":21,"turns":3},{"damage":3,"enemies":"Sentry and Sphere","floor":23,"turns":6},{"damage":0,"enemies":"Chosen and Byrds","floor":25,"turns":5},{"damage":3,"enemies":"Snake Plant","floor":28,"turns":4},{"damage":0,"enemies":"3 Cultists","floor":30,"turns":4},{"damage":44,"enemies":"Automaton","floor":33,"turns":7},{"damage":1,"enemies":"Orb Walker","floor":35,"turns":4},{"damage":12,"enemies":"3 Darklings","floor":39,"turns":5},{"damage":3,"enemies":"Sphere and 2 Shapes","floor":41,"turns":4},{"damage":3,"enemies":"4 Shapes","floor":46,"turns":3},{"damage":3,"enemies":"Maw","floor":47,"turns":6},{"damage":61,"enemies":"Time Eater","floor":50,"turns":12}],"event_choices":[{"event_name":"World of Goop","player_choice":"Left","floor":3.0,"damage_taken":0.0},{"event_name":"Golden Idol","player_choice":"Take Wound","floor":5.0,"damage_taken":0.0},{"event_name":"Big Fish","player_choice":"Donut","floor":11.0,"damage_taken":0.0},{"event_name":"Drug Dealer","player_choice":"Got JAXXED","floor":20,"damage_taken":0},{"event_name":"Cursed Tome","player_choice":"Obtained Book","floor":22,"damage_taken":0},{"event_name":"The Moai Head","player_choice":"Gave Idol","floor":36,"damage_taken":0},{"event_name":"Winding Halls","player_choice":"Embrace Madness","floor":44,"damage_taken":0},{"event_name":"Tomb of Lord Red Mask","player_choice":"Paid","floor":48,"damage_taken":0}],"boss_relics":[{"not_picked":["Velvet Choker","Cursed Key"],"picked":"Eternal Feather"}],"potions_floor_spawned":[4,7,13,18,21,25,28,35,41],"seed_played":"-8794016211673186528","ascension_level":0,"is_trial":false}