{"path_per_floor":["M","?","?","M","M","R","M","?","T","M","$","M","R","M","R","B",null,"M","?","M","?","?","R","$","R","T","M","M","M"],"is_cheater":false,"character_chosen":"IRONCLAD","items_purchased":["Metallicize","Cleave","Block Potion","Anchor"],"gold_per_floor":[114,114,114,131,151,151,170,170,194,212,91,104,104,124,124,225,225,236,236,252,252,252,252,8,8,8,24,43,61],"floor_reached":30,"campfire_rested":2,"playtime":3224,"current_hp_per_floor":[68,73,73,71,76,76,70,70,70,71,71,76,76,77,77,25,77,49,49,23,8,8,32,32,56,70,65,35,28],"items_purged":[],"gold":61,"play_id":"5ab09274-76b7-4e05-ae20-9963b9cb95a8","is_prod":false,"is_daily":false,"campfire_rituals":0,"campfire_upgraded":3,"potions_floor_combined":[],"is_hardmode":false,"path_taken":["M","?","?","M","M","R","M","?","T","M","$","M","R","M","R","BOSS","M","?","M","?","?","R","$","R","T","?","M","M","M"],"build_version":"[EARLY_ACCESS_006] (11-30-2017)","purchased_purges":0,"victory":false,"master_deck":["Strike_R","Strike_R","Strike_R","Strike_R","Strike_R","Defend_R","Defend_R","Defend_R","Defend_R","Bash","Iron Wave","True Grit","Offering","Rampage","Cleave","Metallicize","Cleave","Armaments","Body Slam","Berserk","Second Wind","Thunderclap","Doubt","Bash","Flame Barrier","Twin Strike","Uppercut","Cleave"],"max_hp_per_floor":[72,77,77,77,77,77,77,77,77,77,77,77,77,77,77,77,77,77,77,77,82,82,82,82,82,96,96,96,96],"relics":["Burning Blood","Charon\u0027s Ashes","Whetstone","White Beast Statue","Anchor","Mango"],"campfire_meditates":0,"card_choices":[{"not_picked":["Rage","Pommel Strike"],"picked":"Iron Wave"},{"not_picked":["Reckless Charge","Perfected Strike"],"picked":"True Grit"},{"not_picked":["Anger","Intimidate"],"picked":"Offering"},{"not_picked":["Intimidate","Burning Pact"],"picked":"Rampage"},{"not_picked":["Combust","Perfected Strike"],"picked":"Cleave"},{"not_picked":["Heavy Blade","Perfected Strike"],"picked":"Armaments"},{"not_picked":["Heavy Blade","Warcry"],"picked":"Body Slam"},{"not_picked":["Limit Break","Brutality"],"picked":"Berserk"},{"not_picked":["Uppercut","Burning Pact"],"picked":"Second Wind"},{"not_picked":["Headbutt","Second Wind"],"picked":"Thunderclap"},{"not_picked":["Clash","Burning Pact"],"picked":"Twin Strike"},{"not_picked":["Hemokinesis","Reckless Charge"],"picked":"Uppercut"},{"not_picked":["Clash","Heavy Blade"],"picked":"Cleave"}],"player_experience":27267,"potions_floor_usage":[14,16,16,20,27,28,29,29,30],"damage_taken":[{"damage":10,"enemies":"Looter","floor":1,"turns":4},{"damage":8,"enemies":"Blue Slaver","floor":4,"turns":5},{"damage":1,"enemies":"Cultist","floor":5,"turns":4},{"damage":12,"enemies":"Exordium Wildlife","floor":7,"turns":6},{"damage":5,"enemies":"lots of slimes","floor":10,"turns":2},{"damage":1,"enemies":"TwoFungiBeasts","floor":12,"turns":3},{"damage":3,"enemies":"Slime","floor":14,"turns":4},{"damage":58,"enemies":"TheGuardian","floor":16,"turns":10},{"damage":34,"enemies":"SphericGuardian","floor":18,"turns":6},{"damage":32,"enemies":"3_Byrds","floor":20,"turns":5},{"damage":11,"enemies":"SnakePlant","floor":27,"turns":6},{"damage":36,"enemies":"City Ancients","floor":28,"turns":8},{"damage":13,"enemies":"Murder of Cultists","floor":29,"turns":8},{"damage":26,"enemies":"HealerTank","floor":30,"turns":7}],"event_choices":[{"event_name":"Big Fish","player_choice":"Donut","floor":2,"damage_taken":0},{"event_name":"N\u0027loth","player_choice":"Ignored","floor":3,"damage_taken":0},{"event_name":"Liars Game","player_choice":"disagreed","floor":8,"damage_taken":0},{"event_name":"Vampires","player_choice":"Ignored","floor":19,"damage_taken":0},{"event_name":"Forgotten Altar","player_choice":"Shed Blood","floor":21,"damage_taken":0},{"event_name":"Match and Keep!","player_choice":"3 cards matched","floor":22,"damage_taken":0}],"boss_relics":[{"not_picked":["Eternal Feather","Calling Bell"],"picked":"White Beast Statue"}],"potions_floor_spawned":[4,10,12,18,20,27,28,29],"seed_played":"-7783648048807946172","killed_by":"HealerTank","is_trial":false}