{"path_per_floor":["M","M","?","M","M","R","?","R","T","$","M","M","?","M","R","B",null],"is_cheater":false,"character_chosen":"IRONCLAD","items_purchased":["Strawberry","Jack Of All Trades","Iron Wave"],"gold_per_floor":[115,133,133,147,159,159,159,159,409,58,76,89,89,99,99,201,201],"floor_reached":18,"campfire_rested":2,"playtime":1798,"current_hp_per_floor":[76,77,77,72,58,80,80,80,80,87,87,76,76,77,87,55,87],"items_purged":[],"gold":141,"play_id":"0a8d28d8-9856-478a-b7da-9622d422baac","is_prod":false,"is_daily":false,"campfire_rituals":0,"campfire_upgraded":1,"potions_floor_combined":[],"is_hardmode":false,"path_taken":["M","M","?","M","M","R","?","R","T","$","M","M","?","M","R","BOSS","M"],"build_version":"[EARLY_ACCESS_006] (11-30-2017)","purchased_purges":0,"victory":false,"master_deck":["Strike_R","Strike_R","Strike_R","Strike_R","Strike_R","Defend_R","Defend_R","Defend_R","Defend_R","Bash","Double Tap","Armaments","Flex","Battle Trance","Shrug It Off","Jack Of All Trades","Iron Wave","Whirlwind","Flame Barrier","Impervious","Berserk"],"max_hp_per_floor":[80,80,80,80,80,80,80,80,80,87,87,87,87,87,87,87,87],"relics":["Black Blood","Old Coin","Strawberry"],"campfire_meditates":0,"card_choices":[{"not_picked":["Clash","Infernal Blade"],"picked":"Armaments"},{"not_picked":["Cleave","Rage"],"picked":"Flex"},{"not_picked":["Dual Wield","Shockwave"],"picked":"Battle Trance"},{"not_picked":["Shockwave","Corruption"],"picked":"Shrug It Off"},{"not_picked":["Rage","Armaments"],"picked":"Whirlwind"},{"not_picked":["True Grit","Flex"],"picked":"Flame Barrier"},{"not_picked":["Heavy Blade","Iron Wave"],"picked":"Impervious"},{"not_picked":["Offering","Impervious"],"picked":"Berserk"}],"player_experience":45778,"potions_floor_usage":[16,16],"damage_taken":[{"damage":10,"enemies":"JawWorm","floor":1,"turns":5},{"damage":5,"enemies":"Cultist","floor":2,"turns":4},{"damage":11,"enemies":"Blue Slaver","floor":4,"turns":5},{"damage":20,"enemies":"Louse","floor":5,"turns":7},{"damage":0,"enemies":"Slime","floor":11,"turns":4},{"damage":17,"enemies":"Exordium Thugs","floor":12,"turns":7},{"damage":5,"enemies":"Exordium Wildlife","floor":14,"turns":4},{"damage":38,"enemies":"SlimeBoss","floor":16,"turns":14},{"damage":27,"enemies":"City Looters","floor":18,"turns":4}],"event_choices":[{"event_name":"Scrap Ooze","player_choice":"unsuccessful","floor":3,"damage_taken":0},{"event_name":"The Cleric","player_choice":"Leave","floor":7,"damage_taken":0},{"event_name":"Dead Adventurer","player_choice":"Searched \u00271\u0027 times","floor":13,"damage_taken":0}],"boss_relics":[{"not_picked":["Sozu","Velvet Choker"],"picked":"Black Blood"}],"potions_floor_spawned":[4,5,16],"seed_played":"1006051701241862730","killed_by":"City Looters","is_trial":false}