{"path_per_floor":["M","M","M","M","M","E","M","R","T","?","?","$","?","T","R","B",null,"M","?","M","?","$","M","M"],"is_cheater":false,"character_chosen":"IRONCLAD","items_purchased":["Block Potion","Regen Potion","Armaments","Block Potion"],"gold_per_floor":[110,120,136,152,172,207,223,223,223,223,223,126,149,149,149,248,248,264,264,278,193,100,110,125],"floor_reached":25,"campfire_rested":1,"playtime":2488,"current_hp_per_floor":[80,80,80,80,80,62,61,80,80,85,85,85,82,82,82,23,85,44,44,40,40,40,25,30],"items_purged":[],"gold":125,"play_id":"2e31de3a-9156-4111-a8c6-e2ce4215f5e8","is_prod":false,"is_daily":false,"campfire_rituals":0,"campfire_upgraded":1,"potions_floor_combined":[],"is_hardmode":false,"path_taken":["M","M","M","?","M","E","M","R","T","?","?","$","?","?","R","BOSS","M","?","?","?","$","M","M","M"],"build_version":"[EARLY_ACCESS_006] (11-30-2017)","purchased_purges":0,"victory":false,"master_deck":["Strike_R","Strike_R","Strike_R","Strike_R","Strike_R","Defend_R","Defend_R","Defend_R","Defend_R","Bash","Whirlwind","Iron Wave","Perfected Strike","True Grit","Barricade","Cleave","Shrug It Off","Thunderclap","Juggernaut","Fire Breathing","Battle Trance","Armaments","Thunderclap","Dropkick"],"max_hp_per_floor":[80,80,80,80,80,80,80,80,80,85,85,85,85,85,85,85,85,85,85,85,85,85,85,85],"relics":["Burning Blood","Anchor","Red Skull","Centennial Puzzle","Odd Mushroom","Torii","White Beast Statue","Smiling Mask"],"campfire_meditates":0,"card_choices":[{"not_picked":["Sword Boomerang","Headbutt"],"picked":"Whirlwind"},{"not_picked":["Pommel Strike","Body Slam"],"picked":"Iron Wave"},{"not_picked":["Sever Soul","Iron Wave"],"picked":"Perfected Strike"},{"not_picked":["Disarm","Rupture"],"picked":"True Grit"},{"not_picked":["Corruption","Pummel"],"picked":"Barricade"},{"not_picked":["Intimidate","Perfected Strike"],"picked":"Cleave"},{"not_picked":["Pummel","Iron Wave"],"picked":"Shrug It Off"},{"not_picked":["Pommel Strike","Body Slam"],"picked":"Thunderclap"},{"not_picked":["Demon Form","Limit Break"],"picked":"Juggernaut"},{"not_picked":["Body Slam","Warcry"],"picked":"Fire Breathing"},{"not_picked":["Shockwave","Clash"],"picked":"Battle Trance"},{"not_picked":["True Grit","Spot Weakness"],"picked":"Thunderclap"},{"not_picked":["Twin Strike","Warcry"],"picked":"Dropkick"}],"player_experience":50954,"potions_floor_usage":[6,16,16,16,18,20,23,23,25],"damage_taken":[{"damage":5,"enemies":"Looter","floor":1,"turns":3},{"damage":4,"enemies":"JawWorm","floor":2,"turns":4},{"damage":4,"enemies":"Blue Slaver","floor":3,"turns":4},{"damage":0,"enemies":"Louse","floor":4,"turns":1},{"damage":2,"enemies":"Exordium Wildlife","floor":5,"turns":3},{"damage":24,"enemies":"GremlinNob","floor":6,"turns":5},{"damage":7,"enemies":"Exordium Thugs","floor":7,"turns":4},{"damage":9,"enemies":"The Mushroom Lair","floor":13,"turns":3},{"damage":80,"enemies":"TheGuardian","floor":16,"turns":16},{"damage":47,"enemies":"SphericGuardian","floor":18,"turns":12},{"damage":10,"enemies":"Chosen","floor":20,"turns":4},{"damage":21,"enemies":"HealerTank","floor":23,"turns":10},{"damage":1,"enemies":"Snecko","floor":24,"turns":3},{"damage":20,"enemies":"City Thugs","floor":25,"turns":4}],"event_choices":[{"event_name":"Big Fish","player_choice":"Donut","floor":10,"damage_taken":0},{"event_name":"Golden Wing","player_choice":"Ignored","floor":11,"damage_taken":0},{"event_name":"Mushrooms","player_choice":"Fought Mushrooms","floor":13,"damage_taken":0},{"event_name":"Cursed Tome","player_choice":"Ignored","floor":19,"damage_taken":0},{"event_name":"Addict","player_choice":"Obtained Relic","floor":21,"damage_taken":0}],"boss_relics":[{"not_picked":["Velvet Choker","Mark of Pain"],"picked":"White Beast Statue"}],"potions_floor_spawned":[5,13,16,18,20,23,24],"seed_played":"8677527404036367507","killed_by":"City Thugs","is_trial":false}