{"path_per_floor":["M","?","M","?","?","E","?","R","T","?","$","R","M","M","R","B",null,"M","M","?","M","?","R","M","R","T","M"],"is_cheater":false,"character_chosen":"IRONCLAD","items_purchased":["Reaper","Shrug It Off","Block Potion"],"gold_per_floor":[118,218,236,236,236,268,268,268,293,293,39,39,49,61,61,162,162,172,157,72,86,86,86,104,104,104,118],"floor_reached":28,"campfire_rested":3,"playtime":2725,"current_hp_per_floor":[73,73,67,67,67,43,69,80,80,80,80,80,80,80,80,8,80,71,68,68,37,22,62,62,85,85,32],"items_purged":[],"gold":118,"play_id":"3f0adb27-6ccc-496d-9eb2-1ae92cd8720c","is_prod":false,"is_daily":false,"campfire_rituals":0,"campfire_upgraded":2,"potions_floor_combined":[],"is_hardmode":false,"path_taken":["M","?","M","?","?","E","?","R","T","?","$","R","M","M","R","BOSS","M","M","?","M","?","R","M","R","T","M","M"],"build_version":"[EARLY_ACCESS_006] (11-30-2017)","purchased_purges":0,"victory":false,"master_deck":["Strike_R","Strike_R","Strike_R","Strike_R","Strike_R","Defend_R","Defend_R","Defend_R","Defend_R","Bash","Twin Strike","Armaments","Flame Barrier","Reaper","Shrug It Off","Heavy Blade","Flex","Demon Form","Iron Wave","Rage","Flame Barrier","Armaments","Whirlwind","Shrug It Off","Intimidate"],"max_hp_per_floor":[80,80,80,80,80,80,80,80,80,80,80,80,80,80,80,80,80,80,80,80,80,85,85,85,85,85,85],"relics":["Burning Blood","Juzu Bracelet","Regal Pillow","Toxic Egg","Lizard Tail","Dream Catcher","Oddly Smooth Stone"],"campfire_meditates":0,"card_choices":[{"not_picked":["Reckless Charge","Warcry"],"picked":"Twin Strike"},{"not_picked":["Perfected Strike","Clash"],"picked":"Armaments"},{"not_picked":["Sever Soul","Whirlwind"],"picked":"Flame Barrier"},{"not_picked":["Fire Breathing","True Grit"],"picked":"Heavy Blade"},{"not_picked":["Perfected Strike","Pummel"],"picked":"Flex"},{"not_picked":["Reaper","Berserk"],"picked":"Demon Form"},{"not_picked":["Twin Strike","Armaments"],"picked":"Iron Wave"},{"not_picked":["Clothesline","Bloodletting"],"picked":"Rage"},{"not_picked":["Fire Breathing","Perfected Strike"],"picked":"Flame Barrier"},{"not_picked":["Heavy Blade","Bloodletting"],"picked":"Armaments"},{"not_picked":["Intimidate","Anger"],"picked":"Whirlwind"},{"not_picked":["Spot Weakness","Hemokinesis"],"picked":"Shrug It Off"},{"not_picked":["Twin Strike","Sword Boomerang"],"picked":"Intimidate"}],"player_experience":24542,"potions_floor_usage":[6,16,16,27,28],"damage_taken":[{"damage":13,"enemies":"Cultist","floor":1,"turns":5},{"damage":12,"enemies":"Looter","floor":3,"turns":4},{"damage":30,"enemies":"Sentries","floor":6,"turns":9},{"damage":5,"enemies":"JawWorm","floor":13,"turns":3},{"damage":0,"enemies":"Red Slaver","floor":14,"turns":4},{"damage":82,"enemies":"SlimeBoss","floor":16,"turns":14},{"damage":15,"enemies":"Chosen","floor":18,"turns":5},{"damage":9,"enemies":"City Looters","floor":19,"turns":4},{"damage":37,"enemies":"SnakePlant","floor":21,"turns":7},{"damage":6,"enemies":"Snecko","floor":24,"turns":4},{"damage":59,"enemies":"HealerTank","floor":27,"turns":15},{"damage":13,"enemies":"Murder of Cultists","floor":28,"turns":5}],"event_choices":[{"event_name":"Golden Shrine","player_choice":"Pray","floor":2,"damage_taken":0},{"event_name":"Golden Wing","player_choice":"Ignored","floor":4,"damage_taken":0},{"event_name":"Liars Game","player_choice":"disagreed","floor":5,"damage_taken":0},{"event_name":"Big Fish","player_choice":"Banana","floor":7,"damage_taken":0},{"event_name":"Living Wall","player_choice":"Grow","floor":10,"damage_taken":0},{"event_name":"Addict","player_choice":"Obtained Relic","floor":20,"damage_taken":0},{"event_name":"Forgotten Altar","player_choice":"Shed Blood","floor":22,"damage_taken":0}],"boss_relics":[{"not_picked":["Ectoplasm","Mark of Pain"],"picked":"Lizard Tail"}],"potions_floor_spawned":[3,13,24,27],"seed_played":"2659543785012119623","killed_by":"Murder of Cultists","is_trial":false}