{"path_per_floor":["M","M","?","M","?","M","R","?","T","M","M","M","M","$","R","B",null,"M","M","M","?","?","R","$","M","T","?","R","M","M","$","R"],"is_cheater":false,"character_chosen":"IRONCLAD","items_purchased":["Shrug It Off","Mind Blast","Dramatic Entrance"],"gold_per_floor":[112,130,130,150,100,112,112,134,161,177,194,212,222,17,17,116,116,116,116,116,116,116,116,14,14,14,14,14,14,14,14,14],"floor_reached":33,"campfire_rested":4,"playtime":4352,"current_hp_per_floor":[80,72,77,82,82,77,85,68,68,68,67,66,67,67,85,27,85,85,85,62,62,62,85,85,80,80,80,80,71,56,56,82],"items_purged":["Strike_R"],"gold":14,"play_id":"c8606d7b-ea42-4c26-af8c-5f9c51cc0134","is_prod":false,"is_daily":false,"campfire_rituals":0,"campfire_upgraded":1,"potions_floor_combined":[],"is_hardmode":false,"path_taken":["M","M","?","M","?","M","R","?","T","?","M","M","M","$","R","BOSS","M","M","?","?","?","R","?","?","T","?","R","M","M","$","R","BOSS"],"build_version":"[EARLY_ACCESS_006] (11-30-2017)","purchased_purges":2,"victory":false,"master_deck":["Strike_R","Strike_R","Defend_R","Defend_R","Defend_R","Defend_R","Bash","Pommel Strike","Headbutt","Iron Wave","Flame Barrier","Cleave","Battle Trance","Clash","Flex","Sword Boomerang","Shrug It Off","Mind Blast","Double Tap","Seeing Red","True Grit","Thunderclap","Dramatic Entrance","Feed","Shrug It Off"],"max_hp_per_floor":[80,80,85,85,85,85,85,85,85,85,85,85,85,85,85,85,85,85,85,85,85,85,85,85,85,85,85,85,88,88,88,88],"relics":["Burning Blood","Odd Mushroom","Blood Vial","Ectoplasm","Centennial Puzzle"],"campfire_meditates":0,"card_choices":[{"not_picked":["Armaments","Perfected Strike"],"picked":"Pommel Strike"},{"not_picked":["Pommel Strike","True Grit"],"picked":"Headbutt"},{"not_picked":["Dual Wield","Bloodletting"],"picked":"Iron Wave"},{"not_picked":["Shrug It Off","Reaper"],"picked":"Flame Barrier"},{"not_picked":["Evolve","Power Through"],"picked":"Cleave"},{"not_picked":["Sword Boomerang","Twin Strike"],"picked":"Battle Trance"},{"not_picked":["Wild Strike","Headbutt"],"picked":"Clash"},{"not_picked":["Shrug It Off","Metallicize"],"picked":"Flex"},{"not_picked":["Second Wind","Twin Strike"],"picked":"Sword Boomerang"},{"not_picked":["Berserk","Demon Form"],"picked":"Double Tap"},{"not_picked":["Perfected Strike","Body Slam"],"picked":"Seeing Red"},{"not_picked":["Sword Boomerang","Iron Wave"],"picked":"True Grit"},{"not_picked":["Feel No Pain","Disarm"],"picked":"Thunderclap"},{"not_picked":["Armaments","Thunderclap"],"picked":"Feed"},{"not_picked":["Dropkick","True Grit"],"picked":"Shrug It Off"}],"player_experience":89204,"potions_floor_usage":[8,12,13,16,20,30,33],"damage_taken":[{"damage":3.0,"enemies":"JawWorm","floor":1.0,"turns":4.0},{"damage":14.0,"enemies":"Blue Slaver","floor":2.0,"turns":4.0},{"damage":1.0,"enemies":"Cultist","floor":4.0,"turns":4.0},{"damage":11.0,"enemies":"Louse","floor":6.0,"turns":4.0},{"damage":23.0,"enemies":"The Mushroom Lair","floor":8.0,"turns":6.0},{"damage":8.0,"enemies":"Slime","floor":10.0,"turns":6.0},{"damage":9.0,"enemies":"TwoFungiBeasts","floor":11.0,"turns":3.0},{"damage":9.0,"enemies":"Exordium Wildlife","floor":12.0,"turns":7.0},{"damage":7.0,"enemies":"Gremlins","floor":13.0,"turns":3.0},{"damage":79.0,"enemies":"Hexaghost","floor":16.0,"turns":10.0},{"damage":2,"enemies":"SphericGuardian","floor":18,"turns":4},{"damage":2,"enemies":"Shelled Parasite","floor":19,"turns":3},{"damage":29,"enemies":"HealerTank","floor":20,"turns":5},{"damage":11,"enemies":"Snecko","floor":25,"turns":5},{"damage":20,"enemies":"Murder of Cultists","floor":29,"turns":6},{"damage":23,"enemies":"Chosen and Flock","floor":30,"turns":6},{"damage":80,"enemies":"Champ","floor":33,"turns":15}],"event_choices":[{"event_name":"Big Fish","player_choice":"Donut","floor":3.0,"damage_taken":0.0},{"event_name":"The Cleric","player_choice":"Card Removal","floor":5.0,"damage_taken":0.0},{"event_name":"Mushrooms","player_choice":"Fought Mushrooms","floor":8.0,"damage_taken":0.0},{"event_name":"The Lab","player_choice":"Got Potions","floor":21,"damage_taken":0},{"event_name":"Wheel of Change","player_choice":"Card Removal","floor":22,"damage_taken":0},{"event_name":"N\u0027loth","player_choice":"Ignored","floor":27,"damage_taken":0}],"boss_relics":[],"potions_floor_spawned":[2,8,10,13,16,19,25,30],"seed_played":"-2303818081943798474","killed_by":"Champ","is_trial":false}