{"path_per_floor":["M","M","?","M","?","R","?","M","T","M","E","M","$","M","R","B",null,"M","?","?","M","M"],"character_chosen":"IRONCLAD","items_purchased":["Inflame","Rampage"],"gold_per_floor":[111,127,127,141,141,141,166,181,181,193,222,240,22,40,40,145,145,159,159,159,177,192],"floor_reached":23,"campfire_rested":0,"playtime":1767,"current_hp_per_floor":[78,78,78,80,73,73,79,80,80,80,78,70,70,75,75,41,80,80,80,80,62,56],"items_purged":["Strike_R"],"gold":192,"play_id":"9f2d3758-4142-4688-8275-d1a44237635e","is_prod":false,"is_daily":false,"campfire_rituals":0,"campfire_upgraded":2,"is_hardmode":false,"path_taken":["M","M","?","M","?","R","?","?","T","M","E","M","$","M","R","BOSS","M","?","?","?","M","E"],"build_version":"2017-12-21-PROD1","purchased_purges":1,"victory":false,"master_deck":["Strike_R","Strike_R","Defend_R","Defend_R","Defend_R","Defend_R","Bash","Twin Strike","Thunderclap","Flex","Whirlwind","Flame Barrier","Shrug It Off","Limit Break","Sword Boomerang","Wild Strike","Inflame","Rampage","Combust","Clash","Armaments","Heavy Blade","Ghostly Armor"],"max_hp_per_floor":[80,80,80,80,80,80,80,80,80,80,80,80,80,80,80,80,80,80,80,80,80,80],"relics":["Burning Blood","Odd Mushroom","Letter Opener","Vajra","Black Star"],"campfire_meditates":0,"card_choices":[{"not_picked":["True Grit","Havoc"],"picked":"Twin Strike"},{"not_picked":["Intimidate","True Grit"],"picked":"Thunderclap"},{"not_picked":["Cleave","Headbutt"],"picked":"Flex"},{"not_picked":["Second Wind","Pummel"],"picked":"Whirlwind"},{"not_picked":["Ghostly Armor","Clothesline"],"picked":"Flame Barrier"},{"not_picked":["Iron Wave","Perfected Strike"],"picked":"Shrug It Off"},{"not_picked":["Wild Strike","Twin Strike"],"picked":"Limit Break"},{"not_picked":["Feel No Pain","Power Through"],"picked":"Sword Boomerang"},{"not_picked":["Anger","Flex"],"picked":"Wild Strike"},{"not_picked":["Pummel","Seeing Red"],"picked":"Combust"},{"not_picked":["Searing Blow","Burning Pact"],"picked":"Clash"},{"not_picked":["Warcry","Seeing Red"],"picked":"Heavy Blade"},{"not_picked":["Cleave","Thunderclap"],"picked":"Ghostly Armor"}],"player_experience":332810,"potions_floor_usage":[11,16,16,22],"damage_taken":[{"damage":8,"enemies":"Jaw Worm","floor":1,"turns":3},{"damage":6,"enemies":"Blue Slaver","floor":2,"turns":4},{"damage":0,"enemies":"Cultist","floor":4,"turns":2},{"damage":0,"enemies":"The Mushroom Lair","floor":7,"turns":1},{"damage":1,"enemies":"3 Louse","floor":8,"turns":2},{"damage":0,"enemies":"Large Slime","floor":10,"turns":5},{"damage":8,"enemies":"Gremlin Nob","floor":11,"turns":3},{"damage":14,"enemies":"Exordium Wildlife","floor":12,"turns":2},{"damage":1,"enemies":"2 Fungi Beasts","floor":14,"turns":2},{"damage":40,"enemies":"The Guardian","floor":16,"turns":8},{"damage":2,"enemies":"Chosen","floor":18,"turns":4},{"damage":24,"enemies":"Shell Parasite","floor":21,"turns":5},{"damage":21,"enemies":"Snake Plant","floor":22,"turns":4},{"damage":46,"enemies":"Gremlin Leader","floor":23,"turns":6}],"event_choices":[{"event_name":"Bonfire Elementals","player_choice":"ATTACK","floor":3,"damage_taken":0},{"event_name":"Golden Wing","player_choice":"Card Removal","floor":5,"damage_taken":0},{"event_name":"Mushrooms","player_choice":"Fought Mushrooms","floor":7,"damage_taken":0},{"event_name":"The Library","player_choice":"Read","floor":19,"damage_taken":0},{"event_name":"N\u0027loth","player_choice":"Ignored","floor":20,"damage_taken":0}],"boss_relics":[{"not_picked":["Philosopher\u0027s Stone","Question Card"],"picked":"Black Star"}],"potions_floor_spawned":[2,8,11,14,16,18,21],"seed_played":"2383037682305626277","killed_by":"Gremlin Leader","is_trial":false}