{"path_per_floor":["M","T","$","?","M","M","R","E","T","E","M","M","E","M","R","B",null,"M","?","M","M","M","R","?","M","T","M","?","M","?","M","R","B",null,"M","M","M","$","M","R","$","?","T","M","$","?","R","M","R","B"],"character_chosen":"IRONCLAD","items_purchased":["Armaments","Ghostly Armor","Reckless Charge","Oddly Smooth Stone","Vajra","Anchor"],"gold_per_floor":[119,193,35,35,45,65,65,92,92,117,127,142,171,181,181,281,281,297,297,307,318,330,330,330,341,341,359,359,379,579,595,595,691,691,701,721,740,432,447,447,251,251,274,288,188,188,188,202,202,202],"floor_reached":51,"campfire_rested":3,"playtime":4977,"current_hp_per_floor":[75,75,75,67,72,77,77,69,69,57,62,69,56,64,64,62,80,80,64,64,51,59,80,80,80,80,82,82,82,82,84,84,56,84,77,63,46,46,17,54,54,54,54,62,62,62,72,68,90,58],"items_purged":["Strike_R","Strike_R","Strike_R"],"gold":202,"play_id":"bcb40196-8512-4cfd-834b-0873d290e7f4","is_prod":false,"is_daily":false,"campfire_rituals":0,"campfire_upgraded":3,"is_hardmode":false,"path_taken":["M","?","$","?","M","M","R","E","T","E","M","M","E","M","R","BOSS","M","?","M","M","M","R","?","M","T","M","?","M","?","M","R","BOSS","M","?","M","$","M","R","$","?","T","M","$","?","R","?","R","BOSS"],"build_version":"2017-12-21-PROD1","purchased_purges":3,"victory":true,"master_deck":["Strike_R","Strike_R","Defend_R","Defend_R","Defend_R","Bash","Searing Blow","Armaments","Ghostly Armor","Reckless Charge","Iron Wave","Disarm","Pommel Strike","Twin Strike","Whirlwind","Metallicize","Juggernaut","Flex","Necronomicurse","Whirlwind","Rampage","Rampage","Shrug It Off","Double Tap","Bludgeon","Intimidate","Heavy Blade","Ghostly Armor"],"max_hp_per_floor":[80,80,80,80,80,80,80,80,80,80,80,80,80,80,80,80,80,80,80,80,80,80,80,80,80,80,82,82,82,82,84,84,84,84,84,84,84,84,86,86,86,86,86,88,88,88,88,90,90,90],"relics":["Burning Blood","Bronze Scales","Centennial Puzzle","War Paint","Blood Vial","The Courier","Shovel","Mark of Pain","Necronomicon","Singing Bowl","Kunai","Eternal Feather","Oddly Smooth Stone","Vajra","Anchor","Bag of Preparation"],"campfire_meditates":0,"card_choices":[{"not_picked":["Wild Strike","Hemokinesis"],"picked":"Searing Blow"},{"not_picked":["Pummel","Havoc"],"picked":"Iron Wave"},{"not_picked":["Body Slam","Pommel Strike"],"picked":"Disarm"},{"not_picked":["Pummel","Warcry"],"picked":"Pommel Strike"},{"not_picked":["Dropkick","True Grit"],"picked":"Twin Strike"},{"not_picked":["Clash","Burning Pact"],"picked":"Whirlwind"},{"not_picked":["Iron Wave","Power Through"],"picked":"Metallicize"},{"not_picked":["Immolate","Brutality"],"picked":"Juggernaut"},{"not_picked":["Havoc","Twin Strike"],"picked":"Flex"},{"not_picked":["Blood for Blood","Flex"],"picked":"Whirlwind"},{"not_picked":["Perfected Strike","Infernal Blade"],"picked":"Rampage"},{"not_picked":["Dual Wield","Clash"],"picked":"Rampage"},{"not_picked":["Wild Strike","Rage"],"picked":"Double Tap"},{"not_picked":["Immolate","Dark Embrace"],"picked":"Bludgeon"},{"not_picked":["Anger","Corruption"],"picked":"Intimidate"},{"not_picked":["Clash","Spot Weakness"],"picked":"Heavy Blade"},{"not_picked":["True Grit","Havoc"],"picked":"Ghostly Armor"}],"player_experience":306550,"potions_floor_usage":[50],"damage_taken":[{"damage":11.0,"enemies":"Blue Slaver","floor":1.0,"turns":5.0},{"damage":1.0,"enemies":"Cultist","floor":5.0,"turns":3.0},{"damage":1.0,"enemies":"Jaw Worm","floor":6.0,"turns":4.0},{"damage":14.0,"enemies":"3 Sentries","floor":8.0,"turns":5.0},{"damage":20.0,"enemies":"Gremlin Nob","floor":10.0,"turns":4.0},{"damage":3.0,"enemies":"3 Louse","floor":11.0,"turns":3.0},{"damage":1.0,"enemies":"Large Slime","floor":12.0,"turns":5.0},{"damage":21.0,"enemies":"3 Sentries","floor":13.0,"turns":6.0},{"damage":0.0,"enemies":"2 Fungi Beasts","floor":14.0,"turns":3.0},{"damage":10.0,"enemies":"The Guardian","floor":16.0,"turns":10.0},{"damage":6.0,"enemies":"Chosen","floor":18.0,"turns":5.0},{"damage":8.0,"enemies":"2 Thieves","floor":20.0,"turns":4.0},{"damage":21.0,"enemies":"Snake Plant","floor":21.0,"turns":2.0},{"damage":0.0,"enemies":"Centurion and Healer","floor":22.0,"turns":3.0},{"damage":0.0,"enemies":"Sentry and Sphere","floor":25.0,"turns":1.0},{"damage":2.0,"enemies":"Snake Plant","floor":27.0,"turns":2.0},{"damage":0.0,"enemies":"3 Cultists","floor":29.0,"turns":1.0},{"damage":6.0,"enemies":"Centurion and Healer","floor":31.0,"turns":4.0},{"damage":34.0,"enemies":"Automaton","floor":33.0,"turns":11.0},{"damage":13.0,"enemies":"Orb Walker","floor":35.0,"turns":3.0},{"damage":22.0,"enemies":"3 Darklings","floor":36.0,"turns":3.0},{"damage":25.0,"enemies":"Maw","floor":37.0,"turns":6.0},{"damage":39.0,"enemies":"Sphere and 2 Shapes","floor":39.0,"turns":5.0},{"damage":2.0,"enemies":"4 Shapes","floor":44.0,"turns":7.0},{"damage":14,"enemies":"Maw","floor":48,"turns":5},{"damage":38,"enemies":"Awakened One","floor":50,"turns":12}],"event_choices":[{"event_name":"Wheel of Change","player_choice":"Damage","floor":4.0,"damage_taken":0.0},{"event_name":"Cursed Tome","player_choice":"Obtained Book","floor":19.0,"damage_taken":0.0},{"event_name":"Drug Dealer","player_choice":"Ignored","floor":24.0,"damage_taken":0.0},{"event_name":"The Library","player_choice":"Read","floor":28.0,"damage_taken":0.0},{"event_name":"Wheel of Change","player_choice":"Gold","floor":30.0,"damage_taken":0.0},{"event_name":"Mysterious Sphere","player_choice":"Ignore","floor":42.0,"damage_taken":0.0}],"boss_relics":[],"potions_floor_spawned":[5,6,8,10,14,18,20,22,27,29,36,39],"seed_played":"7147455499993857654","is_trial":false}