{"path_per_floor":["M","?","T","?","?","R","E","?","T","M","M","R","$","M","R","B",null,"M","?","?","?","?","R","M","M","T","M","?","R","$","?","R","B",null,"M","?","?","T","$","R","M","R","T","R","?","M","?","$","R","B"],"character_chosen":"IRONCLAD","items_purchased":["Vajra","Apotheosis"],"gold_per_floor":[110,185,185,185,185,185,212,242,324,339,350,350,18,36,36,137,137,149,149,149,49,49,49,61,75,75,85,0,0,0,0,0,103,103,116,116,116,141,141,141,152,152,152,152,0,19,19,19,19,19],"floor_reached":51,"campfire_rested":5,"playtime":3288,"current_hp_per_floor":[88,77,77,77,77,77,61,61,61,67,67,67,67,65,88,78,88,88,88,88,88,73,93,93,93,93,80,80,80,80,80,93,73,93,84,84,84,84,84,84,65,92,92,92,92,79,69,69,93,26],"items_purged":[],"gold":19,"play_id":"1e035449-5106-4f21-ab76-21ee403ad08b","is_prod":false,"is_daily":false,"campfire_rituals":0,"campfire_upgraded":5,"is_hardmode":false,"path_taken":["M","?","?","?","?","R","E","?","T","M","M","R","$","M","R","BOSS","M","?","?","?","?","R","M","M","T","M","?","R","?","?","R","BOSS","M","?","?","?","$","R","M","R","T","R","?","M","?","?","R","BOSS"],"build_version":"2017-12-21-PROD1","purchased_purges":0,"victory":true,"master_deck":["Strike_R","Strike_R","Strike_R","Strike_R","Defend_R","Defend_R","Defend_R","Defend_R","Bash","Cleave","Shrug It Off","Spot Weakness","Shrug It Off","Apotheosis","Sword Boomerang","Demon Form","Infernal Blade","Flame Barrier","J.A.X.","Intimidate","Heavy Blade","Battle Trance","Limit Break","Heavy Blade","Madness","Madness"],"max_hp_per_floor":[88,88,88,88,88,88,88,88,88,88,88,88,88,88,88,88,88,88,88,88,88,93,93,93,93,93,93,93,93,93,93,93,93,93,93,93,93,93,93,93,93,93,93,93,93,93,93,93,93,93],"relics":["Burning Blood","Juzu Bracelet","Art of War","Unceasing Top","Shuriken","Vajra","Sozu","Gremlin Horn","Ornamental Fan","Lizard Tail","Molten Egg","Magic Flower","Red Mask"],"campfire_meditates":0,"card_choices":[{"not_picked":["Headbutt","Clothesline"],"picked":"Cleave"},{"not_picked":["Pommel Strike","Anger"],"picked":"Shrug It Off"},{"not_picked":["Headbutt","Pommel Strike"],"picked":"Spot Weakness"},{"not_picked":["Warcry","Cleave"],"picked":"Shrug It Off"},{"not_picked":["Spot Weakness","Uppercut"],"picked":"Sword Boomerang"},{"not_picked":["Dark Embrace","Immolate"],"picked":"Demon Form"},{"not_picked":["Sword Boomerang","Hemokinesis"],"picked":"Infernal Blade"},{"not_picked":["Flex","Warcry"],"picked":"Intimidate"},{"not_picked":["Body Slam","Flex"],"picked":"Heavy Blade"},{"not_picked":["Headbutt","Disarm"],"picked":"Battle Trance"},{"not_picked":["Exhume","Brutality"],"picked":"Limit Break"},{"not_picked":["Anger","Searing Blow"],"picked":"Heavy Blade"}],"player_experience":225901,"potions_floor_usage":[16],"damage_taken":[{"damage":1,"enemies":"Jaw Worm","floor":1,"turns":5},{"damage":22,"enemies":"3 Sentries","floor":7,"turns":5},{"damage":0,"enemies":"Cultist","floor":10,"turns":3},{"damage":6,"enemies":"Blue Slaver","floor":11,"turns":5},{"damage":8,"enemies":"Large Slime","floor":14,"turns":3},{"damage":16,"enemies":"Hexaghost","floor":16,"turns":7},{"damage":0,"enemies":"Spheric Guardian","floor":18,"turns":3},{"damage":3,"enemies":"Chosen","floor":24,"turns":4},{"damage":6,"enemies":"Centurion and Healer","floor":25,"turns":6},{"damage":19,"enemies":"Slaver and Parasite","floor":27,"turns":4},{"damage":26,"enemies":"Automaton","floor":33,"turns":8},{"damage":15,"enemies":"3 Darklings","floor":35,"turns":5},{"damage":25,"enemies":"3 Shapes","floor":41,"turns":5},{"damage":22,"enemies":"Sphere and 2 Shapes","floor":46,"turns":5},{"damage":76,"enemies":"Time Eater","floor":50,"turns":7}],"event_choices":[{"event_name":"World of Goop","player_choice":"Gather Gold","floor":2,"damage_taken":0},{"event_name":"Shining Light","player_choice":"Ignored","floor":4,"damage_taken":0},{"event_name":"Golden Wing","player_choice":"Ignored","floor":5,"damage_taken":0},{"event_name":"Dead Adventurer","player_choice":"Searched \u00272\u0027 times","floor":8,"damage_taken":0},{"event_name":"The Library","player_choice":"Read","floor":19,"damage_taken":0},{"event_name":"Vampires","player_choice":"Ignored","floor":20,"damage_taken":0},{"event_name":"Drug Dealer","player_choice":"Got JAXXED","floor":21,"damage_taken":0},{"event_name":"Forgotten Altar","player_choice":"Shed Blood","floor":22,"damage_taken":0},{"event_name":"Addict","player_choice":"Obtained Relic","floor":28,"damage_taken":0},{"event_name":"Cursed Tome","player_choice":"Ignored","floor":31,"damage_taken":0},{"event_name":"Mysterious Sphere","player_choice":"Ignore","floor":36,"damage_taken":0},{"event_name":"Tomb of Lord Red Mask","player_choice":"Paid","floor":45,"damage_taken":0},{"event_name":"Winding Halls","player_choice":"Embrace Madness","floor":47,"damage_taken":0}],"boss_relics":[{"not_picked":["Cursed Key","Tiny House"],"picked":"Sozu"},{"not_picked":["Snecko Eye","Mark of Pain"],"picked":"Lizard Tail"}],"potions_floor_spawned":[1,10,24,27],"seed_played":"-2075981598000535444","is_trial":false}