{"path_per_floor":["M","?","?","M","T","M","M","M","T","E","M","M","$","M","R","B",null,"M","M","M","$","?","R","?","M","T","M","M","R","M","E","R","B",null,"M","$","M","?","M","R","?","R","T","M","$","R","M","M","R"],"character_chosen":"IRONCLAD","items_purchased":["Metallicize","Dramatic Entrance","Bronze Scales","Shrug It Off"],"gold_per_floor":[116,116,116,129,152,171,189,200,226,257,274,294,54,67,67,169,169,186,200,217,23,23,23,23,33,56,76,87,87,103,134,134,234,234,245,145,161,0,19,19,19,19,42,58,58,58,69,86,86],"floor_reached":50,"campfire_rested":6,"playtime":5090,"current_hp_per_floor":[80,80,73,68,68,74,67,69,69,59,60,54,54,53,77,51,80,72,54,48,48,48,72,72,65,65,69,70,70,64,58,82,24,82,72,72,49,49,52,77,67,67,74,60,60,88,76,46,75],"items_purged":["Warcry","Dark Embrace"],"gold":86,"play_id":"73d2af0e-60d1-4855-b25d-8a684c32540d","is_prod":false,"is_daily":false,"campfire_rituals":0,"campfire_upgraded":2,"is_hardmode":false,"path_taken":["M","?","?","M","?","M","M","M","T","E","?","M","$","M","R","BOSS","M","M","M","$","?","R","?","M","T","M","M","R","M","E","R","BOSS","M","$","M","?","M","R","?","R","T","M","$","R","M","M","R","BOSS"],"build_version":"2017-12-21-PROD1","purchased_purges":2,"victory":false,"master_deck":["Strike_R","Strike_R","Strike_R","Defend_R","Defend_R","Defend_R","Defend_R","Bash","Inflame","Uppercut","Havoc","Armaments","Limit Break","Carnage","Flex","Metallicize","Dramatic Entrance","Iron Wave","Intimidate","Second Wind","Anger","Shrug It Off","Heavy Blade","Havoc","Sever Soul","Clothesline","Reaper","Iron Wave","Madness","Madness"],"max_hp_per_floor":[80,80,80,80,80,80,80,80,80,80,80,80,80,80,80,80,80,80,80,80,80,80,80,80,80,80,80,80,80,80,82,82,82,82,84,84,84,84,86,86,86,86,93,95,95,95,97,99,99],"relics":["Burning Blood","Dead Branch","Oddly Smooth Stone","Singing Bowl","Paper Frog","Velvet Choker","Bronze Scales","Orichalcum","Molten Egg","White Beast Statue","Red Mask","Strawberry"],"campfire_meditates":0,"card_choices":[{"not_picked":["Infernal Blade","Sword Boomerang"],"picked":"Inflame"},{"not_picked":["Headbutt","Power Through"],"picked":"Uppercut"},{"not_picked":["Dual Wield","Battle Trance"],"picked":"Havoc"},{"not_picked":["Havoc","Dual Wield"],"picked":"Armaments"},{"not_picked":["Heavy Blade","Clothesline"],"picked":"Warcry"},{"not_picked":["Heavy Blade","Pommel Strike"],"picked":"Limit Break"},{"not_picked":["Rupture","Clash"],"picked":"Carnage"},{"not_picked":["Power Through","Armaments"],"picked":"Flex"},{"not_picked":["Sever Soul","Twin Strike"],"picked":"Iron Wave"},{"not_picked":["Berserk","Offering"],"picked":"Dark Embrace"},{"not_picked":["True Grit","Headbutt"],"picked":"Intimidate"},{"not_picked":["Shrug It Off","Twin Strike"],"picked":"Second Wind"},{"not_picked":["Clothesline","Warcry"],"picked":"Anger"},{"not_picked":["Uppercut","Juggernaut"],"picked":"Heavy Blade"},{"not_picked":["True Grit","Thunderclap"],"picked":"Havoc"},{"not_picked":["Twin Strike","Flex"],"picked":"Sever Soul"},{"not_picked":["Reckless Charge","Dual Wield"],"picked":"Clothesline"},{"not_picked":["Limit Break","Feed"],"picked":"Reaper"},{"not_picked":["Clothesline","Sword Boomerang"],"picked":"Iron Wave"}],"player_experience":327720,"potions_floor_usage":[7,10,10,11,18,28,35,39,48,50,50],"damage_taken":[{"damage":6,"enemies":"Jaw Worm","floor":1,"turns":4},{"damage":11,"enemies":"Blue Slaver","floor":4,"turns":5},{"damage":0,"enemies":"Cultist","floor":6,"turns":3},{"damage":13,"enemies":"Gremlin Gang","floor":7,"turns":4},{"damage":4,"enemies":"3 Louse","floor":8,"turns":4},{"damage":16,"enemies":"3 Sentries","floor":10,"turns":6},{"damage":5,"enemies":"Exordium Thugs","floor":11,"turns":5},{"damage":12,"enemies":"Exordium Wildlife","floor":12,"turns":5},{"damage":7,"enemies":"Red Slaver","floor":14,"turns":2},{"damage":32,"enemies":"Slime Boss","floor":16,"turns":14},{"damage":14,"enemies":"2 Thieves","floor":18,"turns":3},{"damage":24,"enemies":"Spheric Guardian","floor":19,"turns":6},{"damage":12,"enemies":"Chosen and Byrds","floor":20,"turns":7},{"damage":13,"enemies":"Snake Plant","floor":25,"turns":4},{"damage":2,"enemies":"Snecko","floor":27,"turns":4},{"damage":5,"enemies":"Centurion and Healer","floor":28,"turns":5},{"damage":12,"enemies":"Snake Plant","floor":30,"turns":3},{"damage":14,"enemies":"Slavers","floor":31,"turns":5},{"damage":67,"enemies":"Champ","floor":33,"turns":16},{"damage":18,"enemies":"3 Darklings","floor":35,"turns":5},{"damage":29,"enemies":"Orb Walker","floor":37,"turns":4},{"damage":17,"enemies":"4 Shapes","floor":39,"turns":6},{"damage":22,"enemies":"Sphere and 2 Shapes","floor":44,"turns":5},{"damage":27,"enemies":"3 Darklings","floor":47,"turns":5},{"damage":49,"enemies":"Maw","floor":48,"turns":8},{"damage":100,"enemies":"Time Eater","floor":50,"turns":13}],"event_choices":[{"event_name":"Liars Game","player_choice":"disagreed","floor":2,"damage_taken":0},{"event_name":"Scrap Ooze","player_choice":"success","floor":3,"damage_taken":7},{"event_name":"Purifier","player_choice":"One Purge","floor":22,"damage_taken":0},{"event_name":"Transmorgrifier","player_choice":"Skipped","floor":24,"damage_taken":0},{"event_name":"Tomb of Lord Red Mask","player_choice":"Paid","floor":38,"damage_taken":0},{"event_name":"Winding Halls","player_choice":"Embrace Madness","floor":41,"damage_taken":0}],"boss_relics":[{"not_picked":["Question Card","Eternal Feather"],"picked":"Velvet Choker"},{"not_picked":["Black Star","Lizard Tail"],"picked":"White Beast Statue"}],"potions_floor_spawned":[1,4,7,8,16,25,33,35,37,39,44,47,48],"seed_played":"-4578662752825603902","killed_by":"Time Eater","is_trial":false}