{"path_per_floor":["M","M","?","M","?","E","$","R","T","R","M","M","M","?","R","B",null,"M","$","?","?","?","R","?","R","T","M","R","?","M","M","R"],"character_chosen":"IRONCLAD","items_purchased":["Fire Breathing","Ornamental Fan","Armaments"],"gold_per_floor":[113,131,131,151,101,134,97,97,97,97,114,134,153,231,231,336,336,355,57,57,57,57,57,57,57,84,102,102,102,113,124,124],"floor_reached":33,"campfire_rested":2,"playtime":2583,"current_hp_per_floor":[79,79,79,80,80,69,69,69,69,69,64,69,70,70,80,64,80,80,80,80,65,65,65,65,65,65,66,85,85,71,73,73],"items_purged":[],"gold":124,"play_id":"827a6410-495c-4b77-a2ac-2e39f0332aca","is_prod":false,"is_daily":false,"campfire_rituals":0,"campfire_upgraded":5,"is_hardmode":false,"path_taken":["M","M","?","M","?","E","$","R","T","R","M","M","?","?","R","BOSS","M","$","?","?","?","R","?","R","T","?","R","?","M","M","R","BOSS"],"build_version":"2017-12-21-PROD1","purchased_purges":1,"victory":false,"master_deck":["Strike_R","Strike_R","Strike_R","Strike_R","Defend_R","Defend_R","Defend_R","Defend_R","Bash","Intimidate","Bludgeon","Flex","Fire Breathing","Whirlwind","Metallicize","Reaper","Perfected Strike","Armaments","Pommel Strike","Rage","Flame Barrier"],"max_hp_per_floor":[80,80,80,80,80,80,80,80,80,80,80,80,80,80,80,80,80,80,80,80,85,85,85,85,85,85,85,85,85,85,85,85],"relics":["Burning Blood","Art of War","War Paint","Vajra","Sozu","Ornamental Fan","Omamori","Pantograph"],"campfire_meditates":0,"card_choices":[{"not_picked":["Burning Pact","Bloodletting"],"picked":"Intimidate"},{"not_picked":["Havoc","Headbutt"],"picked":"Bludgeon"},{"not_picked":["Iron Wave","Evolve"],"picked":"Flex"},{"not_picked":["Spot Weakness","Shockwave"],"picked":"Whirlwind"},{"not_picked":["Warcry","Intimidate"],"picked":"Metallicize"},{"not_picked":["Limit Break","Dark Embrace"],"picked":"Reaper"},{"not_picked":["Body Slam","Corruption"],"picked":"Perfected Strike"},{"not_picked":["Power Through","Flex"],"picked":"Pommel Strike"},{"not_picked":["Metallicize","Shrug It Off"],"picked":"Rage"},{"not_picked":["Disarm","Pommel Strike"],"picked":"Flame Barrier"}],"player_experience":217240,"potions_floor_usage":[],"damage_taken":[{"damage":7.0,"enemies":"Jaw Worm","floor":1.0,"turns":5.0},{"damage":6.0,"enemies":"Blue Slaver","floor":2.0,"turns":6.0},{"damage":1.0,"enemies":"Cultist","floor":4.0,"turns":4.0},{"damage":17.0,"enemies":"3 Sentries","floor":6.0,"turns":6.0},{"damage":11.0,"enemies":"Gremlin Gang","floor":11.0,"turns":4.0},{"damage":1.0,"enemies":"Exordium Wildlife","floor":12.0,"turns":3.0},{"damage":5.0,"enemies":"Exordium Thugs","floor":13.0,"turns":5.0},{"damage":22.0,"enemies":"Slime Boss","floor":16.0,"turns":10.0},{"damage":0,"enemies":"3 Byrds","floor":18,"turns":4},{"damage":5,"enemies":"Spheric Guardian","floor":27,"turns":3},{"damage":20,"enemies":"Slaver and Parasite","floor":30,"turns":5},{"damage":4,"enemies":"Snake Plant","floor":31,"turns":3},{"damage":85,"enemies":"Automaton","floor":33,"turns":12}],"event_choices":[{"event_name":"Shining Light","player_choice":"Ignored","floor":3.0,"damage_taken":0.0},{"event_name":"The Cleric","player_choice":"Card Removal","floor":5.0,"damage_taken":0.0},{"event_name":"Golden Wing","player_choice":"Gained Gold","floor":14.0,"damage_taken":0.0},{"event_name":"Addict","player_choice":"Ignored","floor":20,"damage_taken":0},{"event_name":"Forgotten Altar","player_choice":"Shed Blood","floor":21,"damage_taken":0},{"event_name":"Accursed Blacksmith","player_choice":"Ignore","floor":22,"damage_taken":0},{"event_name":"Back to Basics","player_choice":"Simplicity","floor":24,"damage_taken":0},{"event_name":"Wheel of Change","player_choice":"Relic","floor":29,"damage_taken":0}],"boss_relics":[{"not_picked":["Question Card","White Beast Statue"],"picked":"Sozu"}],"potions_floor_spawned":[1,6,12,16,18,27,31],"seed_played":"2967329365958280490","killed_by":"Automaton","is_trial":false}