{"path_per_floor":["M","$","M","M","M","E","R","M","T","R","M","$","?","M","R","B",null,"M","$","?","?","M","E","?","M","T","M","R","E","M","?","R"],"character_chosen":"IRONCLAD","items_purchased":["Spot Weakness","Juggernaut","Vajra"],"gold_per_floor":[111,35,45,63,79,104,104,117,142,142,157,2,77,97,97,195,195,211,57,57,57,68,93,18,38,90,102,102,135,145,145,145],"floor_reached":33,"campfire_rested":2,"playtime":2935,"current_hp_per_floor":[80,80,80,80,80,61,61,66,66,66,74,74,63,71,71,67,80,73,73,73,73,80,34,34,40,42,38,62,31,20,20,46],"items_purged":["Strike_R"],"gold":145,"play_id":"de755f7c-572b-448c-b4c0-20af8b2f47e4","is_prod":false,"is_daily":false,"campfire_rituals":0,"campfire_upgraded":3,"is_hardmode":false,"path_taken":["M","$","M","M","M","E","R","M","T","R","M","$","?","M","R","BOSS","M","$","?","?","M","E","?","M","T","M","R","E","?","?","R","BOSS"],"build_version":"2017-12-21-PROD1","purchased_purges":1,"victory":false,"master_deck":["Strike_R","Strike_R","Strike_R","Strike_R","Defend_R","Defend_R","Defend_R","Defend_R","Bash","Cleave","Spot Weakness","Armaments","Carnage","Twin Strike","Shrug It Off","Heavy Blade","Armaments","Whirlwind","Limit Break","Seeing Red","Metallicize","Clothesline","Shockwave","Intimidate","Ghostly Armor","Decay"],"max_hp_per_floor":[80,80,80,80,80,80,80,80,80,80,80,80,80,80,80,80,80,80,80,80,80,80,80,80,80,82,82,82,89,89,89,89],"relics":["Black Blood","Blood Vial","Happy Flower","Vajra","Prayer Wheel","Singing Bowl","Strawberry"],"campfire_meditates":0,"card_choices":[{"not_picked":["Pommel Strike","Infernal Blade"],"picked":"Cleave"},{"not_picked":["Dual Wield","Body Slam"],"picked":"Armaments"},{"not_picked":["Shockwave","Offering"],"picked":"Carnage"},{"not_picked":["Body Slam","Bloodletting"],"picked":"Twin Strike"},{"not_picked":["Rupture","Sever Soul"],"picked":"Shrug It Off"},{"not_picked":["Blood for Blood","Inflame"],"picked":"Heavy Blade"},{"not_picked":["Anger","Infernal Blade"],"picked":"Armaments"},{"not_picked":["Feel No Pain","Iron Wave"],"picked":"Whirlwind"},{"not_picked":["Berserk","Bludgeon"],"picked":"Limit Break"},{"not_picked":["Wild Strike","Power Through"],"picked":"Seeing Red"},{"not_picked":["Corruption","Warcry"],"picked":"Clothesline"},{"not_picked":["Berserk","Armaments"],"picked":"Shockwave"},{"not_picked":["Thunderclap","Anger"],"picked":"Intimidate"},{"not_picked":["Pummel","Flex"],"picked":"Ghostly Armor"}],"player_experience":297616,"potions_floor_usage":[5,16,18,22,23,23,27,33],"damage_taken":[{"damage":3,"enemies":"Jaw Worm","floor":1,"turns":4},{"damage":5,"enemies":"Cultist","floor":3,"turns":4},{"damage":5,"enemies":"Looter","floor":4,"turns":4},{"damage":5,"enemies":"Large Slime","floor":5,"turns":7},{"damage":25,"enemies":"3 Sentries","floor":6,"turns":6},{"damage":3,"enemies":"Lots of Slimes","floor":8,"turns":4},{"damage":0,"enemies":"2 Fungi Beasts","floor":11,"turns":3},{"damage":0,"enemies":"Large Slime","floor":14,"turns":4},{"damage":12,"enemies":"Slime Boss","floor":16,"turns":11},{"damage":17,"enemies":"Spheric Guardian","floor":18,"turns":5},{"damage":4,"enemies":"Chosen","floor":22,"turns":7},{"damage":56,"enemies":"Slavers","floor":23,"turns":5},{"damage":6,"enemies":"Centurion and Healer","floor":25,"turns":9},{"damage":16,"enemies":"3 Cultists","floor":27,"turns":5},{"damage":50,"enemies":"Gremlin Leader","floor":29,"turns":7},{"damage":23,"enemies":"Sentry and Sphere","floor":30,"turns":4},{"damage":21,"enemies":"Automaton","floor":33,"turns":6}],"event_choices":[{"event_name":"World of Goop","player_choice":"Gather Gold","floor":13,"damage_taken":0},{"event_name":"Addict","player_choice":"Ignored","floor":20,"damage_taken":0},{"event_name":"The Library","player_choice":"Read","floor":21,"damage_taken":0},{"event_name":"Beggar","player_choice":"Gave Gold","floor":24,"damage_taken":0},{"event_name":"Forgotten Altar","player_choice":"Smashed Altar","floor":31,"damage_taken":0}],"boss_relics":[{"not_picked":["Runic Cube","Eternal Feather"],"picked":"Black Blood"}],"potions_floor_spawned":[1,5,8,11,16,18,22,25,30],"seed_played":"7230235510342272832","killed_by":"Automaton","is_trial":false}