{"path_per_floor":["M","?","?","?","M","E","R","M","T","?","M","R","$","M","R","B",null,"M","?","?","T"],"character_chosen":"IRONCLAD","items_purchased":["Flame Barrier","Metallicize"],"gold_per_floor":[113,63,63,63,74,107,107,120,176,206,226,226,2,22,22,121,121,138,53,53,79],"floor_reached":22,"campfire_rested":0,"playtime":1286,"current_hp_per_floor":[90,90,71,71,77,69,69,75,75,75,81,81,81,87,87,28,96,92,92,77,77],"items_purged":["Defend_R"],"gold":79,"play_id":"8f5149aa-51ff-449b-b511-3ee72bcfa084","is_prod":false,"is_daily":false,"campfire_rituals":0,"campfire_upgraded":3,"is_hardmode":false,"path_taken":["M","?","?","?","?","E","R","M","T","?","M","R","$","M","R","BOSS","M","?","?","?","M"],"build_version":"2017-12-21-PROD1","purchased_purges":1,"victory":false,"master_deck":["Strike_R","Strike_R","Strike_R","Strike_R","Defend_R","Defend_R","Defend_R","Bash","Intimidate","Ghostly Armor","Reckless Charge","Armaments","Flame Barrier","Metallicize","Inflame","Barricade","Flex"],"max_hp_per_floor":[96,96,96,96,96,96,96,96,96,96,96,96,96,96,96,96,96,96,96,101,101],"relics":["Burning Blood","Oddly Smooth Stone","Tiny Chest","Calipers","Runic Pyramid","Matryoshka","Happy Flower","Lantern"],"campfire_meditates":0,"card_choices":[{"not_picked":["Warcry","Wild Strike"],"picked":"Intimidate"},{"not_picked":["Iron Wave","Infernal Blade"],"picked":"Ghostly Armor"},{"not_picked":["Intimidate","Heavy Blade"],"picked":"Reckless Charge"},{"not_picked":["Heavy Blade","Sever Soul"],"picked":"Armaments"},{"not_picked":["Fire Breathing","Warcry"],"picked":"Inflame"},{"not_picked":["Immolate","Feed"],"picked":"Barricade"},{"not_picked":["Body Slam","Iron Wave"],"picked":"Flex"}],"player_experience":343315,"potions_floor_usage":[6,16,16],"damage_taken":[{"damage":12,"enemies":"Looter","floor":1,"turns":4},{"damage":0,"enemies":"Jaw Worm","floor":5,"turns":5},{"damage":14,"enemies":"Gremlin Nob","floor":6,"turns":4},{"damage":0,"enemies":"Cultist","floor":8,"turns":2},{"damage":0,"enemies":"Exordium Wildlife","floor":11,"turns":4},{"damage":0,"enemies":"2 Fungi Beasts","floor":14,"turns":5},{"damage":65,"enemies":"Hexaghost","floor":16,"turns":14},{"damage":10,"enemies":"Spheric Guardian","floor":18,"turns":12},{"damage":0,"enemies":"3 Byrds","floor":22,"turns":2}],"event_choices":[{"event_name":"The Cleric","player_choice":"Card Removal","floor":2,"damage_taken":0},{"event_name":"Shining Light","player_choice":"Entered Light","floor":3,"damage_taken":0},{"event_name":"Bonfire Elementals","player_choice":"ATTACK","floor":4,"damage_taken":0},{"event_name":"Dead Adventurer","player_choice":"Searched \u00272\u0027 times","floor":10,"damage_taken":0},{"event_name":"Addict","player_choice":"Obtained Relic","floor":19,"damage_taken":0},{"event_name":"Forgotten Altar","player_choice":"Shed Blood","floor":20,"damage_taken":0}],"boss_relics":[{"not_picked":["Philosopher\u0027s Stone","Ectoplasm"],"picked":"Runic Pyramid"}],"potions_floor_spawned":[5,11,14,16,18],"seed_played":"-8149135483827292836","killed_by":"3 Byrds","is_trial":false}