{"path_per_floor":["M","M","?","M","?","E","$","R","T","M","R","M","R","?","R","B",null,"M","?","?","M","?","M","?","$","T","M","R","$","M","M","R","B",null,"M","M","$","?","?","R","M","M","T","R","M","M","$","?","R","B"],"character_chosen":"IRONCLAD","items_purchased":["Mercury Hourglass","Bag of Marbles","Battle Trance","Shuriken"],"gold_per_floor":[218,237,312,322,322,349,18,18,318,334,334,351,351,351,351,451,451,468,468,393,407,407,420,420,95,95,106,106,6,16,36,36,139,169,186,197,7,0,0,0,13,30,30,30,47,60,60,60,60,60],"floor_reached":51,"campfire_rested":2,"playtime":3530,"current_hp_per_floor":[74,79,68,68,61,10,10,34,34,39,63,68,68,80,80,27,80,80,64,64,65,65,71,71,71,71,68,68,68,74,83,83,52,91,91,93,93,93,83,83,94,94,94,94,94,88,88,88,88,30],"items_purged":["Defend_R","Strike_R","Regret"],"gold":60,"play_id":"03c595cd-409e-4897-a590-656641ca7002","is_prod":false,"is_daily":false,"campfire_rituals":0,"campfire_upgraded":7,"is_hardmode":false,"path_taken":["M","M","?","M","?","E","$","R","T","?","R","M","R","?","R","BOSS","M","?","?","M","?","M","?","$","T","M","R","$","M","M","R","BOSS","M","M","$","?","?","R","?","M","T","R","M","M","?","?","R","BOSS"],"build_version":"2017-12-21-PROD1","purchased_purges":4,"victory":true,"master_deck":["Strike_R","Strike_R","Defend_R","Defend_R","Defend_R","Bash","Iron Wave","Inflame","Ghostly Armor","Iron Wave","Heavy Blade","Sword Boomerang","Feed","Uppercut","Necronomicurse","Heavy Blade","Flame Barrier","Battle Trance","Flex","Perfected Strike","Reaper","Clumsy","Clothesline","Seeing Red","Metallicize","Madness","Madness","Impervious","Clumsy","Power Through"],"max_hp_per_floor":[80,80,80,80,80,80,80,80,80,80,80,80,80,80,80,80,80,80,80,80,80,80,80,80,80,80,83,83,83,83,86,86,86,91,91,94,94,94,94,94,94,94,94,94,94,94,94,94,94,94],"relics":["Burning Blood","Molten Egg","Mercury Hourglass","Old Coin","Cursed Key","Necronomicon","Bag of Marbles","The Courier","Tiny House","Shuriken","Red Mask","Ornamental Fan"],"campfire_meditates":0,"card_choices":[{"not_picked":["True Grit","Warcry"],"picked":"Iron Wave"},{"not_picked":["Rupture","Dual Wield"],"picked":"Inflame"},{"not_picked":["Body Slam","Entrench"],"picked":"Ghostly Armor"},{"not_picked":["Entrench","True Grit"],"picked":"Iron Wave"},{"not_picked":["Body Slam","Infernal Blade"],"picked":"Heavy Blade"},{"not_picked":["Reckless Charge","Hemokinesis"],"picked":"Sword Boomerang"},{"not_picked":["Immolate","Berserk"],"picked":"Feed"},{"not_picked":["Pommel Strike","Havoc"],"picked":"Uppercut"},{"not_picked":["Rampage","Combust"],"picked":"Heavy Blade"},{"not_picked":["Clash","Havoc"],"picked":"Flex"},{"not_picked":["Dropkick","Offering"],"picked":"Perfected Strike"},{"not_picked":["Berserk","Offering"],"picked":"Reaper"},{"not_picked":["Twin Strike","Iron Wave"],"picked":"Clothesline"},{"not_picked":["Ghostly Armor","Perfected Strike"],"picked":"Seeing Red"},{"not_picked":["Warcry","Fire Breathing"],"picked":"Metallicize"},{"not_picked":["Headbutt","Pommel Strike"],"picked":"Impervious"},{"not_picked":["Cleave","Sword Boomerang"],"picked":"Power Through"}],"player_experience":353509,"potions_floor_usage":[12,16,23,27,27,33,36,41,46,50],"damage_taken":[{"damage":12,"enemies":"Looter","floor":1,"turns":4},{"damage":1,"enemies":"Jaw Worm","floor":2,"turns":4},{"damage":6,"enemies":"Blue Slaver","floor":4,"turns":5},{"damage":57,"enemies":"Gremlin Nob","floor":6,"turns":7},{"damage":1,"enemies":"3 Louse","floor":10,"turns":3},{"damage":1,"enemies":"Red Slaver","floor":12,"turns":3},{"damage":59,"enemies":"Hexaghost","floor":16,"turns":12},{"damage":0,"enemies":"Chosen","floor":18,"turns":4},{"damage":5,"enemies":"Shell Parasite","floor":21,"turns":3},{"damage":0,"enemies":"Centurion and Healer","floor":23,"turns":3},{"damage":15,"enemies":"Slaver and Parasite","floor":27,"turns":4},{"damage":0,"enemies":"Chosen and Byrds","floor":30,"turns":2},{"damage":0,"enemies":"Snecko","floor":31,"turns":1},{"damage":37,"enemies":"Champ","floor":33,"turns":8},{"damage":0,"enemies":"Orb Walker","floor":35,"turns":2},{"damage":7,"enemies":"3 Shapes","floor":36,"turns":4},{"damage":23,"enemies":"3 Darklings","floor":41,"turns":4},{"damage":4,"enemies":"Sphere and 2 Shapes","floor":42,"turns":5},{"damage":24,"enemies":"Maw","floor":45,"turns":6},{"damage":12,"enemies":"3 Darklings","floor":46,"turns":6},{"damage":94,"enemies":"Time Eater","floor":50,"turns":12}],"event_choices":[{"event_name":"World of Goop","player_choice":"Gather Gold","floor":3,"damage_taken":0},{"event_name":"Golden Wing","player_choice":"Card Removal","floor":5,"damage_taken":0},{"event_name":"Wheel of Change","player_choice":"Full Heal","floor":14,"damage_taken":0},{"event_name":"Cursed Tome","player_choice":"Obtained Book","floor":19,"damage_taken":0},{"event_name":"Beggar","player_choice":"Gave Gold","floor":20,"damage_taken":0},{"event_name":"Back to Basics","player_choice":"Simplicity","floor":22,"damage_taken":0},{"event_name":"The Library","player_choice":"Read","floor":24,"damage_taken":0},{"event_name":"Tomb of Lord Red Mask","player_choice":"Paid","floor":38,"damage_taken":0},{"event_name":"Winding Halls","player_choice":"Embrace Madness","floor":39,"damage_taken":0},{"event_name":"Mysterious Sphere","player_choice":"Ignore","floor":48,"damage_taken":0}],"boss_relics":[{"not_picked":["White Beast Statue","Calling Bell"],"picked":"Cursed Key"},{"not_picked":["Runic Pyramid","Question Card"],"picked":"Tiny House"}],"potions_floor_spawned":[6,10,16,21,23,31,35,41,42],"seed_played":"-6801269110473494120","is_trial":false}