{"path_per_floor":["M","M","?","$","M","R","E","?","T","M","R","?","$","M","R","B",null,"M","?","M","$","M","E","R","M","T","R","M","M","M","M","R","B",null,"M","$","M","M","?","R","?","R","T","E","?","M","R","T","R","B"],"character_chosen":"IRONCLAD","items_purchased":["Paper Frog","Armaments"],"gold_per_floor":[119,130,130,55,74,74,103,53,76,89,89,147,47,61,61,158,158,168,83,93,93,103,137,137,153,177,177,190,201,218,230,230,332,362,372,65,84,101,101,101,101,101,124,152,152,171,171,240,240,240],"floor_reached":51,"campfire_rested":2,"playtime":4982,"current_hp_per_floor":[82,75,68,68,70,70,56,56,56,62,62,44,44,50,76,50,88,79,79,67,67,62,33,33,53,53,79,79,72,88,88,88,88,93,93,93,83,88,88,88,88,88,88,49,72,81,81,91,91,20],"items_purged":["Strike_R","Defend_R"],"gold":240,"play_id":"e17eb81e-c22c-4b4e-921e-8d2bd3a4f499","is_prod":false,"is_daily":false,"campfire_rituals":0,"campfire_upgraded":5,"is_hardmode":false,"path_taken":["M","M","?","$","M","R","E","?","T","M","R","?","$","M","R","BOSS","M","?","M","$","M","E","R","M","T","R","M","M","M","M","R","BOSS","M","$","M","M","?","R","?","R","T","E","?","M","R","?","R","BOSS"],"build_version":"2017-12-21-PROD1","purchased_purges":2,"victory":true,"master_deck":["Strike_R","Strike_R","Strike_R","Defend_R","Defend_R","Defend_R","Bash","Intimidate","Cleave","Seeing Red","Flame Barrier","Thunderclap","Reaper","Barricade","Ghostly Armor","Heavy Blade","Pommel Strike","Clothesline","Metallicize","Armaments","Metallicize","Infernal Blade","Iron Wave","Writhe","Whirlwind"],"max_hp_per_floor":[88,88,88,88,88,88,88,88,88,88,88,88,88,88,88,88,88,88,88,88,88,88,88,88,88,88,88,88,88,88,88,88,88,93,93,93,93,93,93,93,93,93,93,93,93,93,93,103,103,103],"relics":["Burning Blood","Orichalcum","Juzu Bracelet","Pen Nib","Girya","Velvet Choker","Matryoshka","Sundial","Bag of Preparation","Molten Egg","Tiny House","Paper Frog","Centennial Puzzle","Art of War","Happy Flower","Pear"],"campfire_meditates":0,"card_choices":[{"not_picked":["Body Slam","Uppercut"],"picked":"Intimidate"},{"not_picked":["Rampage","Iron Wave"],"picked":"Cleave"},{"not_picked":["Sentinel","Body Slam"],"picked":"Seeing Red"},{"not_picked":["Fire Breathing","Feel No Pain"],"picked":"Flame Barrier"},{"not_picked":["Clash","Entrench"],"picked":"Thunderclap"},{"not_picked":["Warcry","Sever Soul"],"picked":"Reaper"},{"not_picked":["Berserk","Impervious"],"picked":"Barricade"},{"not_picked":["Iron Wave","Hemokinesis"],"picked":"Ghostly Armor"},{"not_picked":["Perfected Strike","Thunderclap"],"picked":"Heavy Blade"},{"not_picked":["Cleave","Berserk"],"picked":"Pommel Strike"},{"not_picked":["Body Slam","Anger"],"picked":"Clothesline"},{"not_picked":["Hemokinesis","Combust"],"picked":"Metallicize"},{"not_picked":["Pommel Strike","Blood for Blood"],"picked":"Metallicize"},{"not_picked":["Dropkick","Heavy Blade"],"picked":"Infernal Blade"},{"not_picked":["Uppercut","Clothesline"],"picked":"Iron Wave"},{"not_picked":["Power Through","Intimidate"],"picked":"Whirlwind"}],"player_experience":317302,"potions_floor_usage":[38,44,46,50,50],"damage_taken":[{"damage":12.0,"enemies":"Looter","floor":1.0,"turns":4.0},{"damage":13.0,"enemies":"Blue Slaver","floor":2.0,"turns":5.0},{"damage":4.0,"enemies":"Cultist","floor":5.0,"turns":4.0},{"damage":35.0,"enemies":"Lagavulin","floor":7.0,"turns":8.0},{"damage":0.0,"enemies":"2 Fungi Beasts","floor":10.0,"turns":3.0},{"damage":24.0,"enemies":"3 Sentries","floor":12.0,"turns":5.0},{"damage":0.0,"enemies":"Gremlin Gang","floor":14.0,"turns":1.0},{"damage":36.0,"enemies":"The Guardian","floor":16.0,"turns":13.0},{"damage":19.0,"enemies":"Chosen","floor":18.0,"turns":6.0},{"damage":30.0,"enemies":"3 Byrds","floor":20.0,"turns":6.0},{"damage":32.0,"enemies":"3 Cultists","floor":22.0,"turns":6.0},{"damage":55.0,"enemies":"Gremlin Leader","floor":23.0,"turns":10.0},{"damage":6.0,"enemies":"Centurion and Healer","floor":25.0,"turns":8.0},{"damage":6.0,"enemies":"Slaver and Parasite","floor":28.0,"turns":7.0},{"damage":16.0,"enemies":"Sentry and Sphere","floor":29.0,"turns":5.0},{"damage":0.0,"enemies":"3 Cultists","floor":30.0,"turns":3.0},{"damage":6.0,"enemies":"Slaver and Parasite","floor":31.0,"turns":4.0},{"damage":37.0,"enemies":"Collector","floor":33.0,"turns":12.0},{"damage":10,"enemies":"Orb Walker","floor":35,"turns":5},{"damage":17,"enemies":"3 Darklings","floor":37,"turns":4},{"damage":11,"enemies":"Maw","floor":38,"turns":8},{"damage":45,"enemies":"Nemesis","floor":44,"turns":12},{"damage":26,"enemies":"4 Shapes","floor":46,"turns":7},{"damage":99,"enemies":"Donu and Deca","floor":50,"turns":11}],"event_choices":[{"event_name":"Scrap Ooze","player_choice":"success","floor":3.0,"damage_taken":7.0},{"event_name":"The Cleric","player_choice":"Card Removal","floor":8.0,"damage_taken":0.0},{"event_name":"Dead Adventurer","player_choice":"Searched \u00272\u0027 times","floor":12.0,"damage_taken":0.0},{"event_name":"Addict","player_choice":"Obtained Relic","floor":19.0,"damage_taken":0.0},{"event_name":"The Lab","player_choice":"Got Potions","floor":39,"damage_taken":0},{"event_name":"Mysterious Sphere","player_choice":"Ignore","floor":41,"damage_taken":0},{"event_name":"Winding Halls","player_choice":"Writhe","floor":45,"damage_taken":0}],"boss_relics":[{"not_picked":["Runic Cube","Calling Bell"],"picked":"Tiny House"}],"potions_floor_spawned":[1,2,5,12,16,22,23,28,31,33,35,38,46],"seed_played":"4303840890856774965","is_trial":false}