{"path_per_floor":["M","M","M","?","?","R","M","$","T","T","M","M","M","M","R","B",null,"M","?","M","$","M"],"character_chosen":"IRONCLAD","items_purchased":["Ornamental Fan","Apotheosis"],"gold_per_floor":[218,232,242,306,276,276,288,48,48,48,61,79,90,104,104,203,203,222,222,235,52,66],"floor_reached":23,"campfire_rested":0,"playtime":2375,"current_hp_per_floor":[73,67,72,72,72,72,77,77,77,77,78,80,80,80,80,67,80,80,80,76,76,67],"items_purged":[],"gold":66,"play_id":"9843b3d8-982d-4905-b957-a4e956a591ef","is_prod":false,"is_daily":false,"campfire_rituals":0,"campfire_upgraded":2,"is_hardmode":false,"path_taken":["M","M","M","?","?","R","M","$","T","?","M","M","M","?","R","BOSS","M","?","M","$","M","E"],"build_version":"2017-12-21-PROD1","purchased_purges":0,"victory":false,"master_deck":["Strike_R","Strike_R","Strike_R","Strike_R","Strike_R","Defend_R","Defend_R","Defend_R","Defend_R","Bash","Heavy Blade","Battle Trance","Twin Strike","Double Tap","Twin Strike","Cleave","Iron Wave","Barricade","Armaments","Body Slam","Apotheosis"],"max_hp_per_floor":[80,80,80,80,80,80,80,80,80,80,80,80,80,80,80,80,80,80,80,80,80,80],"relics":["Burning Blood","Ornamental Fan","Bag of Marbles","Sundial","Black Star"],"campfire_meditates":0,"card_choices":[{"not_picked":["Limit Break","Combust"],"picked":"Heavy Blade"},{"not_picked":["Uppercut","Twin Strike"],"picked":"Battle Trance"},{"not_picked":["Dual Wield","Sword Boomerang"],"picked":"Twin Strike"},{"not_picked":["Pummel","Twin Strike"],"picked":"Double Tap"},{"not_picked":["Dual Wield","Bloodletting"],"picked":"Twin Strike"},{"not_picked":["Disarm","Infernal Blade"],"picked":"Cleave"},{"not_picked":["Intimidate","Sword Boomerang"],"picked":"Iron Wave"},{"not_picked":["Limit Break","Offering"],"picked":"Barricade"},{"not_picked":["True Grit","Clash"],"picked":"Armaments"},{"not_picked":["Reckless Charge","Headbutt"],"picked":"Body Slam"}],"player_experience":210781,"potions_floor_usage":[23],"damage_taken":[{"damage":13.0,"enemies":"Blue Slaver","floor":1.0,"turns":6.0},{"damage":12.0,"enemies":"Looter","floor":2.0,"turns":4.0},{"damage":1.0,"enemies":"Jaw Worm","floor":3.0,"turns":5.0},{"damage":1.0,"enemies":"Exordium Wildlife","floor":7.0,"turns":3.0},{"damage":5.0,"enemies":"Red Slaver","floor":11.0,"turns":4.0},{"damage":0.0,"enemies":"Large Slime","floor":12.0,"turns":4.0},{"damage":0.0,"enemies":"Exordium Wildlife","floor":13.0,"turns":2.0},{"damage":0.0,"enemies":"Gremlin Gang","floor":14.0,"turns":1.0},{"damage":19.0,"enemies":"Slime Boss","floor":16.0,"turns":11.0},{"damage":4,"enemies":"Chosen","floor":18,"turns":4},{"damage":10,"enemies":"3 Byrds","floor":20,"turns":6},{"damage":15,"enemies":"3 Cultists","floor":22,"turns":6},{"damage":28,"enemies":"Gremlin Leader","floor":23,"turns":7}],"event_choices":[{"event_name":"Golden Wing","player_choice":"Gained Gold","floor":4.0,"damage_taken":0.0},{"event_name":"The Woman in Blue","player_choice":"Bought 2 Potions","floor":5.0,"damage_taken":0.0},{"event_name":"Transmorgrifier","player_choice":"Skipped","floor":19,"damage_taken":0}],"boss_relics":[{"not_picked":["Calling Bell","Velvet Choker"],"picked":"Black Star"}],"potions_floor_spawned":[1,7,12,18],"seed_played":"-2284327420167287807","killed_by":"Gremlin Leader","is_trial":false}