{"path_per_floor":["M","M","?","M","M","R","M","R","T","M","M","$","E","M","R","B",null,"M","$","?","M","M","R","M","M","T","R","?","M","M","T","R","B",null,"M","M","$","M","M","R","M","R","T","?","?","M","M","M","R","B"],"character_chosen":"IRONCLAD","items_purchased":["Kunai","Thunderclap","Armaments"],"gold_per_floor":[115,129,129,144,159,159,170,170,218,230,243,0,26,46,46,144,144,144,70,70,70,70,70,70,70,70,70,70,70,70,70,70,70,70,70,70,70,70,70,70,70,70,70,70,70,70,70,70,70,70],"floor_reached":51,"campfire_rested":3,"playtime":6078,"current_hp_per_floor":[76,76,76,79,76,76,79,79,79,80,80,80,79,80,80,49,80,80,80,80,80,71,71,74,72,72,72,72,77,62,62,80,61,80,80,80,80,80,73,73,33,72,72,62,62,45,64,59,80,19],"items_purged":[],"gold":70,"play_id":"e123f0f9-5055-4dab-935c-67a7af7b83fc","is_prod":false,"is_daily":false,"campfire_rituals":0,"campfire_upgraded":6,"is_hardmode":false,"path_taken":["M","M","?","M","M","R","M","R","T","M","M","$","E","M","R","BOSS","M","$","?","M","M","R","M","M","T","R","?","?","M","?","R","BOSS","M","M","$","M","M","R","M","R","T","?","?","M","M","?","R","BOSS"],"build_version":"2017-12-21-PROD1","purchased_purges":0,"victory":true,"master_deck":["Strike_R","Strike_R","Strike_R","Strike_R","Defend_R","Defend_R","Defend_R","Defend_R","Bash","Flame Barrier","Iron Wave","Shrug It Off","Bludgeon","Inflame","Shrug It Off","Iron Wave","Sword Boomerang","Limit Break","Thunderclap","Armaments","Body Slam","Dropkick","Intimidate","Uppercut","Reaper","Feed","Metallicize","Madness","Madness","Iron Wave","Metallicize","Whirlwind"],"max_hp_per_floor":[80,80,80,80,80,80,80,80,80,80,80,80,80,80,80,80,80,80,80,80,80,80,80,80,80,80,80,80,80,80,80,80,80,80,80,80,80,80,80,80,80,80,80,80,80,80,80,80,80,80],"relics":["Burning Blood","Toxic Egg","Kunai","Bag of Preparation","Ectoplasm","Happy Flower","Regal Pillow","Question Card","Peace Pipe"],"campfire_meditates":0,"card_choices":[{"not_picked":["Thunderclap","Flex"],"picked":"Flame Barrier"},{"not_picked":["Body Slam","Anger"],"picked":"Iron Wave"},{"not_picked":["Wild Strike","Twin Strike"],"picked":"Shrug It Off"},{"not_picked":["Disarm","Spot Weakness"],"picked":"Bludgeon"},{"not_picked":["Pommel Strike","Warcry"],"picked":"Inflame"},{"not_picked":["True Grit","Pommel Strike"],"picked":"Shrug It Off"},{"not_picked":["Searing Blow","Pommel Strike"],"picked":"Iron Wave"},{"not_picked":["Spot Weakness","Blood for Blood"],"picked":"Sword Boomerang"},{"not_picked":["Demon Form","Fiend Fire"],"picked":"Limit Break"},{"not_picked":["Pommel Strike","Heavy Blade"],"picked":"Body Slam"},{"not_picked":["Inflame","Power Through"],"picked":"Dropkick"},{"not_picked":["Seeing Red","Dual Wield"],"picked":"Intimidate"},{"not_picked":["Sword Boomerang","Heavy Blade"],"picked":"Uppercut"},{"not_picked":["Bludgeon","Impervious"],"picked":"Reaper"},{"not_picked":["Havoc","Sever Soul","Evolve"],"picked":"Feed"},{"not_picked":["Perfected Strike","Cleave","Twin Strike"],"picked":"Metallicize"},{"not_picked":["Inflame","Wild Strike","Pommel Strike"],"picked":"Iron Wave"},{"not_picked":["Flex","Sever Soul","Pummel"],"picked":"Metallicize"},{"not_picked":["Evolve","Flex","True Grit"],"picked":"Whirlwind"}],"player_experience":219823,"potions_floor_usage":[39,39,47,48,50],"damage_taken":[{"damage":10.0,"enemies":"Looter","floor":1.0,"turns":4.0},{"damage":6.0,"enemies":"Blue Slaver","floor":2.0,"turns":5.0},{"damage":3.0,"enemies":"Jaw Worm","floor":4.0,"turns":6.0},{"damage":9.0,"enemies":"Lots of Slimes","floor":5.0,"turns":5.0},{"damage":3.0,"enemies":"2 Fungi Beasts","floor":7.0,"turns":4.0},{"damage":0.0,"enemies":"Red Slaver","floor":10.0,"turns":3.0},{"damage":1.0,"enemies":"Exordium Thugs","floor":11.0,"turns":5.0},{"damage":16.0,"enemies":"3 Sentries","floor":13.0,"turns":6.0},{"damage":0.0,"enemies":"3 Louse","floor":14.0,"turns":3.0},{"damage":37.0,"enemies":"The Guardian","floor":16.0,"turns":9.0},{"damage":0.0,"enemies":"Spheric Guardian","floor":18.0,"turns":4.0},{"damage":0.0,"enemies":"Shell Parasite","floor":21.0,"turns":4.0},{"damage":24.0,"enemies":"Centurion and Healer","floor":22.0,"turns":6.0},{"damage":3.0,"enemies":"3 Cultists","floor":24.0,"turns":5.0},{"damage":8.0,"enemies":"Snake Plant","floor":25.0,"turns":4.0},{"damage":1.0,"enemies":"Centurion and Healer","floor":29.0,"turns":5.0},{"damage":21.0,"enemies":"Chosen and Byrds","floor":30.0,"turns":6.0},{"damage":34.0,"enemies":"Automaton","floor":33.0,"turns":11.0},{"damage":0,"enemies":"Orb Walker","floor":35,"turns":2},{"damage":2,"enemies":"3 Darklings","floor":36,"turns":6},{"damage":7,"enemies":"Maw","floor":38,"turns":8},{"damage":33,"enemies":"4 Shapes","floor":39,"turns":9},{"damage":56,"enemies":"3 Darklings","floor":41,"turns":5},{"damage":33,"enemies":"Sphere and 2 Shapes","floor":46,"turns":6},{"damage":15,"enemies":"4 Shapes","floor":47,"turns":4},{"damage":30,"enemies":"3 Darklings","floor":48,"turns":6},{"damage":89,"enemies":"Time Eater","floor":50,"turns":16}],"event_choices":[{"event_name":"The Woman in Blue","player_choice":"Bought 0 Potions","floor":3.0,"damage_taken":0.0},{"event_name":"The Mausoleum","player_choice":"No","floor":20.0,"damage_taken":0.0},{"event_name":"Upgrade Shrine","player_choice":"Upgraded","floor":28.0,"damage_taken":0.0},{"event_name":"Winding Halls","player_choice":"Embrace Madness","floor":44,"damage_taken":0}],"boss_relics":[{"not_picked":["Velvet Choker","Pandora\u0027s Box"],"picked":"Question Card"}],"potions_floor_spawned":[2,4,11,16,24,25,29,30,33,39,46,47,48],"seed_played":"8051226323939928790","is_trial":false}