{"path_per_floor":["M","?","M","$","M","E","R","E","T","?","R","?","R","M","R","B",null,"M","M","?","M","$","R","?","M","T","R","E","M","M","M","R","B",null,"M","?","M","$","T"],"character_chosen":"IRONCLAD","items_purchased":["Whirlwind","Paper Frog","Happy Flower"],"gold_per_floor":[111,111,127,14,24,55,55,86,165,240,240,240,240,254,254,350,350,365,378,378,392,31,31,31,49,49,49,76,89,99,113,113,215,215,234,234,252,100,100],"floor_reached":40,"campfire_rested":2,"playtime":11008,"current_hp_per_floor":[75,75,80,80,80,56,80,62,62,51,51,51,51,56,80,44,84,84,79,79,70,70,70,70,69,69,69,62,67,64,51,51,58,90,82,82,87,87,87],"items_purged":["Defend_R","Defend_R"],"gold":100,"play_id":"9a08f38f-fd6b-4138-a211-2afbaa01baf8","is_prod":false,"is_daily":false,"campfire_rituals":0,"campfire_upgraded":5,"is_hardmode":false,"path_taken":["M","?","M","$","M","E","R","E","T","?","R","?","R","M","R","BOSS","M","M","?","M","$","R","?","M","T","R","E","?","M","M","R","BOSS","M","?","M","$","?","E"],"build_version":"2018-01-11-PROD2","purchased_purges":2,"victory":false,"master_deck":["Strike_R","Strike_R","Strike_R","Strike_R","Defend_R","Defend_R","Bash","Flex","Ghostly Armor","Whirlwind","Armaments","Shrug It Off","Clash","Pommel Strike","Double Tap","Clash","True Grit","Shockwave","Feel No Pain","Clash","Anger","Sever Soul","Thunderclap","Offering","Flame Barrier","Infernal Blade"],"max_hp_per_floor":[80,80,80,80,80,80,80,80,80,80,80,80,80,80,80,80,84,84,86,86,86,86,86,86,86,86,86,88,88,90,90,90,90,90,90,90,90,90,90],"relics":["Burning Blood","Singing Bowl","Unceasing Top","Tiny Chest","Orrery","Paper Frog","Blood Vial","Pantograph","White Beast Statue","Happy Flower","Dead Branch"],"campfire_meditates":0,"card_choices":[{"not_picked":["Perfected Strike","Armaments"],"picked":"Flex"},{"not_picked":["Havoc","Sword Boomerang"],"picked":"Ghostly Armor"},{"not_picked":["Shockwave","Disarm"],"picked":"Armaments"},{"not_picked":["Perfected Strike","Second Wind"],"picked":"Shrug It Off"},{"not_picked":["Searing Blow","Flex"],"picked":"Clash"},{"not_picked":["Iron Wave","Blood for Blood"],"picked":"Pommel Strike"},{"not_picked":["Dark Embrace","Demon Form"],"picked":"Double Tap"},{"not_picked":["Uppercut","Disarm"],"picked":"Clash"},{"not_picked":["Warcry","Perfected Strike"],"picked":"True Grit"},{"not_picked":["Reckless Charge","Wild Strike"],"picked":"Shockwave"},{"not_picked":["Evolve","Searing Blow"],"picked":"Feel No Pain"},{"not_picked":["Power Through","Pommel Strike"],"picked":"Clash"},{"not_picked":["Fiend Fire","Reckless Charge"],"picked":"Anger"},{"not_picked":["Pommel Strike","Twin Strike"],"picked":"Sever Soul"},{"not_picked":["Cleave","Warcry"],"picked":"Thunderclap"},{"not_picked":["Juggernaut","Fiend Fire"],"picked":"Offering"},{"not_picked":["Disarm","Ghostly Armor"],"picked":"Flame Barrier"},{"not_picked":["Warcry","Clash"],"picked":"Infernal Blade"}],"player_experience":451382,"potions_floor_usage":[40],"damage_taken":[{"damage":11.0,"enemies":"Blue Slaver","floor":1.0,"turns":4.0},{"damage":0.0,"enemies":"2 Louse","floor":3.0,"turns":3.0},{"damage":0.0,"enemies":"Small Slimes","floor":5.0,"turns":3.0},{"damage":30.0,"enemies":"3 Sentries","floor":6.0,"turns":6.0},{"damage":24.0,"enemies":"Lagavulin","floor":8.0,"turns":6.0},{"damage":1.0,"enemies":"2 Fungi Beasts","floor":14.0,"turns":3.0},{"damage":42.0,"enemies":"The Guardian","floor":16.0,"turns":11.0},{"damage":5.0,"enemies":"Shell Parasite","floor":18.0,"turns":8.0},{"damage":13.0,"enemies":"2 Thieves","floor":19.0,"turns":4.0},{"damage":15.0,"enemies":"3 Cultists","floor":21.0,"turns":5.0},{"damage":7.0,"enemies":"Snake Plant","floor":25.0,"turns":4.0},{"damage":17.0,"enemies":"Book of Stabbing","floor":28.0,"turns":5.0},{"damage":3.0,"enemies":"Snecko","floor":29.0,"turns":4.0},{"damage":13.0,"enemies":"Sentry and Sphere","floor":30.0,"turns":5.0},{"damage":21.0,"enemies":"Chosen and Byrds","floor":31.0,"turns":5.0},{"damage":26.0,"enemies":"Champ","floor":33.0,"turns":8.0},{"damage":14.0,"enemies":"Orb Walker","floor":35.0,"turns":4.0},{"damage":12.0,"enemies":"3 Darklings","floor":37.0,"turns":6.0},{"damage":117,"enemies":"Nemesis","floor":40,"turns":12}],"event_choices":[{"event_name":"Living Wall","player_choice":"Forget","floor":2.0,"damage_taken":0.0},{"event_name":"World of Goop","player_choice":"Gather Gold","floor":10.0,"damage_taken":0.0},{"event_name":"The Lab","player_choice":"Got Potions","floor":12.0,"damage_taken":0.0},{"event_name":"The Woman in Blue","player_choice":"Bought 0 Potions","floor":20.0,"damage_taken":0.0},{"event_name":"Addict","player_choice":"Ignored","floor":24.0,"damage_taken":0.0},{"event_name":"Tomb of Lord Red Mask","player_choice":"Ignored","floor":36.0,"damage_taken":0.0}],"boss_relics":[],"potions_floor_spawned":[3,5,6,8,19,21,25,30,31,33,35,37],"seed_played":"4461129387548030610","killed_by":"Nemesis","is_trial":false}