{"path_per_floor":["M","?","M","M","M","E","M","?","T","R","?","R","$","M","R","B",null,"M","?","M","M","$","R","?","R","T","$","R","$","M","M","R","B",null,"M","?","M","?","$","R","?","R","T","R","M","M","?","?","R","B"],"character_chosen":"IRONCLAD","items_purchased":["Ornamental Fan","Metallicize"],"gold_per_floor":[118,118,136,153,173,203,221,249,301,301,301,301,55,67,67,168,168,180,180,155,173,27,27,27,27,27,27,27,27,42,54,54,157,157,171,171,190,0,0,0,0,0,0,0,19,31,31,31,31,31],"floor_reached":51,"campfire_rested":4,"playtime":4597,"current_hp_per_floor":[79,72,67,67,58,60,52,43,43,67,67,67,67,59,80,70,80,80,65,61,57,57,57,85,85,92,92,92,92,88,61,88,45,92,72,62,55,55,55,82,82,82,82,82,68,36,82,82,92,12],"items_purged":["Strike_R"],"gold":31,"play_id":"7826808d-2777-4b69-b628-032dc8604f90","is_prod":false,"is_daily":false,"campfire_rituals":0,"campfire_upgraded":5,"is_hardmode":false,"path_taken":["M","?","M","M","?","E","M","?","T","R","?","R","$","M","R","BOSS","M","?","M","M","$","R","?","R","T","$","R","?","M","M","R","BOSS","M","?","M","?","$","R","?","R","T","R","M","M","?","?","R","BOSS"],"build_version":"2017-12-21-PROD1","purchased_purges":1,"victory":true,"master_deck":["Strike_R","Strike_R","Strike_R","Strike_R","Defend_R","Defend_R","Defend_R","Bash","Clothesline","Double Tap","Pommel Strike","Cleave","Armaments","Flame Barrier","Juggernaut","Flame Barrier","Disarm","Evolve","Metallicize","Offering","Spot Weakness","Madness","Madness","Searing Blow","Wild Strike","Armaments"],"max_hp_per_floor":[80,80,80,80,80,80,80,80,80,80,80,80,80,80,80,80,80,80,85,85,85,85,85,85,85,92,92,92,92,92,92,92,92,92,92,92,92,92,92,92,92,92,92,92,92,92,82,82,92,92],"relics":["Burning Blood","Omamori","Ice Cream","Juzu Bracelet","Odd Mushroom","Whetstone","Ornamental Fan","Mark of Pain","Strawberry","Question Card","Red Mask","Shovel","Molten Egg","Pear"],"campfire_meditates":0,"card_choices":[{"not_picked":["Warcry","Heavy Blade"],"picked":"Clothesline"},{"not_picked":["Headbutt","Body Slam"],"picked":"Double Tap"},{"not_picked":["Corruption","Warcry"],"picked":"Pommel Strike"},{"not_picked":["Pummel","Wild Strike"],"picked":"Cleave"},{"not_picked":["Body Slam","Shrug It Off"],"picked":"Armaments"},{"not_picked":["True Grit","Cleave"],"picked":"Flame Barrier"},{"not_picked":["Exhume","Berserk"],"picked":"Juggernaut"},{"not_picked":["Sword Boomerang","Cleave"],"picked":"Flame Barrier"},{"not_picked":["Pommel Strike","Armaments"],"picked":"Disarm"},{"not_picked":["Burning Pact","Dual Wield"],"picked":"Evolve"},{"not_picked":["Reaper","Feed"],"picked":"Offering"},{"not_picked":["Reckless Charge","Clothesline","Uppercut"],"picked":"Spot Weakness"},{"not_picked":["Body Slam","Fire Breathing","Warcry"],"picked":"Searing Blow"},{"not_picked":["Flex","Shrug It Off","Anger"],"picked":"Wild Strike"},{"not_picked":["Havoc","Heavy Blade","Burning Pact"],"picked":"Armaments"}],"player_experience":375500,"potions_floor_usage":[50],"damage_taken":[{"damage":7.0,"enemies":"Jaw Worm","floor":1.0,"turns":6.0},{"damage":11.0,"enemies":"Looter","floor":3.0,"turns":4.0},{"damage":6.0,"enemies":"Blue Slaver","floor":4.0,"turns":4.0},{"damage":15.0,"enemies":"Gremlin Gang","floor":5.0,"turns":7.0},{"damage":4.0,"enemies":"Gremlin Nob","floor":6.0,"turns":3.0},{"damage":26.0,"enemies":"Exordium Thugs","floor":7.0,"turns":5.0},{"damage":15.0,"enemies":"The Mushroom Lair","floor":8.0,"turns":5.0},{"damage":14.0,"enemies":"Lots of Slimes","floor":14.0,"turns":3.0},{"damage":16.0,"enemies":"The Guardian","floor":16.0,"turns":13.0},{"damage":1.0,"enemies":"3 Byrds","floor":18.0,"turns":4.0},{"damage":10.0,"enemies":"2 Thieves","floor":20.0,"turns":5.0},{"damage":10.0,"enemies":"Centurion and Healer","floor":21.0,"turns":7.0},{"damage":10.0,"enemies":"Snake Plant","floor":30.0,"turns":5.0},{"damage":33.0,"enemies":"3 Cultists","floor":31.0,"turns":7.0},{"damage":49.0,"enemies":"Champ","floor":33.0,"turns":19.0},{"damage":26.0,"enemies":"3 Darklings","floor":35.0,"turns":6.0},{"damage":13.0,"enemies":"Orb Walker","floor":37.0,"turns":4.0},{"damage":20,"enemies":"3 Darklings","floor":45,"turns":4},{"damage":38,"enemies":"4 Shapes","floor":46,"turns":7},{"damage":86,"enemies":"Awakened One","floor":50,"turns":14}],"event_choices":[{"event_name":"Scrap Ooze","player_choice":"success","floor":2.0,"damage_taken":7.0},{"event_name":"Mushrooms","player_choice":"Fought Mushrooms","floor":8.0,"damage_taken":0.0},{"event_name":"Living Wall","player_choice":"Grow","floor":11.0,"damage_taken":0.0},{"event_name":"Forgotten Altar","player_choice":"Shed Blood","floor":19.0,"damage_taken":0.0},{"event_name":"The Library","player_choice":"Heal","floor":24.0,"damage_taken":0.0},{"event_name":"Winding Halls","player_choice":"Embrace Madness","floor":36.0,"damage_taken":0.0},{"event_name":"Tomb of Lord Red Mask","player_choice":"Paid","floor":38.0,"damage_taken":0.0},{"event_name":"The Moai Head","player_choice":"Heal","floor":47,"damage_taken":0},{"event_name":"Mysterious Sphere","player_choice":"Ignore","floor":48,"damage_taken":0}],"boss_relics":[],"potions_floor_spawned":[3,5,6,7,8,30,33,46],"seed_played":"4696054146150866118","is_trial":false}