{"path_per_floor":["M","?","M","?","M","E","M","R","T","M","T","$","M","$","R","B",null,"M","?","?","$","?","E","M","M","T","M","R","?","E","T","R","B",null,"M","?","M","?","M","R","M"],"character_chosen":"IRONCLAD","items_purchased":["Power Through","Finesse","Evolve"],"gold_per_floor":[209,209,227,227,243,308,328,328,397,409,432,187,200,19,19,114,114,128,128,128,3,3,36,55,68,68,79,79,79,114,114,114,210,210,229,229,240,240,260,260,270],"floor_reached":42,"campfire_rested":1,"playtime":4979,"current_hp_per_floor":[80,72,64,48,54,57,49,49,49,49,49,49,55,55,79,74,80,80,80,80,80,80,76,80,80,80,71,71,71,80,80,80,76,80,80,80,75,75,50,58,50],"items_purged":["Strike_R","Strike_R","Defend_R"],"gold":270,"play_id":"b3190762-653b-411e-9269-db8226dba117","is_prod":false,"is_daily":false,"campfire_rituals":0,"campfire_upgraded":4,"is_hardmode":false,"path_taken":["M","?","?","?","M","E","M","R","T","?","?","$","?","?","R","BOSS","M","?","?","?","?","E","M","M","T","M","R","?","E","?","R","BOSS","M","?","M","?","M","R","M","?"],"build_version":"2018-01-11-PROD2","purchased_purges":3,"victory":false,"master_deck":["Defend_R","Defend_R","Bash","Wild Strike","Wild Strike","Shrug It Off","Demon Form","Second Wind","Metallicize","Power Through","Finesse","Evolve","Reaper","Sword Boomerang","Warcry","Bite_R","Bite_R","Bite_R","Bite_R","Bite_R","Seeing Red","Immolate","Warcry","Battle Trance"],"max_hp_per_floor":[80,80,80,80,80,80,80,80,80,80,80,80,80,80,80,80,80,80,80,80,80,80,80,80,80,80,80,80,80,80,80,80,80,80,80,80,80,80,80,80,80],"relics":["Burning Blood","Tiny Chest","Centennial Puzzle","Oddly Smooth Stone","Mark of Pain","Self Forming Clay","Smiling Mask","Champion Belt","Eternal Feather"],"campfire_meditates":0,"card_choices":[{"not_picked":["Clash","Clothesline"],"picked":"Wild Strike"},{"not_picked":["Body Slam","Armaments"],"picked":"Wild Strike"},{"not_picked":["Iron Wave","Ghostly Armor"],"picked":"Shrug It Off"},{"not_picked":["Headbutt","Heavy Blade"],"picked":"Demon Form"},{"not_picked":["Thunderclap","Havoc"],"picked":"Second Wind"},{"not_picked":["Clothesline","Sever Soul"],"picked":"Metallicize"},{"not_picked":["Double Tap","Fiend Fire"],"picked":"Reaper"},{"not_picked":["Reckless Charge","Combust"],"picked":"Sword Boomerang"},{"not_picked":["Heavy Blade","Havoc"],"picked":"Warcry"},{"not_picked":["Shockwave","Rage"],"picked":"Seeing Red"},{"not_picked":["Exhume","Double Tap"],"picked":"Immolate"},{"not_picked":["Iron Wave","Combust"],"picked":"Warcry"},{"not_picked":["Shrug It Off","True Grit"],"picked":"Battle Trance"}],"player_experience":489827,"potions_floor_usage":[41,42],"damage_taken":[{"damage":5.0,"enemies":"Jaw Worm","floor":1.0,"turns":5.0},{"damage":14.0,"enemies":"Blue Slaver","floor":3.0,"turns":4.0},{"damage":0.0,"enemies":"Small Slimes","floor":5.0,"turns":3.0},{"damage":3.0,"enemies":"3 Sentries","floor":6.0,"turns":5.0},{"damage":14.0,"enemies":"Gremlin Gang","floor":7.0,"turns":4.0},{"damage":6.0,"enemies":"Exordium Wildlife","floor":10.0,"turns":6.0},{"damage":0.0,"enemies":"Red Slaver","floor":13.0,"turns":3.0},{"damage":11.0,"enemies":"Slime Boss","floor":16.0,"turns":9.0},{"damage":11.0,"enemies":"3 Byrds","floor":18.0,"turns":7.0},{"damage":16.0,"enemies":"Book of Stabbing","floor":23.0,"turns":7.0},{"damage":1.0,"enemies":"Chosen","floor":24.0,"turns":5.0},{"damage":4.0,"enemies":"Sentry and Sphere","floor":25.0,"turns":6.0},{"damage":15.0,"enemies":"Snake Plant","floor":27.0,"turns":5.0},{"damage":20.0,"enemies":"Gremlin Leader","floor":30.0,"turns":6.0},{"damage":26.0,"enemies":"Champ","floor":33.0,"turns":10.0},{"damage":0,"enemies":"Orb Walker","floor":35,"turns":4},{"damage":41,"enemies":"3 Darklings","floor":37,"turns":10},{"damage":47,"enemies":"4 Shapes","floor":39,"turns":7},{"damage":24,"enemies":"Sphere and 2 Shapes","floor":41,"turns":5},{"damage":48,"enemies":"3 Darklings","floor":42,"turns":9}],"event_choices":[{"event_name":"Wheel of Change","player_choice":"Damage","floor":2.0,"damage_taken":0.0},{"event_name":"Shining Light","player_choice":"Entered Light","floor":4.0,"damage_taken":0.0},{"event_name":"Purifier","player_choice":"One Purge","floor":19.0,"damage_taken":0.0},{"event_name":"Upgrade Shrine","player_choice":"Upgraded","floor":20.0,"damage_taken":0.0},{"event_name":"Addict","player_choice":"Ignored","floor":22.0,"damage_taken":0.0},{"event_name":"Vampires","player_choice":"Became a vampire (Vial)","floor":29.0,"damage_taken":0.0},{"event_name":"Mysterious Sphere","player_choice":"Ignore","floor":36,"damage_taken":0},{"event_name":"Tomb of Lord Red Mask","player_choice":"Ignored","floor":38,"damage_taken":0}],"boss_relics":[{"not_picked":["Runic Cube","Runic Dome"],"picked":"Eternal Feather"}],"potions_floor_spawned":[3,5,7,13,16,18,24,25,39,41],"seed_played":"2864003257551824068","killed_by":"3 Darklings","is_trial":false}