{"path_per_floor":["M","M","?","$","M","E","R","M","T","R","?","M","$","M","R","B",null,"M","?","M","$","M","R","?","R","T","E","?","?","M","M","R","B",null,"M","?","M","?","$","R","?","M","T","$","M","M","R","M","R","B"],"character_chosen":"IRONCLAD","items_purchased":["Iron Wave","Battle Trance"],"gold_per_floor":[15,27,27,27,43,70,70,90,143,143,173,187,88,104,104,206,206,216,216,226,58,74,74,74,74,74,106,106,31,48,63,63,163,163,173,173,190,190,65,65,65,75,75,75,94,113,113,130,130,130],"floor_reached":51,"campfire_rested":1,"playtime":4525,"current_hp_per_floor":[80,80,64,64,70,43,67,49,49,49,49,55,55,51,51,35,80,80,80,80,80,80,80,80,80,80,80,80,80,69,79,79,67,80,73,73,80,80,80,80,80,80,80,80,80,80,80,80,80,72],"items_purged":["Strike_R","Strike_R","Bash"],"gold":130,"play_id":"a8f86f76-d890-49cf-b693-148fc31c1509","is_prod":false,"is_daily":false,"campfire_rituals":0,"campfire_upgraded":8,"is_hardmode":false,"path_taken":["M","M","?","$","M","E","R","M","T","R","?","M","?","M","R","BOSS","M","?","M","$","M","R","?","R","T","E","?","?","M","?","R","BOSS","M","?","M","?","$","R","?","M","T","$","M","M","R","M","R","BOSS"],"build_version":"2018-01-11-PROD2","purchased_purges":4,"victory":true,"master_deck":["Defend_R","Defend_R","Defend_R","Defend_R","Body Slam","Thunderclap","Barricade","Juggernaut","Rage","Rampage","Iron Wave","Iron Wave","Impervious","Shrug It Off","Battle Trance","Seeing Red","Body Slam","Impervious","Body Slam","Shrug It Off"],"max_hp_per_floor":[80,80,80,80,80,80,80,80,80,80,80,80,80,80,80,80,80,80,80,80,80,80,80,80,80,80,80,80,80,80,80,80,80,80,80,80,80,80,80,80,80,80,80,80,80,80,80,80,80,80],"relics":["Black Blood","Torii","Bottled Flame","Ancient Tea Set","Happy Flower","Gambling Chip","Kunai","Mark of Pain","Charon\u0027s Ashes"],"campfire_meditates":0,"card_choices":[{"not_picked":["Disarm","Evolve"],"picked":"Body Slam"},{"not_picked":["Havoc","Intimidate"],"picked":"Thunderclap"},{"not_picked":["Perfected Strike","Flex"],"picked":"Barricade"},{"not_picked":["Body Slam","Perfected Strike"],"picked":"Juggernaut"},{"not_picked":["Sword Boomerang","Cleave"],"picked":"Rage"},{"not_picked":["Havoc","Headbutt"],"picked":"Rampage"},{"not_picked":["Warcry","Dual Wield"],"picked":"Iron Wave"},{"not_picked":["Reaper","Juggernaut"],"picked":"Impervious"},{"not_picked":["Dropkick","Combust"],"picked":"Shrug It Off"},{"not_picked":["Clash","Iron Wave"],"picked":"Seeing Red"},{"not_picked":["Dropkick","Dual Wield"],"picked":"Body Slam"},{"not_picked":["Barricade","Berserk"],"picked":"Impervious"},{"not_picked":["Armaments","Thunderclap"],"picked":"Body Slam"},{"not_picked":["Warcry","Juggernaut"],"picked":"Shrug It Off"}],"player_experience":509329,"potions_floor_usage":[6,14,16,27,27,31,48,50],"damage_taken":[{"damage":0,"enemies":"Small Slimes","floor":1,"turns":3},{"damage":1,"enemies":"2 Louse","floor":2,"turns":3},{"damage":0,"enemies":"Cultist","floor":5,"turns":3},{"damage":48,"enemies":"Gremlin Nob","floor":6,"turns":6},{"damage":24,"enemies":"Exordium Wildlife","floor":8,"turns":7},{"damage":0,"enemies":"Large Slime","floor":12,"turns":5},{"damage":13,"enemies":"2 Fungi Beasts","floor":14,"turns":3},{"damage":22,"enemies":"Slime Boss","floor":16,"turns":10},{"damage":3,"enemies":"3 Byrds","floor":18,"turns":6},{"damage":7,"enemies":"Spheric Guardian","floor":20,"turns":8},{"damage":10,"enemies":"Slaver and Parasite","floor":22,"turns":8},{"damage":0,"enemies":"Slavers","floor":27,"turns":6},{"damage":21,"enemies":"Snecko","floor":30,"turns":7},{"damage":0,"enemies":"Sentry and Sphere","floor":31,"turns":5},{"damage":22,"enemies":"Automaton","floor":33,"turns":11},{"damage":17,"enemies":"3 Shapes","floor":35,"turns":6},{"damage":0,"enemies":"Orb Walker","floor":37,"turns":5},{"damage":0,"enemies":"4 Shapes","floor":42,"turns":5},{"damage":0,"enemies":"Maw","floor":45,"turns":5},{"damage":0,"enemies":"Sphere and 2 Shapes","floor":46,"turns":5},{"damage":1,"enemies":"3 Darklings","floor":48,"turns":6},{"damage":18,"enemies":"Donu and Deca","floor":50,"turns":8}],"event_choices":[{"event_name":"Shining Light","player_choice":"Entered Light","floor":3,"damage_taken":0},{"event_name":"Dead Adventurer","player_choice":"Searched \u00272\u0027 times","floor":11,"damage_taken":0},{"event_name":"Back to Basics","player_choice":"Elegance","floor":19,"damage_taken":0},{"event_name":"Addict","player_choice":"Ignored","floor":24,"damage_taken":0},{"event_name":"Vampires","player_choice":"Ignored","floor":28,"damage_taken":0},{"event_name":"Beggar","player_choice":"Gave Gold","floor":29,"damage_taken":0},{"event_name":"Match and Keep!","player_choice":"0 cards matched","floor":36,"damage_taken":0},{"event_name":"Purifier","player_choice":"One Purge","floor":38,"damage_taken":0},{"event_name":"Tomb of Lord Red Mask","player_choice":"Ignored","floor":41,"damage_taken":0}],"boss_relics":[{"not_picked":["Lizard Tail","Pandora\u0027s Box"],"picked":"Black Blood"},{"not_picked":["White Beast Statue","Runic Pyramid"],"picked":"Mark of Pain"}],"potions_floor_spawned":[2,6,8,14,16,22,30,33,35,45,46],"seed_played":"2727915982484296421","is_trial":false}