{"path_per_floor":["M","$","?","M","M","E","R","T","T","M","R","M","M","E","R","B",null,"M","$","?","M","M","R","E","R","T","?","R","M","E","M","R","B",null,"M","M","?","M","$","R","E","R","T","?","M","?","M","M","R","B"],"character_chosen":"IRONCLAD","items_purchased":["Lantern","Feed","Ornamental Fan","Paper Frog"],"gold_per_floor":[366,2,2,18,35,69,69,147,171,185,185,203,216,245,245,345,345,357,2,2,19,31,31,59,59,59,59,59,75,110,121,121,226,226,245,265,515,530,164,164,198,198,274,274,286,286,305,319,319,319],"floor_reached":51,"campfire_rested":4,"playtime":5323,"current_hp_per_floor":[75,75,75,76,85,59,59,59,59,69,69,70,77,73,105,77,112,116,116,116,109,101,101,24,61,61,61,61,60,57,60,99,50,132,136,106,112,115,115,123,72,80,80,80,112,112,106,108,154,102],"items_purged":["Pain","Rupture","Strike_R"],"gold":319,"play_id":"3da398cb-fbf9-4ec2-a964-23bfefd3d980","is_prod":false,"is_daily":false,"campfire_rituals":0,"campfire_upgraded":3,"is_hardmode":false,"path_taken":["M","$","?","M","?","E","R","?","T","?","R","M","M","E","R","BOSS","M","$","?","M","M","R","E","R","T","?","R","M","E","M","R","BOSS","M","M","?","M","$","R","E","R","T","?","M","?","?","M","R","BOSS"],"build_version":"2018-01-18-PROD4","purchased_purges":3,"victory":true,"master_deck":["Strike_R","Defend_R","Defend_R","Defend_R","Bash","Uppercut","Feed","Headbutt","Dropkick","Battle Trance","Dropkick","Berserk","True Grit","Headbutt","Shrug It Off","Shrug It Off","Armaments","Reaper","Dropkick","Limit Break","Regret","Flex","Thunderclap"],"max_hp_per_floor":[80,80,80,84,88,92,92,92,92,96,96,100,104,108,108,112,112,116,116,116,120,124,124,124,124,124,124,124,124,128,132,132,132,132,136,136,142,146,146,146,146,146,146,146,150,150,154,154,154,154],"relics":["Burning Blood","Lantern","Charon\u0027s Ashes","Darkstone Periapt","Oddly Smooth Stone","Girya","Astrolabe","Ornamental Fan","Vajra","Red Skull","Blue Candle","Eternal Feather","Paper Frog","Regal Pillow","Mercury Hourglass"],"campfire_meditates":0,"card_choices":[{"not_picked":["Iron Wave","Perfected Strike"],"picked":"Uppercut"},{"not_picked":["Burning Pact","Dark Embrace"],"picked":"Headbutt"},{"not_picked":["Sentinel","Perfected Strike"],"picked":"Dropkick"},{"not_picked":["Infernal Blade","True Grit"],"picked":"Battle Trance"},{"not_picked":["Cleave","Clothesline"],"picked":"Dropkick"},{"not_picked":["Bludgeon","Brutality"],"picked":"Berserk"},{"not_picked":["Clash","Thunderclap"],"picked":"Shrug It Off"},{"not_picked":["Dropkick","Iron Wave"],"picked":"Shrug It Off"},{"not_picked":["Searing Blow","Power Through"],"picked":"Armaments"},{"not_picked":["Twin Strike","Havoc"],"picked":"Reaper"},{"not_picked":["Havoc","Twin Strike"],"picked":"Dropkick"},{"not_picked":["Reaper","Barricade"],"picked":"Limit Break"},{"not_picked":["Shrug It Off","Inflame"],"picked":"Flex"},{"not_picked":["Carnage","Perfected Strike"],"picked":"Thunderclap"}],"player_experience":522192,"potions_floor_usage":[47],"damage_taken":[{"damage":11.0,"enemies":"Cultist","floor":1.0,"turns":4.0},{"damage":9.0,"enemies":"Blue Slaver","floor":4.0,"turns":5.0},{"damage":1.0,"enemies":"Jaw Worm","floor":5.0,"turns":2.0},{"damage":36.0,"enemies":"3 Sentries","floor":6.0,"turns":7.0},{"damage":0.0,"enemies":"Large Slime","floor":10.0,"turns":4.0},{"damage":9.0,"enemies":"Exordium Wildlife","floor":12.0,"turns":5.0},{"damage":3.0,"enemies":"Red Slaver","floor":13.0,"turns":3.0},{"damage":14.0,"enemies":"Lagavulin","floor":14.0,"turns":5.0},{"damage":38.0,"enemies":"Slime Boss","floor":16.0,"turns":9.0},{"damage":0.0,"enemies":"Chosen","floor":18.0,"turns":3.0},{"damage":17.0,"enemies":"Spheric Guardian","floor":21.0,"turns":4.0},{"damage":18.0,"enemies":"Chosen and Byrds","floor":22.0,"turns":7.0},{"damage":83.0,"enemies":"Gremlin Leader","floor":24.0,"turns":8.0},{"damage":7.0,"enemies":"Snake Plant","floor":29.0,"turns":3.0},{"damage":13.0,"enemies":"Slavers","floor":30.0,"turns":4.0},{"damage":7.0,"enemies":"Slaver and Parasite","floor":31.0,"turns":4.0},{"damage":68.0,"enemies":"Automaton","floor":33.0,"turns":11.0},{"damage":0.0,"enemies":"3 Shapes","floor":35.0,"turns":4.0},{"damage":57.0,"enemies":"3 Darklings","floor":36.0,"turns":8.0},{"damage":31.0,"enemies":"4 Shapes","floor":38.0,"turns":6.0},{"damage":57.0,"enemies":"Nemesis","floor":41.0,"turns":8.0},{"damage":9,"enemies":"Maw","floor":45,"turns":6},{"damage":32,"enemies":"Sphere and 2 Shapes","floor":47,"turns":7},{"damage":34,"enemies":"3 Darklings","floor":48,"turns":4},{"damage":86,"enemies":"Awakened One","floor":50,"turns":11}],"event_choices":[{"event_name":"Accursed Blacksmith","player_choice":"Forge","floor":3.0,"damage_taken":0.0},{"event_name":"Vampires","player_choice":"Ignored","floor":20.0,"damage_taken":0.0},{"event_name":"Addict","player_choice":"Ignored","floor":27.0,"damage_taken":0.0},{"event_name":"Golden Shrine","player_choice":"Desecrate","floor":37.0,"damage_taken":0.0},{"event_name":"Mysterious Sphere","player_choice":"Ignore","floor":44,"damage_taken":0},{"event_name":"Purifier","player_choice":"One Purge","floor":46,"damage_taken":0}],"boss_relics":[],"potions_floor_spawned":[10,12,14,16,18,21,30,33,35,38,45],"seed_played":"8398266764402412277","is_trial":false}