{"path_per_floor":["M","?","?","$","?","E","M","R","T","E","M","M","$","M","R","B",null,"M","M","?","M","?","E","R","M","T","R","M","R","M","$","R","B",null,"M","?","M","?","M","R","M","M","T","?","R","M","$","M","R","B"],"character_chosen":"IRONCLAD","items_purchased":["Sword Boomerang","Pummel","Shrug It Off","War Paint"],"gold_per_floor":[217,217,217,142,142,175,187,187,265,298,309,328,76,86,86,183,183,197,208,208,222,222,247,247,265,291,291,308,308,322,197,197,293,293,305,305,324,324,342,342,352,366,391,391,391,403,105,118,118,118],"floor_reached":51,"campfire_rested":4,"playtime":4119,"current_hp_per_floor":[77,61,54,54,54,32,33,57,57,30,36,38,38,51,75,47,80,70,79,79,80,80,67,67,49,49,49,71,71,65,65,80,80,80,80,70,74,74,63,73,65,80,87,87,87,85,85,58,87,8],"items_purged":["Defend_R","Strike_R","Strike_R","Strike_R"],"gold":118,"play_id":"9d5709d0-b643-405a-b521-9f3d74871a16","is_prod":false,"is_daily":false,"campfire_rituals":0,"campfire_upgraded":5,"is_hardmode":false,"path_taken":["M","?","?","$","?","E","M","R","T","E","M","M","$","M","R","BOSS","M","M","?","M","?","E","R","M","T","R","M","R","M","$","R","BOSS","M","?","?","?","?","R","M","?","T","?","R","?","$","M","R","BOSS"],"build_version":"2018-01-18-PROD4","purchased_purges":5,"victory":true,"master_deck":["Strike_R","Defend_R","Defend_R","Defend_R","Bash","Heavy Blade","Iron Wave","Battle Trance","Reaper","Sword Boomerang","Pummel","Shrug It Off","Flex","Limit Break","Heavy Blade","Inflame","Twin Strike","Dramatic Entrance","Intimidate","Flame Barrier","Battle Trance","Shrug It Off","Offering","Madness","Madness","Flex"],"max_hp_per_floor":[80,80,80,80,80,80,80,80,80,80,80,80,80,80,80,80,80,80,80,80,80,80,80,80,80,80,80,80,80,80,80,80,80,80,80,80,80,80,80,80,80,80,87,87,87,87,87,87,87,87],"relics":["Burning Blood","Omamori","Letter Opener","Bottled Lightning","Cursed Key","Frozen Eye","Molten Egg","Eternal Feather","Strawberry","War Paint"],"campfire_meditates":0,"card_choices":[{"not_picked":["Uppercut","Reckless Charge"],"picked":"Heavy Blade"},{"not_picked":["Perfected Strike","Corruption"],"picked":"Iron Wave"},{"not_picked":["Thunderclap","Power Through"],"picked":"Battle Trance"},{"not_picked":["Uppercut","True Grit"],"picked":"Reaper"},{"not_picked":["Ghostly Armor","Sword Boomerang"],"picked":"Flex"},{"not_picked":["Reaper","Brutality"],"picked":"Limit Break"},{"not_picked":["Havoc","Hemokinesis"],"picked":"Heavy Blade"},{"not_picked":["Reckless Charge","Headbutt"],"picked":"Twin Strike"},{"not_picked":["Burning Pact","Berserk"],"picked":"Flame Barrier"},{"not_picked":["True Grit","Headbutt"],"picked":"Battle Trance"},{"not_picked":["Power Through","Anger"],"picked":"Shrug It Off"},{"not_picked":["Berserk","Reaper"],"picked":"Offering"},{"not_picked":["Headbutt","Shrug It Off"],"picked":"Flex"}],"player_experience":531233,"potions_floor_usage":[46,48],"damage_taken":[{"damage":9.0,"enemies":"Small Slimes","floor":1.0,"turns":4.0},{"damage":28.0,"enemies":"Gremlin Nob","floor":6.0,"turns":4.0},{"damage":5.0,"enemies":"2 Louse","floor":7.0,"turns":2.0},{"damage":33.0,"enemies":"3 Sentries","floor":10.0,"turns":6.0},{"damage":0.0,"enemies":"Cultist","floor":11.0,"turns":3.0},{"damage":4.0,"enemies":"Large Slime","floor":12.0,"turns":6.0},{"damage":1.0,"enemies":"Exordium Thugs","floor":14.0,"turns":5.0},{"damage":34.0,"enemies":"The Guardian","floor":16.0,"turns":11.0},{"damage":16.0,"enemies":"Spheric Guardian","floor":18.0,"turns":4.0},{"damage":9.0,"enemies":"3 Byrds","floor":19.0,"turns":4.0},{"damage":3.0,"enemies":"Snecko","floor":21.0,"turns":3.0},{"damage":35.0,"enemies":"Slavers","floor":23.0,"turns":4.0},{"damage":24.0,"enemies":"Snake Plant","floor":25.0,"turns":3.0},{"damage":0.0,"enemies":"3 Cultists","floor":28.0,"turns":4.0},{"damage":12.0,"enemies":"Centurion and Healer","floor":30.0,"turns":4.0},{"damage":17.0,"enemies":"Collector","floor":33.0,"turns":5.0},{"damage":5,"enemies":"Orb Walker","floor":35,"turns":3},{"damage":17,"enemies":"3 Darklings","floor":37,"turns":6},{"damage":35,"enemies":"4 Shapes","floor":39,"turns":5},{"damage":14,"enemies":"Maw","floor":41,"turns":7},{"damage":4,"enemies":"Sphere and 2 Shapes","floor":42,"turns":2},{"damage":8,"enemies":"4 Shapes","floor":46,"turns":4},{"damage":33,"enemies":"Maw","floor":48,"turns":6},{"damage":85,"enemies":"Time Eater","floor":50,"turns":8}],"event_choices":[{"event_name":"Shining Light","player_choice":"Entered Light","floor":2.0,"damage_taken":0.0},{"event_name":"Golden Wing","player_choice":"Card Removal","floor":3.0,"damage_taken":0.0},{"event_name":"Living Wall","player_choice":"Grow","floor":5.0,"damage_taken":0.0},{"event_name":"The Library","player_choice":"Read","floor":20.0,"damage_taken":0.0},{"event_name":"Match and Keep!","player_choice":"2 cards matched","floor":22.0,"damage_taken":0.0},{"event_name":"Winding Halls","player_choice":"Embrace Madness","floor":36,"damage_taken":0},{"event_name":"Tomb of Lord Red Mask","player_choice":"Ignored","floor":38,"damage_taken":0},{"event_name":"Upgrade Shrine","player_choice":"Upgraded","floor":44,"damage_taken":0}],"boss_relics":[{"not_picked":["Runic Pyramid","Question Card"],"picked":"Eternal Feather"}],"potions_floor_spawned":[6,12,23,25,28,30,41,42,46],"seed_played":"-3580893806769949964","is_trial":false}