{"path_per_floor":["M","$","M","M","M","E","R","$","T","M","?","M","E","$","R","B",null,"M","M","$","?","M","R","M","?","T","$"],"character_chosen":"IRONCLAD","items_purchased":["Metallicize"],"gold_per_floor":[117,36,50,62,82,113,113,38,64,81,81,95,125,25,25,129,129,146,158,33,33,43,43,63,63,141,141],"floor_reached":28,"campfire_rested":1,"playtime":1807,"current_hp_per_floor":[78,78,80,80,80,78,78,78,78,75,75,74,63,63,63,54,80,64,43,43,28,20,45,18,2,2,2],"items_purged":["Strike_R","Defend_R","Strike_R"],"gold":141,"play_id":"c196c7a3-a7f4-4259-9d2a-87c6a01583d0","is_prod":false,"is_daily":false,"campfire_rituals":0,"campfire_upgraded":2,"is_hardmode":false,"path_taken":["M","?","M","M","M","E","R","$","T","M","?","M","E","$","R","BOSS","M","M","$","?","M","R","M","?","T","$","?"],"build_version":"2018-01-11-PROD2","purchased_purges":4,"victory":false,"master_deck":["Strike_R","Strike_R","Strike_R","Defend_R","Defend_R","Defend_R","Bash","Inflame","Metallicize","Armaments","Heavy Blade","Flex","Sword Boomerang","Warcry","Heavy Blade","Offering","Twin Strike","Shrug It Off"],"max_hp_per_floor":[80,80,80,80,80,80,80,80,80,80,80,80,80,80,80,80,80,80,80,80,85,85,85,85,85,85,85],"relics":["Burning Blood","Kunai","War Paint","Lantern","Lizard Tail","Enchiridion","Dodecahedron"],"campfire_meditates":0,"card_choices":[{"not_picked":["Havoc","Pommel Strike"],"picked":"Inflame"},{"not_picked":["Disarm","Seeing Red"],"picked":"Armaments"},{"not_picked":["Spot Weakness","True Grit"],"picked":"Heavy Blade"},{"not_picked":["Iron Wave","Perfected Strike"],"picked":"Flex"},{"not_picked":["Disarm","Juggernaut"],"picked":"Sword Boomerang"},{"not_picked":["Searing Blow","Armaments"],"picked":"Warcry"},{"not_picked":["Blood for Blood","Clothesline"],"picked":"Heavy Blade"},{"not_picked":["Fiend Fire","Bludgeon"],"picked":"Offering"},{"not_picked":["Armaments","Iron Wave"],"picked":"Twin Strike"},{"not_picked":["Wild Strike","Sword Boomerang"],"picked":"Shrug It Off"}],"player_experience":504915,"potions_floor_usage":[5,6,6,12,13,16,16],"damage_taken":[{"damage":8,"enemies":"Blue Slaver","floor":1,"turns":5},{"damage":2,"enemies":"2 Louse","floor":3,"turns":4},{"damage":1,"enemies":"Cultist","floor":4,"turns":4},{"damage":5,"enemies":"2 Fungi Beasts","floor":5,"turns":3},{"damage":8,"enemies":"3 Sentries","floor":6,"turns":5},{"damage":9,"enemies":"3 Louse","floor":10,"turns":3},{"damage":7,"enemies":"Looter","floor":12,"turns":2},{"damage":17,"enemies":"Lagavulin","floor":13,"turns":5},{"damage":15,"enemies":"Slime Boss","floor":16,"turns":6},{"damage":22,"enemies":"3 Byrds","floor":18,"turns":5},{"damage":27,"enemies":"2 Thieves","floor":19,"turns":5},{"damage":14,"enemies":"Centurion and Healer","floor":22,"turns":7},{"damage":33,"enemies":"Chosen and Byrds","floor":24,"turns":7},{"damage":0,"enemies":"Sentry and Sphere","floor":28,"turns":1}],"event_choices":[{"event_name":"The Lab","player_choice":"Got Potions","floor":11,"damage_taken":0},{"event_name":"Forgotten Altar","player_choice":"Shed Blood","floor":21,"damage_taken":0},{"event_name":"Cursed Tome","player_choice":"Obtained Book","floor":25,"damage_taken":0}],"boss_relics":[{"not_picked":["Question Card","Runic Cube"],"picked":"Lizard Tail"}],"potions_floor_spawned":[1,3,5,6,13,18,19],"seed_played":"4383966640940932120","killed_by":"Sentry and Sphere","is_trial":false}