{"path_per_floor":["M","M","M","$","M","T","R","E","T","E","M","R","?","M","R","B",null,"M","$","M","?","M","R","$","?","T","R","M","?","?","M","R","B",null,"M","M","?","M","$","R","M","$","T","M","R","T","R","?","R"],"character_chosen":"IRONCLAD","items_purchased":["Evolve","Uppercut","Inflame","Armaments","Whirlwind","Wild Strike"],"gold_per_floor":[114,133,146,29,42,68,68,102,184,212,229,229,229,240,240,336,336,348,187,201,201,221,221,121,121,121,121,134,134,134,154,154,252,252,265,281,281,291,80,80,97,97,144,161,161,161,161,161,161],"floor_reached":50,"campfire_rested":1,"playtime":4278,"current_hp_per_floor":[70,72,72,72,68,68,68,74,74,40,43,68,61,67,67,8,86,63,63,69,69,69,69,69,69,69,69,75,75,67,67,67,35,86,86,86,86,86,86,86,86,86,86,77,77,77,77,86,86],"items_purged":["Strike_R","Defend_R","Strike_R"],"gold":161,"play_id":"43c81ede-0bc5-44fd-9b17-700f97ded1c4","is_prod":false,"is_daily":false,"campfire_rituals":0,"campfire_upgraded":9,"is_hardmode":false,"path_taken":["M","M","M","$","M","?","R","E","T","E","M","R","?","M","R","BOSS","M","$","M","?","M","R","$","?","T","R","M","?","?","M","R","BOSS","M","M","?","M","$","R","M","$","T","?","R","?","R","?","R","BOSS"],"build_version":"2018-01-11-PROD2","purchased_purges":4,"victory":false,"master_deck":["Strike_R","Strike_R","Defend_R","Defend_R","Defend_R","Bash","Iron Wave","Shrug It Off","Wild Strike","Evolve","Uppercut","Thunderclap","Flex","Infernal Blade","Limit Break","Inflame","Armaments","Battle Trance","Power Through","Offering","Shockwave","Twin Strike","Whirlwind","Wild Strike","Heavy Blade","Power Through","Writhe"],"max_hp_per_floor":[72,72,72,72,72,72,72,86,86,86,86,86,86,86,86,86,86,86,86,86,86,86,86,86,86,86,86,86,86,86,86,86,86,86,86,86,86,86,86,86,86,86,86,86,86,86,86,86,86],"relics":["Black Blood","Gambling Chip","Whetstone","Mango","Gremlin Horn","Omamori","Mark of Pain","Torii","Magic Flower","Oddly Smooth Stone","Orichalcum","Frozen Eye"],"campfire_meditates":0,"card_choices":[{"not_picked":["Entrench","Blood for Blood"],"picked":"Iron Wave"},{"not_picked":["Iron Wave","Sword Boomerang"],"picked":"Shrug It Off"},{"not_picked":["Perfected Strike","Berserk"],"picked":"Wild Strike"},{"not_picked":["Armaments","Cleave"],"picked":"Thunderclap"},{"not_picked":["Dual Wield","Shrug It Off"],"picked":"Flex"},{"not_picked":["Anger","Twin Strike"],"picked":"Infernal Blade"},{"not_picked":["Brutality","Berserk"],"picked":"Limit Break"},{"not_picked":["Rage","Headbutt"],"picked":"Battle Trance"},{"not_picked":["Pommel Strike","Iron Wave"],"picked":"Power Through"},{"not_picked":["Impervious","Limit Break"],"picked":"Offering"},{"not_picked":["Burning Pact","Spot Weakness"],"picked":"Shockwave"},{"not_picked":["Thunderclap","Rampage"],"picked":"Twin Strike"},{"not_picked":["Cleave","Warcry"],"picked":"Heavy Blade"},{"not_picked":["Twin Strike","Thunderclap"],"picked":"Power Through"}],"player_experience":468240,"potions_floor_usage":[44,50,50],"damage_taken":[{"damage":8.0,"enemies":"Blue Slaver","floor":1.0,"turns":6.0},{"damage":0.0,"enemies":"Small Slimes","floor":2.0,"turns":5.0},{"damage":1.0,"enemies":"Cultist","floor":3.0,"turns":4.0},{"damage":10.0,"enemies":"Exordium Wildlife","floor":5.0,"turns":7.0},{"damage":14.0,"enemies":"Gremlin Nob","floor":8.0,"turns":3.0},{"damage":40.0,"enemies":"Lagavulin","floor":10.0,"turns":6.0},{"damage":3.0,"enemies":"Large Slime","floor":11.0,"turns":4.0},{"damage":0.0,"enemies":"2 Fungi Beasts","floor":14.0,"turns":2.0},{"damage":65.0,"enemies":"Hexaghost","floor":16.0,"turns":11.0},{"damage":29.0,"enemies":"Shell Parasite","floor":18.0,"turns":5.0},{"damage":0.0,"enemies":"Chosen","floor":20.0,"turns":3.0},{"damage":6.0,"enemies":"Centurion and Healer","floor":22.0,"turns":4.0},{"damage":3.0,"enemies":"Slaver and Parasite","floor":28.0,"turns":4.0},{"damage":9.0,"enemies":"Sentry and Sphere","floor":31.0,"turns":4.0},{"damage":41.0,"enemies":"Automaton","floor":33.0,"turns":9.0},{"damage":5.0,"enemies":"3 Darklings","floor":35.0,"turns":3.0},{"damage":10.0,"enemies":"3 Shapes","floor":36.0,"turns":4.0},{"damage":4.0,"enemies":"Sphere and 2 Shapes","floor":38.0,"turns":3.0},{"damage":10,"enemies":"4 Shapes","floor":41,"turns":1},{"damage":24,"enemies":"Maw","floor":44,"turns":7},{"damage":86,"enemies":"Donu and Deca","floor":50,"turns":8}],"event_choices":[{"event_name":"Golden Wing","player_choice":"Card Removal","floor":13.0,"damage_taken":0.0},{"event_name":"Back to Basics","player_choice":"Simplicity","floor":21.0,"damage_taken":0.0},{"event_name":"Accursed Blacksmith","player_choice":"Rummage","floor":25.0,"damage_taken":0.0},{"event_name":"The Mausoleum","player_choice":"Yes","floor":29.0,"damage_taken":0.0},{"event_name":"Wheel of Change","player_choice":"Damage","floor":30.0,"damage_taken":0.0},{"event_name":"Mysterious Sphere","player_choice":"Ignore","floor":37.0,"damage_taken":0.0},{"event_name":"Winding Halls","player_choice":"Writhe","floor":48,"damage_taken":0}],"boss_relics":[],"potions_floor_spawned":[1,3,11,20,33,38,41,44],"seed_played":"-7764307805910889215","killed_by":"Donu and Deca","is_trial":false}