{"path_per_floor":["M","M","M","M","?","R","E","R","T","M","M","?","$","?","R","B",null,"M","?","M","$","T","R","?","R","T","R","M","M"],"character_chosen":"IRONCLAD","items_purchased":["Flame Barrier","Shrug It Off","Good Instincts"],"gold_per_floor":[115,134,148,158,158,158,193,193,193,213,224,224,104,104,104,199,199,215,215,232,28,52,52,52,52,75,75,87,106],"floor_reached":30,"campfire_rested":3,"playtime":1728,"current_hp_per_floor":[28,27,29,34,34,58,8,32,32,17,20,20,20,20,44,17,80,80,80,57,57,57,65,50,58,58,66,72,53],"items_purged":["Decay","Strike_R"],"gold":106,"play_id":"db96f39a-a78a-41a1-b650-6561096d0073","is_prod":false,"is_daily":false,"is_ascension_mode":false,"campfire_upgraded":3,"path_taken":["M","?","M","M","?","R","E","R","T","M","?","?","$","?","R","BOSS","M","?","M","$","?","R","?","R","T","R","M","M","?"],"build_version":"2018-01-25-PROD3","purchased_purges":2,"victory":false,"master_deck":["Strike_R","Strike_R","Strike_R","Strike_R","Defend_R","Defend_R","Defend_R","Defend_R","Bash","Dropkick","Flame Barrier+1","Impervious","Uppercut","Whirlwind+1","Inflame","Flame Barrier","Juggernaut+1","Intimidate","Iron Wave","Shrug It Off","Good Instincts","Entrench"],"max_hp_per_floor":[80,80,80,80,80,80,80,80,80,80,80,80,80,80,80,80,80,80,80,80,80,80,80,85,85,85,85,85,85],"relics":["Burning Blood","Ice Cream","Bag of Marbles","Smiling Mask","Eternal Feather","Ancient Tea Set","Prayer Wheel"],"card_choices":[{"not_picked":["Thunderclap","Intimidate"],"picked":"Dropkick"},{"not_picked":["Twin Strike","Combust"],"picked":"Flame Barrier"},{"not_picked":["Anger","Cleave"],"picked":"Impervious"},{"not_picked":["Feel No Pain","Havoc"],"picked":"Uppercut"},{"not_picked":["Pummel","Perfected Strike"],"picked":"Whirlwind"},{"not_picked":["Pommel Strike","Havoc"],"picked":"Inflame"},{"not_picked":["Brutality","Bludgeon"],"picked":"Juggernaut"},{"not_picked":["Havoc","Dual Wield"],"picked":"Intimidate"},{"not_picked":["Headbutt","Sever Soul"],"picked":"Iron Wave"},{"not_picked":["Dropkick","Corruption"],"picked":"Entrench"}],"player_experience":617427,"potions_floor_usage":[4,7,16,20,20,29],"damage_taken":[{"damage":18,"enemies":"Blue Slaver","floor":1,"turns":5},{"damage":7,"enemies":"Jaw Worm","floor":2,"turns":5},{"damage":4,"enemies":"Cultist","floor":3,"turns":4},{"damage":1,"enemies":"Red Slaver","floor":4,"turns":6},{"damage":56,"enemies":"Lagavulin","floor":7,"turns":8},{"damage":21,"enemies":"Gremlin Gang","floor":10,"turns":6},{"damage":3,"enemies":"2 Fungi Beasts","floor":11,"turns":3},{"damage":33,"enemies":"The Guardian","floor":16,"turns":12},{"damage":0,"enemies":"3 Byrds","floor":18,"turns":4},{"damage":29,"enemies":"2 Thieves","floor":20,"turns":5},{"damage":0,"enemies":"Centurion and Healer","floor":28,"turns":4},{"damage":25,"enemies":"Snake Plant","floor":29,"turns":4},{"damage":51,"enemies":"Slaver and Parasite","floor":30,"turns":8}],"event_choices":[{"event_name":"Wheel of Change","player_choice":"Curse","floor":5,"damage_taken":0},{"event_name":"Golden Idol","player_choice":"Ignored","floor":12,"damage_taken":0},{"event_name":"Scrap Ooze","player_choice":"unsuccessful","floor":14,"damage_taken":0},{"event_name":"Vampires","player_choice":"Ignored","floor":19,"damage_taken":0},{"event_name":"Forgotten Altar","player_choice":"Shed Blood","floor":24,"damage_taken":0}],"boss_relics":[{"not_picked":["Question Card","Tiny House"],"picked":"Eternal Feather"}],"potions_floor_spawned":[3,4,11,16,18,20],"seed_played":"2151040241110585205","killed_by":"Slaver and Parasite","ascension_level":0,"is_trial":false}