{"path_per_floor":["M","?","M","M","M","R","$","E","T","R","M","?","$","M","R","B",null,"M","?","M","?","$","R","M","R","T","M","$"],"character_chosen":"IRONCLAD","items_purchased":["Whirlwind","Shrug It Off","Regal Pillow","Inflame"],"gold_per_floor":[112,187,202,219,232,232,27,53,127,127,145,145,0,15,15,110,140,153,153,163,163,33,33,49,49,49,69,19],"floor_reached":29,"campfire_rested":2,"playtime":1970,"current_hp_per_floor":[77,66,72,76,79,79,79,22,22,46,38,38,38,44,80,50,85,81,65,69,69,69,69,70,70,70,29,29],"items_purged":["Strike_R","Strike_R","Defend_R"],"gold":19,"play_id":"e1a10f02-8728-4f3d-94cf-b041d9dac187","is_prod":false,"is_daily":false,"is_ascension_mode":false,"campfire_upgraded":3,"path_taken":["M","?","M","M","M","R","$","E","T","R","?","?","$","M","R","BOSS","M","?","M","?","?","R","M","R","T","M","$","M"],"build_version":"2018-01-25-PROD3","purchased_purges":3,"victory":false,"master_deck":["Strike_R","Strike_R","Strike_R","Defend_R","Defend_R","Defend_R","Bash","Clothesline","Pommel Strike+1","Disarm","Whirlwind+1","Shrug It Off","Limit Break","Battle Trance","Demon Form","Battle Trance","Armaments+1","Sword Boomerang","Inflame+1"],"max_hp_per_floor":[80,80,80,80,80,80,80,80,80,80,80,80,80,80,80,80,85,85,85,85,85,85,85,85,85,85,85,85],"relics":["Burning Blood","Mummified Hand","Smiling Mask","Regal Pillow","Tiny House","Nilry\u0027s Codex","The Courier"],"card_choices":[{"not_picked":["Perfected Strike","Entrench"],"picked":"Clothesline"},{"not_picked":["Iron Wave","Fire Breathing"],"picked":"Pommel Strike"},{"not_picked":["Wild Strike","Perfected Strike"],"picked":"Disarm"},{"not_picked":["Havoc","Dropkick"],"picked":"Limit Break"},{"not_picked":["Thunderclap","Headbutt"],"picked":"Battle Trance"},{"not_picked":["Dark Embrace","Limit Break"],"picked":"Demon Form"},{"not_picked":["Perfected Strike","Armaments"],"picked":"Battle Trance"},{"not_picked":["Carnage","Dual Wield"],"picked":"Armaments"},{"not_picked":["Thunderclap","Shockwave"],"picked":"Sword Boomerang"}],"player_experience":625155,"potions_floor_usage":[4,24,24,27],"damage_taken":[{"damage":9,"enemies":"2 Louse","floor":1,"turns":4},{"damage":0,"enemies":"Small Slimes","floor":3,"turns":3},{"damage":2,"enemies":"Blue Slaver","floor":4,"turns":4},{"damage":3,"enemies":"Large Slime","floor":5,"turns":6},{"damage":63,"enemies":"Lagavulin","floor":8,"turns":9},{"damage":14,"enemies":"Gremlin Gang","floor":11,"turns":2},{"damage":0,"enemies":"Exordium Wildlife","floor":14,"turns":3},{"damage":36,"enemies":"Slime Boss","floor":16,"turns":11},{"damage":10,"enemies":"3 Byrds","floor":18,"turns":4},{"damage":2,"enemies":"Chosen","floor":20,"turns":5},{"damage":5,"enemies":"Snecko","floor":24,"turns":3},{"damage":47,"enemies":"Slaver and Parasite","floor":27,"turns":7},{"damage":1,"enemies":"Centurion and Healer","floor":29,"turns":3}],"event_choices":[{"event_name":"World of Goop","player_choice":"Gather Gold","floor":2,"damage_taken":0},{"event_name":"Upgrade Shrine","player_choice":"Upgraded","floor":12,"damage_taken":0},{"event_name":"Cursed Tome","player_choice":"Obtained Book","floor":19,"damage_taken":0},{"event_name":"The Lab","player_choice":"Got Potions","floor":21,"damage_taken":0}],"boss_relics":[{"not_picked":["Calling Bell","Question Card"],"picked":"Tiny House"}],"potions_floor_spawned":[3,5,11,24],"seed_played":"1469856459656845426","killed_by":"Centurion and Healer","ascension_level":0,"is_trial":false}