{"path_per_floor":["M","M","M","M","M","R","E","?","T","M","M","$","M","$","R","B",null,"M","?","?","$","M","R","M","R","T","$","?","M","$","M","R","B",null,"M","$","?","?","M","R","M","R","T","M","M","M","M"],"character_chosen":"IRONCLAD","items_purchased":["Shrug It Off","Combust","Limit Break","Shrug It Off","Battle Trance","Twin Strike","Whirlwind"],"gold_per_floor":[118,138,151,161,179,179,214,242,242,259,277,113,130,58,58,157,157,176,176,176,27,44,44,63,63,90,18,18,31,6,21,21,122,122,139,69,69,69,88,88,105,105,158,172,186,201,221],"floor_reached":48,"campfire_rested":2,"playtime":3383,"current_hp_per_floor":[77,80,80,80,80,80,55,68,68,73,78,78,80,80,80,66,80,80,80,80,80,78,78,69,69,69,69,69,76,76,65,80,71,80,80,80,70,70,67,67,47,71,71,79,76,45,17],"items_purged":["Defend_R","Defend_R"],"gold":221,"play_id":"7e5d9063-937b-4dc2-bdfb-08b7d47b2718","is_prod":false,"is_daily":false,"is_ascension_mode":false,"campfire_upgraded":5,"path_taken":["M","?","M","M","?","R","E","?","T","M","M","$","M","$","R","BOSS","M","?","?","$","M","R","M","R","T","$","?","?","?","M","R","BOSS","M","$","?","?","M","R","M","R","T","M","M","?","?","?"],"build_version":"2018-01-25-PROD3","purchased_purges":2,"victory":false,"master_deck":["Strike_R","Strike_R","Strike_R","Strike_R","Defend_R","Defend_R","Bash+1","Armaments+1","Inflame","Intimidate","Spot Weakness+1","Pummel+1","Reaper","Shrug It Off+1","Combust","Limit Break+1","Offering","Shrug It Off","Heavy Blade+1","Battle Trance","Rupture+1","Twin Strike","Impervious","Whirlwind+1","Madness","Heavy Blade+1","Exhume","Iron Wave+1","Shrug It Off"],"max_hp_per_floor":[80,80,80,80,80,80,80,80,80,80,80,80,80,80,80,80,80,80,80,80,80,80,80,80,80,80,80,80,80,80,80,80,80,80,80,80,80,80,80,80,80,80,80,80,80,80,80],"relics":["Burning Blood","Orichalcum","Odd Mushroom","Torii","Velvet Choker","Sundial","Toxic Egg","Sozu","Omamori"],"card_choices":[{"not_picked":["Perfected Strike","Immolate"],"picked":"Armaments"},{"not_picked":["Ghostly Armor","Disarm"],"picked":"Inflame"},{"not_picked":["True Grit","Carnage"],"picked":"Intimidate"},{"not_picked":["Shrug It Off","True Grit"],"picked":"Spot Weakness"},{"not_picked":["Body Slam","Pommel Strike"],"picked":"Pummel"},{"not_picked":["Warcry","Sword Boomerang"],"picked":"Reaper"},{"not_picked":["Barricade","Demon Form"],"picked":"Offering"},{"not_picked":["Armaments","Cleave"],"picked":"Heavy Blade"},{"not_picked":["Sentinel","Exhume"],"picked":"Rupture"},{"not_picked":["Dark Embrace","Limit Break"],"picked":"Impervious"},{"not_picked":["Rampage","Disarm"],"picked":"Heavy Blade"},{"not_picked":["Thunderclap","Clothesline"],"picked":"Exhume"},{"not_picked":["Disarm","Combust"],"picked":"Iron Wave"},{"not_picked":["Armaments","Anger"],"picked":"Shrug It Off"}],"player_experience":627125,"potions_floor_usage":[7,8,11,13,13,22,33],"damage_taken":[{"damage":9,"enemies":"Blue Slaver","floor":1,"turns":3},{"damage":0,"enemies":"2 Louse","floor":2,"turns":2},{"damage":1,"enemies":"Jaw Worm","floor":3,"turns":4},{"damage":5,"enemies":"Exordium Wildlife","floor":4,"turns":5},{"damage":5,"enemies":"3 Louse","floor":5,"turns":5},{"damage":31,"enemies":"Lagavulin","floor":7,"turns":6},{"damage":5,"enemies":"The Mushroom Lair","floor":8,"turns":5},{"damage":1,"enemies":"Looter","floor":10,"turns":2},{"damage":1,"enemies":"2 Fungi Beasts","floor":11,"turns":4},{"damage":4,"enemies":"Large Slime","floor":13,"turns":5},{"damage":20,"enemies":"The Guardian","floor":16,"turns":6},{"damage":16,"enemies":"3 Byrds","floor":18,"turns":4},{"damage":8,"enemies":"Spheric Guardian","floor":22,"turns":4},{"damage":15,"enemies":"Centurion and Healer","floor":24,"turns":5},{"damage":11,"enemies":"Slaver and Parasite","floor":29,"turns":4},{"damage":17,"enemies":"Snake Plant","floor":31,"turns":3},{"damage":15,"enemies":"Collector","floor":33,"turns":5},{"damage":6,"enemies":"Orb Walker","floor":35,"turns":3},{"damage":19,"enemies":"3 Darklings","floor":39,"turns":4},{"damage":42,"enemies":"Sphere and 2 Shapes","floor":41,"turns":3},{"damage":28,"enemies":"4 Shapes","floor":44,"turns":5},{"damage":30,"enemies":"Maw","floor":45,"turns":6},{"damage":37,"enemies":"3 Darklings","floor":46,"turns":3},{"damage":34,"enemies":"Sphere and 2 Shapes","floor":47,"turns":7},{"damage":17,"enemies":"Maw","floor":48,"turns":2}],"event_choices":[{"event_name":"Mushrooms","player_choice":"Fought Mushrooms","floor":8,"damage_taken":0},{"event_name":"Back to Basics","player_choice":"Elegance","floor":19,"damage_taken":0},{"event_name":"The Mausoleum","player_choice":"Yes","floor":20,"damage_taken":0},{"event_name":"Upgrade Shrine","player_choice":"Upgraded","floor":28,"damage_taken":0},{"event_name":"Winding Halls","player_choice":"Embrace Madness","floor":37,"damage_taken":0}],"boss_relics":[{"not_picked":["Runic Dome","Question Card"],"picked":"Velvet Choker"},{"not_picked":["Eternal Feather","Tiny House"],"picked":"Sozu"}],"potions_floor_spawned":[3,5,8,10,11,16,18,29,35,41,46],"seed_played":"-9166890875675791542","killed_by":"Maw","ascension_level":0,"is_trial":false}