{"path_per_floor":["M","M","?","M","$","E","M","R","T","R","?","M","R","M","R","B",null,"M","?","$","M","?","E","?","R","T","R","M","M","R","M","R","B",null,"M","$","?","M","M","M","R","?","T","$","?","R","M","M","R","B"],"character_chosen":"IRONCLAD","items_purchased":["Anger","Battle Trance","Mummified Hand","Flame Barrier","Disarm","Ornamental Fan"],"gold_per_floor":[111,121,121,139,16,42,61,61,61,61,61,74,74,89,89,188,188,202,402,30,48,48,83,83,83,83,83,97,112,112,123,123,228,228,246,171,171,191,211,229,229,229,277,23,23,23,33,43,43,43],"floor_reached":51,"campfire_rested":4,"playtime":3743,"current_hp_per_floor":[80,80,73,73,73,57,55,55,55,55,55,58,58,64,64,29,80,80,80,80,79,79,58,58,58,58,58,58,62,62,55,79,60,80,61,61,61,63,50,50,74,74,74,74,64,80,71,67,80,28],"items_purged":["Strike_R"],"gold":43,"play_id":"dd046f87-6be9-4eb9-93c6-511a39743934","is_prod":false,"is_daily":false,"is_ascension_mode":false,"campfire_upgraded":7,"path_taken":["M","M","?","?","?","E","M","R","T","R","?","?","R","M","R","BOSS","M","?","$","M","?","E","?","R","T","R","M","M","R","M","R","BOSS","M","$","?","?","M","M","R","?","T","$","?","R","M","M","R","BOSS"],"build_version":"2018-01-25-PROD3","purchased_purges":1,"victory":true,"master_deck":["Defend_R+1","Defend_R","Bash","Iron Wave+1","Fire Breathing+1","Iron Wave+1","Sword Boomerang","Anger","Battle Trance","Metallicize+1","Cleave+1","Clothesline","Offering","Intimidate+1","Rupture+1","Flex+1","Hemokinesis+1","Flame Barrier+1","Disarm","Inflame","Shrug It Off","Offering","Whirlwind+1","Flame Barrier+1","Madness","Madness"],"max_hp_per_floor":[80,80,80,80,80,80,80,80,80,80,80,80,80,80,80,80,80,80,80,80,80,80,80,80,80,80,80,80,80,80,80,80,80,80,80,80,80,80,80,80,80,80,80,80,80,80,80,80,80,80],"relics":["Burning Blood","War Paint","Ice Cream","Champion Belt","Astrolabe","Mummified Hand","Art of War","Paper Frog","Oddly Smooth Stone","Ornamental Fan"],"card_choices":[{"not_picked":["Heavy Blade","Clothesline"],"picked":"Iron Wave"},{"not_picked":["Sword Boomerang","Havoc"],"picked":"Fire Breathing"},{"not_picked":["Warcry","Wild Strike"],"picked":"Iron Wave"},{"not_picked":["Sever Soul","Twin Strike"],"picked":"Sword Boomerang"},{"not_picked":["Battle Trance","Rampage"],"picked":"Metallicize"},{"not_picked":["Hemokinesis","Clash"],"picked":"Cleave"},{"not_picked":["Wild Strike","Anger"],"picked":"Clothesline"},{"not_picked":["Exhume","Barricade"],"picked":"Offering"},{"not_picked":["Warcry","Battle Trance"],"picked":"Hemokinesis"},{"not_picked":["Rupture","Metallicize"],"picked":"Inflame"},{"not_picked":["Power Through","Twin Strike"],"picked":"Shrug It Off"},{"not_picked":["Limit Break","Juggernaut"],"picked":"Offering"},{"not_picked":["Thunderclap","Iron Wave"],"picked":"Whirlwind"},{"not_picked":["Body Slam","Clash"],"picked":"Flame Barrier"}],"player_experience":608869,"potions_floor_usage":[6,7,14,23,29,33,33,40,47,50],"damage_taken":[{"damage":0,"enemies":"Small Slimes","floor":1,"turns":4},{"damage":6,"enemies":"Jaw Worm","floor":2,"turns":4},{"damage":6,"enemies":"Blue Slaver","floor":4,"turns":4},{"damage":22,"enemies":"Lagavulin","floor":6,"turns":6},{"damage":8,"enemies":"Lots of Slimes","floor":7,"turns":3},{"damage":3,"enemies":"2 Fungi Beasts","floor":12,"turns":3},{"damage":0,"enemies":"Looter","floor":14,"turns":2},{"damage":41,"enemies":"Hexaghost","floor":16,"turns":11},{"damage":6,"enemies":"Shell Parasite","floor":18,"turns":4},{"damage":7,"enemies":"Spheric Guardian","floor":21,"turns":4},{"damage":27,"enemies":"Gremlin Leader","floor":23,"turns":4},{"damage":6,"enemies":"Centurion and Healer","floor":28,"turns":4},{"damage":2,"enemies":"Snake Plant","floor":29,"turns":4},{"damage":13,"enemies":"3 Cultists","floor":31,"turns":4},{"damage":25,"enemies":"Automaton","floor":33,"turns":9},{"damage":25,"enemies":"3 Darklings","floor":35,"turns":5},{"damage":4,"enemies":"Orb Walker","floor":38,"turns":1},{"damage":19,"enemies":"Sphere and 2 Shapes","floor":39,"turns":4},{"damage":6,"enemies":"3 Darklings","floor":40,"turns":2},{"damage":15,"enemies":"4 Shapes","floor":47,"turns":6},{"damage":10,"enemies":"Sphere and 2 Shapes","floor":48,"turns":2},{"damage":58,"enemies":"Donu and Deca","floor":50,"turns":10}],"event_choices":[{"event_name":"Scrap Ooze","player_choice":"success","floor":3,"damage_taken":7},{"event_name":"Living Wall","player_choice":"Forget","floor":11,"damage_taken":0},{"event_name":"Wheel of Change","player_choice":"Gold","floor":19,"damage_taken":0},{"event_name":"Bonfire Elementals","player_choice":"BASIC","floor":22,"damage_taken":0},{"event_name":"Addict","player_choice":"Ignored","floor":24,"damage_taken":0},{"event_name":"Tomb of Lord Red Mask","player_choice":"Ignored","floor":42,"damage_taken":0},{"event_name":"Winding Halls","player_choice":"Embrace Madness","floor":45,"damage_taken":0}],"boss_relics":[{"not_picked":["Question Card","Black Blood"],"picked":"Astrolabe"},{"not_picked":["Runic Pyramid","Snecko Eye","Philosopher\u0027s Stone"]}],"potions_floor_spawned":[1,6,12,16,18,28,31,39,40,47],"seed_played":"-8261947720748836025","ascension_level":0,"is_trial":false}