{"path_per_floor":["M","?","$","M","?","R","E","M","T","R","?","E","$","M","R","B",null,"M","M","$","?","M","R","?","M","T","M","R","M","?","?","R","B",null,"M","?","$","?","M","E","R","M","T","M","R","M","R","?","R"],"character_chosen":"IRONCLAD","items_purchased":["Anger","Fire Potion","Offering","Explosive Potion"],"gold_per_floor":[117,117,19,32,32,32,58,77,102,102,131,162,13,27,27,123,123,123,123,51,51,51,51,51,51,51,51,51,51,51,51,51,51,51,51,51,0,0,0,0,0,0,0,0,0,0,0,0,0],"floor_reached":50,"campfire_rested":2,"playtime":3770,"current_hp_per_floor":[80,80,80,78,78,78,56,62,62,62,57,50,50,53,77,69,80,80,80,80,80,77,77,77,75,75,66,66,64,64,64,64,62,80,75,75,75,75,73,59,59,61,61,59,59,61,61,61,80],"items_purged":["Regret","Strike_R"],"gold":0,"play_id":"a6f32fac-551b-48cb-8edb-30d186931a49","is_prod":false,"is_daily":false,"is_ascension_mode":false,"campfire_upgraded":8,"path_taken":["M","?","$","?","?","R","E","M","T","R","?","E","$","M","R","BOSS","M","M","$","?","M","R","?","M","T","M","R","M","?","?","R","BOSS","M","?","$","?","M","E","R","M","T","M","R","M","R","?","R","BOSS"],"build_version":"2018-01-25-PROD3","purchased_purges":2,"victory":false,"master_deck":["Strike_R+1","Strike_R+1","Strike_R+1","Defend_R+1","Defend_R+1","Defend_R+1","Defend_R+1","Bash+1","Fire Breathing+1","Anger","Iron Wave+1","Metallicize+1","Sword Boomerang","Shrug It Off","Rampage","Offering","Anger","Offering","Iron Wave+1","Shrug It Off+1","Battle Trance","Entrench+1","Pommel Strike+1","Flex+1","Intimidate+1"],"max_hp_per_floor":[80,80,80,80,80,80,80,80,80,80,80,80,80,80,80,80,80,80,80,80,80,80,80,80,80,80,80,80,80,80,80,80,80,80,80,80,80,80,80,80,80,80,80,80,80,80,80,80,80],"relics":["Burning Blood","Ancient Tea Set","Kunai","Bronze Scales","Juzu Bracelet","Odd Mushroom","Bottled Lightning","Ectoplasm","Regal Pillow","White Beast Statue","Bag of Marbles","Ornamental Fan","Red Mask"],"card_choices":[{"not_picked":["Cleave","Anger"],"picked":"Fire Breathing"},{"not_picked":["Clash","Impervious"],"picked":"Iron Wave"},{"not_picked":["Pommel Strike","Cleave"],"picked":"Metallicize"},{"not_picked":["Dark Embrace","Wild Strike"],"picked":"Sword Boomerang"},{"not_picked":["Wild Strike","Dual Wield"],"picked":"Shrug It Off"},{"not_picked":["Shrug It Off","Fire Breathing"],"picked":"Rampage"},{"not_picked":["Impervious","Feed"],"picked":"Offering"},{"not_picked":["Iron Wave","Rampage"],"picked":"Anger"},{"not_picked":["Flex","True Grit"],"picked":"Shrug It Off"},{"not_picked":["Infernal Blade","Combust"],"picked":"Battle Trance"},{"not_picked":["Impervious","Anger"],"picked":"Entrench"},{"not_picked":["Rampage","Rage"],"picked":"Pommel Strike"},{"not_picked":["Ghostly Armor","Perfected Strike"],"picked":"Flex"},{"not_picked":["Sever Soul","Clothesline"],"picked":"Intimidate"}],"player_experience":577422,"potions_floor_usage":[39,40,40,40,42,50,50],"damage_taken":[{"damage":1.0,"enemies":"Cultist","floor":1.0,"turns":3.0},{"damage":8.0,"enemies":"Small Slimes","floor":4.0,"turns":3.0},{"damage":28.0,"enemies":"3 Sentries","floor":7.0,"turns":7.0},{"damage":6.0,"enemies":"Jaw Worm","floor":8.0,"turns":3.0},{"damage":11.0,"enemies":"The Mushroom Lair","floor":11.0,"turns":4.0},{"damage":13.0,"enemies":"Gremlin Nob","floor":12.0,"turns":4.0},{"damage":3.0,"enemies":"Gremlin Gang","floor":14.0,"turns":4.0},{"damage":14.0,"enemies":"The Guardian","floor":16.0,"turns":7.0},{"damage":4.0,"enemies":"3 Byrds","floor":18.0,"turns":3.0},{"damage":4.0,"enemies":"Shell Parasite","floor":19.0,"turns":4.0},{"damage":9.0,"enemies":"Sentry and Sphere","floor":22.0,"turns":4.0},{"damage":8.0,"enemies":"3 Cultists","floor":25.0,"turns":4.0},{"damage":15.0,"enemies":"Snecko","floor":27.0,"turns":7.0},{"damage":8.0,"enemies":"Centurion and Healer","floor":29.0,"turns":6.0},{"damage":8.0,"enemies":"Champ","floor":33.0,"turns":12.0},{"damage":11,"enemies":"3 Darklings","floor":35,"turns":5},{"damage":8,"enemies":"3 Shapes","floor":39,"turns":5},{"damage":20,"enemies":"Nemesis","floor":40,"turns":7},{"damage":4,"enemies":"3 Darklings","floor":42,"turns":4},{"damage":8,"enemies":"Sphere and 2 Shapes","floor":44,"turns":4},{"damage":4,"enemies":"4 Shapes","floor":46,"turns":6},{"damage":91,"enemies":"Time Eater","floor":50,"turns":16}],"event_choices":[{"event_name":"Big Fish","player_choice":"Box","floor":2.0,"damage_taken":0.0},{"event_name":"Upgrade Shrine","player_choice":"Upgraded","floor":5.0,"damage_taken":0.0},{"event_name":"Mushrooms","player_choice":"Fought Mushrooms","floor":11.0,"damage_taken":0.0},{"event_name":"The Library","player_choice":"Read","floor":21.0,"damage_taken":0.0},{"event_name":"N\u0027loth","player_choice":"Ignored","floor":24.0,"damage_taken":0.0},{"event_name":"Drug Dealer","player_choice":"Ignored","floor":30.0,"damage_taken":0.0},{"event_name":"Back to Basics","player_choice":"Simplicity","floor":31.0,"damage_taken":0.0},{"event_name":"Mysterious Sphere","player_choice":"Ignore","floor":38,"damage_taken":0},{"event_name":"Tomb of Lord Red Mask","player_choice":"Paid","floor":48,"damage_taken":0}],"boss_relics":[{"not_picked":["Tiny House","Lizard Tail"],"picked":"White Beast Statue"}],"potions_floor_spawned":[1,7,8,14,18,22,35,39,40,42,44,46],"seed_played":"1511627202366077294","killed_by":"Time Eater","ascension_level":0,"is_trial":false}