{"path_per_floor":["M","$","M","?","M","R","E","?","T","R","?","R","T","E","R","B",null,"M","$","?","M","?","R","E","R","T","M","R","$","?","?","R"],"character_chosen":"IRONCLAD","items_purchased":["Power Through","Pommel Strike","Blue Candle","Master of Strategy"],"gold_per_floor":[114,17,33,33,44,44,71,71,71,71,246,246,246,277,277,375,375,390,142,142,156,156,156,185,185,210,230,230,36,36,36,36],"floor_reached":33,"campfire_rested":3,"playtime":1910,"current_hp_per_floor":[67,67,72,65,70,70,72,77,77,77,77,77,77,49,72,42,77,66,66,66,62,62,62,21,44,44,45,68,68,68,68,68],"items_purged":[],"gold":36,"play_id":"0126f9ae-c825-4529-9521-f50044635330","is_prod":false,"is_daily":false,"is_ascension_mode":false,"campfire_upgraded":5,"path_taken":["M","$","M","?","M","R","E","?","T","R","?","R","?","E","R","BOSS","M","$","?","M","?","R","E","R","T","M","R","$","?","?","R","BOSS"],"build_version":"2018-02-01-PROD3","purchased_purges":0,"victory":false,"master_deck":["Strike_R+1","Strike_R+1","Strike_R+1","Defend_R+1","Defend_R+1","Defend_R+1","Defend_R+1","Bash","Immolate+1","Whirlwind+1","Power Through","Pommel Strike","Disarm","Wild Strike+1","Headbutt","Doubt","True Grit+1","Dark Embrace","Carnage+1","Double Tap+1","Evolve+1","Master of Strategy","Decay"],"max_hp_per_floor":[72,72,72,72,72,72,72,77,77,77,77,77,77,77,77,77,77,77,77,77,77,77,77,77,77,77,77,77,77,77,77,77],"relics":["Burning Blood","Juzu Bracelet","Sundial","Unceasing Top","Paper Frog","Sozu","Blue Candle","Centennial Puzzle","Vajra"],"card_choices":[{"not_picked":["Fiend Fire","Demon Form"],"picked":"Immolate"},{"not_picked":["Perfected Strike","Dropkick"],"picked":"Whirlwind"},{"not_picked":["Pommel Strike","Clothesline"],"picked":"Disarm"},{"not_picked":["Cleave","Perfected Strike"],"picked":"Wild Strike"},{"not_picked":["Dual Wield","Whirlwind"],"picked":"Headbutt"},{"not_picked":["Flex","Cleave"],"picked":"True Grit"},{"not_picked":["Bludgeon","Feed"],"picked":"Dark Embrace"},{"not_picked":["Disarm","Flex"],"picked":"Carnage"},{"not_picked":["Hemokinesis","Uppercut"],"picked":"Double Tap"},{"not_picked":["Heavy Blade","Clash"],"picked":"Evolve"}],"player_experience":656446,"potions_floor_usage":[],"damage_taken":[{"damage":11.0,"enemies":"Jaw Worm","floor":1.0,"turns":4.0},{"damage":0.0,"enemies":"2 Louse","floor":3.0,"turns":1.0},{"damage":1.0,"enemies":"Cultist","floor":5.0,"turns":3.0},{"damage":0.0,"enemies":"3 Sentries","floor":7.0,"turns":3.0},{"damage":34.0,"enemies":"Lagavulin","floor":14.0,"turns":7.0},{"damage":36.0,"enemies":"The Guardian","floor":16.0,"turns":12.0},{"damage":17.0,"enemies":"Spheric Guardian","floor":18.0,"turns":4.0},{"damage":10,"enemies":"Chosen","floor":21,"turns":3},{"damage":47,"enemies":"Slavers","floor":24,"turns":6},{"damage":5,"enemies":"Snake Plant","floor":27,"turns":4},{"damage":46,"enemies":"Champ","floor":33,"turns":7}],"event_choices":[{"event_name":"Golden Wing","player_choice":"Card Removal","floor":4.0,"damage_taken":0.0},{"event_name":"Big Fish","player_choice":"Donut","floor":8.0,"damage_taken":0.0},{"event_name":"Liars Game","player_choice":"agreed","floor":11.0,"damage_taken":0.0},{"event_name":"Purifier","player_choice":"One Purge","floor":20,"damage_taken":0},{"event_name":"Back to Basics","player_choice":"Simplicity","floor":22,"damage_taken":0},{"event_name":"Vampires","player_choice":"Ignored","floor":30,"damage_taken":0},{"event_name":"Forgotten Altar","player_choice":"Smashed Altar","floor":31,"damage_taken":0}],"boss_relics":[],"potions_floor_spawned":[3,16,27],"seed_played":"2864774258645532703","killed_by":"Champ","ascension_level":0,"is_trial":false}