{"path_per_floor":["M","?","M","M","$","R","M","E","T","M","M","R","$","M","R","B",null,"M","?","M","?","$","R","M","M","T","M","R","M","R","?","R"],"character_chosen":"IRONCLAD","items_purchased":["Flex","Whirlwind","Combust"],"gold_per_floor":[114,64,76,93,68,68,79,112,163,182,194,194,5,25,25,126,126,139,139,157,72,72,72,88,100,123,134,134,154,154,154,154],"floor_reached":33,"campfire_rested":3,"playtime":2059,"current_hp_per_floor":[80,80,80,80,80,80,80,73,73,76,77,77,77,80,80,35,64,52,52,38,38,38,57,35,31,31,28,28,13,32,32,51],"items_purged":["Strike_R"],"gold":154,"play_id":"ceb18f2c-baaa-4b02-9a93-d5b1654b4ab4","is_prod":false,"is_daily":false,"is_ascension_mode":false,"campfire_upgraded":4,"path_taken":["M","?","M","M","$","R","M","E","T","M","M","R","?","M","R","BOSS","M","?","M","?","?","R","M","M","T","M","R","M","R","?","R","BOSS"],"build_version":"2018-02-01-PROD3","purchased_purges":1,"victory":false,"master_deck":["Strike_R","Strike_R","Defend_R","Defend_R","Defend_R","Defend_R","Bash+1","Sword Boomerang","Flame Barrier+1","Wild Strike","Flex+1","Heavy Blade","Pummel","Sword Boomerang","Whirlwind","Combust","Flex+1","Double Tap","Bloodletting+1","Shrug It Off","Blood for Blood","True Grit+1","Metallicize+1"],"max_hp_per_floor":[80,80,80,80,80,80,80,80,80,80,80,80,80,80,80,80,64,64,64,64,64,64,64,64,64,64,64,64,64,64,64,64],"relics":["Burning Blood","Gambling Chip","Ancient Tea Set","Runic Cube","Orichalcum","Bronze Scales"],"card_choices":[{"not_picked":["Entrench","Second Wind"],"picked":"Sword Boomerang"},{"not_picked":["Flex","Feel No Pain"],"picked":"Flame Barrier"},{"not_picked":["Bloodletting","Evolve"],"picked":"Wild Strike"},{"not_picked":["Reckless Charge","Armaments"],"picked":"Heavy Blade"},{"not_picked":["Thunderclap","Pommel Strike"],"picked":"Pummel"},{"not_picked":["Clothesline","Berserk"],"picked":"Sword Boomerang"},{"not_picked":["Warcry","Second Wind"],"picked":"Flex"},{"not_picked":["Bludgeon","Impervious"],"picked":"Double Tap"},{"not_picked":["Corruption","Havoc"],"picked":"Bloodletting"},{"not_picked":["Heavy Blade","Thunderclap"],"picked":"Blood for Blood"},{"not_picked":["Twin Strike","Heavy Blade"],"picked":"True Grit"},{"not_picked":["Headbutt","Entrench"],"picked":"Metallicize"}],"player_experience":658356,"potions_floor_usage":[7,8,16,16,20,25,27,33],"damage_taken":[{"damage":0,"enemies":"2 Louse","floor":1,"turns":2},{"damage":3,"enemies":"Jaw Worm","floor":3,"turns":4},{"damage":1,"enemies":"Cultist","floor":4,"turns":3},{"damage":0,"enemies":"3 Louse","floor":7,"turns":2},{"damage":13,"enemies":"Lagavulin","floor":8,"turns":4},{"damage":3,"enemies":"Red Slaver","floor":10,"turns":3},{"damage":5,"enemies":"Looter","floor":11,"turns":2},{"damage":3,"enemies":"3 Louse","floor":14,"turns":2},{"damage":51,"enemies":"The Guardian","floor":16,"turns":7},{"damage":18,"enemies":"Shell Parasite","floor":18,"turns":4},{"damage":23,"enemies":"2 Thieves","floor":20,"turns":2},{"damage":28,"enemies":"Cultist and Chosen","floor":24,"turns":5},{"damage":19,"enemies":"Snecko","floor":25,"turns":4},{"damage":9,"enemies":"Centurion and Healer","floor":27,"turns":3},{"damage":21,"enemies":"3 Cultists","floor":29,"turns":4},{"damage":52,"enemies":"Champ","floor":33,"turns":8}],"event_choices":[{"event_name":"The Cleric","player_choice":"Card Removal","floor":2,"damage_taken":0},{"event_name":"Transmorgrifier","player_choice":"Transform","floor":19,"damage_taken":0},{"event_name":"Addict","player_choice":"Obtained Relic","floor":21,"damage_taken":0},{"event_name":"Upgrade Shrine","player_choice":"Upgraded","floor":31,"damage_taken":0}],"boss_relics":[{"not_picked":["Eternal Feather","Runic Pyramid"],"picked":"Runic Cube"}],"potions_floor_spawned":[3,4,8,10,11,24,25,29],"seed_played":"-4302839843374443894","killed_by":"Champ","ascension_level":0,"is_trial":false}