{"path_per_floor":["M","M","?","M","$","E","R","E","T","R","M","M","R","M","R","B",null,"M","?","$","?","?","R","M","R","T","R","M","$","E","?","R","B",null,"M","?","$","M","M","R","M","M","T","M","R","M","M","?","R","B"],"character_chosen":"IRONCLAD","items_purchased":["Whetstone","Flex","Bag of Marbles","Lantern"],"gold_per_floor":[213,230,230,243,22,57,57,91,91,91,106,130,130,146,146,269,269,285,285,161,161,161,161,177,177,255,255,274,6,36,36,36,133,133,146,146,0,17,35,35,54,72,120,134,134,148,162,162,162,162],"floor_reached":51,"campfire_rested":1,"playtime":3277,"current_hp_per_floor":[79,79,79,80,80,50,50,38,38,62,64,68,68,73,73,66,82,82,82,82,66,66,66,73,73,88,88,89,89,92,92,92,81,98,100,100,100,98,92,98,86,104,104,96,104,106,100,86,94,58],"items_purged":["Injury","Burning Pact","Strike_R"],"gold":162,"score":529,"play_id":"8a72dc74-8f16-41ce-8d51-418c9ea2d9fa","is_prod":false,"is_daily":false,"is_ascension_mode":false,"campfire_upgraded":10,"path_taken":["M","M","?","?","$","E","R","E","T","R","M","M","R","M","R","BOSS","M","?","$","?","?","R","M","R","T","R","M","$","E","?","R","BOSS","M","?","$","M","M","R","M","M","T","M","R","M","M","?","R","BOSS"],"build_version":"2018-02-15-PROD1","purchased_purges":4,"victory":true,"master_deck":["Strike_R+1","Defend_R+1","Defend_R+1","Defend_R+1","Bash+1","Rampage+1","Cleave+1","Offering+1","Shockwave+1","Shrug It Off+1","Shrug It Off+1","Flame Barrier+1","Bloodletting+1","Iron Wave+1","Battle Trance+1","Pommel Strike+1","Flex+1","Rampage+1","Clothesline+1","Reaper+1","Whirlwind+1","Madness+1","Madness"],"max_hp_per_floor":[80,80,80,80,80,80,80,80,80,80,80,80,80,80,80,82,82,82,82,82,82,82,82,82,82,92,92,94,94,96,96,96,98,98,100,100,100,100,102,102,102,104,104,104,104,106,108,108,108,108],"relics":["Burning Blood","Bloody Idol","Whetstone","War Paint","Matryoshka","Juzu Bracelet","Singing Bowl","Astrolabe","Enchiridion","Pear","Bottled Flame","Bag of Marbles","Toolbox","Eternal Feather","Lantern","Ancient Tea Set"],"card_choices":[{"not_picked":["Thunderclap","Twin Strike"],"picked":"Rampage"},{"not_picked":["Perfected Strike","Body Slam"],"picked":"Cleave"},{"not_picked":["Power Through","Warcry"],"picked":"Burning Pact"},{"not_picked":["Anger","Clash"],"picked":"Offering"},{"not_picked":["Armaments","True Grit"],"picked":"Shockwave"},{"not_picked":["Armaments","Havoc"],"picked":"Shrug It Off"},{"not_picked":["Heavy Blade","True Grit"],"picked":"Shrug It Off"},{"not_picked":["Cleave","Intimidate"],"picked":"Flame Barrier"},{"not_picked":["Iron Wave","Shrug It Off"],"picked":"Pommel Strike"},{"not_picked":["Clothesline","Twin Strike"],"picked":"Rampage"},{"not_picked":["Shrug It Off","Heavy Blade"],"picked":"Clothesline"},{"not_picked":["Sword Boomerang","Cleave"],"picked":"Reaper"},{"not_picked":["Iron Wave","Shrug It Off"],"picked":"Whirlwind"}],"player_experience":727906,"potions_floor_usage":[42,50,50,50],"damage_taken":[{"damage":7.0,"enemies":"2 Louse","floor":1.0,"turns":3.0},{"damage":6.0,"enemies":"Jaw Worm","floor":2.0,"turns":4.0},{"damage":3.0,"enemies":"Small Slimes","floor":4.0,"turns":4.0},{"damage":36.0,"enemies":"Lagavulin","floor":6.0,"turns":5.0},{"damage":18.0,"enemies":"3 Sentries","floor":8.0,"turns":7.0},{"damage":4.0,"enemies":"2 Fungi Beasts","floor":11.0,"turns":2.0},{"damage":2.0,"enemies":"Large Slime","floor":12.0,"turns":6.0},{"damage":1.0,"enemies":"3 Louse","floor":14.0,"turns":3.0},{"damage":15.0,"enemies":"The Guardian","floor":16.0,"turns":11.0},{"damage":6.0,"enemies":"Shell Parasite","floor":18.0,"turns":5.0},{"damage":4.0,"enemies":"3 Byrds","floor":24.0,"turns":2.0},{"damage":12.0,"enemies":"Centurion and Healer","floor":28.0,"turns":6.0},{"damage":10.0,"enemies":"Book of Stabbing","floor":30.0,"turns":3.0},{"damage":24.0,"enemies":"Champ","floor":33.0,"turns":10.0},{"damage":10.0,"enemies":"Orb Walker","floor":35.0,"turns":4.0},{"damage":13,"enemies":"3 Darklings","floor":38,"turns":5},{"damage":19,"enemies":"Sphere and 2 Shapes","floor":39,"turns":7},{"damage":23,"enemies":"4 Shapes","floor":41,"turns":4},{"damage":8,"enemies":"Maw","floor":42,"turns":6},{"damage":27,"enemies":"Sphere and 2 Shapes","floor":44,"turns":7},{"damage":0,"enemies":"3 Darklings","floor":46,"turns":1},{"damage":19,"enemies":"Maw","floor":47,"turns":8},{"damage":63,"enemies":"Awakened One","floor":50,"turns":12}],"event_choices":[{"event_name":"Golden Idol","player_choice":"Take Wound","floor":3.0,"damage_taken":0.0},{"event_name":"Forgotten Altar","player_choice":"Gave Idol","floor":19.0,"damage_taken":0.0},{"event_name":"Cursed Tome","player_choice":"Obtained Book","floor":21.0,"damage_taken":0.0},{"event_name":"The Woman in Blue","player_choice":"Bought 0 Potions","floor":22.0,"damage_taken":0.0},{"event_name":"Back to Basics","player_choice":"Simplicity","floor":31.0,"damage_taken":0.0},{"event_name":"Winding Halls","player_choice":"Embrace Madness","floor":48,"damage_taken":0}],"boss_relics":[],"potions_floor_spawned":[8,11,16,18,24,28,35,39,41,47],"seed_played":"5358927185059326045","ascension_level":0,"is_trial":false}