{"path_per_floor":["M","M","T","?","?","R","E","R","T","$","M","M","M","?","R","B",null,"M","M"],"character_chosen":"IRONCLAD","items_purchased":["Metallicize"],"gold_per_floor":[119,130,130,80,155,155,184,184,211,59,74,89,99,99,99,204,204,219,232],"floor_reached":20,"campfire_rested":1,"playtime":1395,"current_hp_per_floor":[73,79,79,79,68,68,44,68,68,68,74,80,80,80,80,64,80,68,49],"items_purged":["Defend_R"],"gold":232,"score":174,"play_id":"9b108ad6-b8f8-48f3-98a0-58a91c354a1c","is_prod":false,"is_daily":false,"is_ascension_mode":false,"campfire_upgraded":2,"path_taken":["M","M","?","?","?","R","E","R","T","$","M","?","M","?","R","BOSS","M","M","M"],"build_version":"2018-02-08-PROD1","purchased_purges":2,"victory":false,"master_deck":["Strike_R","Strike_R","Strike_R","Defend_R","Defend_R","Defend_R","Bash","True Grit+1","Wild Strike","Armaments+1","Metallicize","Thunderclap","Iron Wave","Reaper","Cleave","Clothesline"],"max_hp_per_floor":[80,80,80,80,80,80,80,80,80,80,80,80,80,80,80,80,80,80,80],"relics":["Burning Blood","Bag of Marbles","Blue Candle","Ornamental Fan","Bag of Preparation","Eternal Feather"],"card_choices":[{"not_picked":["Corruption","Clothesline"],"picked":"True Grit"},{"not_picked":["Anger","Intimidate"],"picked":"Wild Strike"},{"not_picked":["Rage","Havoc"],"picked":"Armaments"},{"not_picked":["Armaments","Headbutt"],"picked":"Thunderclap"},{"not_picked":["Havoc","Wild Strike"],"picked":"Iron Wave"},{"not_picked":["Exhume","Berserk"],"picked":"Reaper"},{"not_picked":["Iron Wave","Combust"],"picked":"Cleave"},{"not_picked":["Clash","True Grit"],"picked":"Clothesline"}],"player_experience":728198,"potions_floor_usage":[12,16,16,18,20],"damage_taken":[{"damage":13,"enemies":"Blue Slaver","floor":1,"turns":5},{"damage":0,"enemies":"Cultist","floor":2,"turns":3},{"damage":30,"enemies":"3 Sentries","floor":7,"turns":11},{"damage":0,"enemies":"Jaw Worm","floor":11,"turns":2},{"damage":0,"enemies":"Lots of Slimes","floor":12,"turns":4},{"damage":2,"enemies":"Large Slime","floor":13,"turns":5},{"damage":22,"enemies":"Slime Boss","floor":16,"turns":14},{"damage":20,"enemies":"3 Byrds","floor":18,"turns":8},{"damage":25,"enemies":"Spheric Guardian","floor":19,"turns":8},{"damage":8,"enemies":"Centurion and Healer","floor":20,"turns":5}],"event_choices":[{"event_name":"The Cleric","player_choice":"Card Removal","floor":4,"damage_taken":0},{"event_name":"World of Goop","player_choice":"Gather Gold","floor":5,"damage_taken":0},{"event_name":"Bonfire Elementals","player_choice":"BASIC","floor":14,"damage_taken":0}],"boss_relics":[{"not_picked":["Snecko Eye","Runic Dome"],"picked":"Eternal Feather"}],"potions_floor_spawned":[7,11,13,16,19],"seed_played":"2237820807146729486","killed_by":"Centurion and Healer","ascension_level":0,"is_trial":false}