{"path_per_floor":["M","M","?","M","$","R","M","M","T","E","R","E","M","E","R","B",null,"M","?","M","M","$","R","?","M","T","M","R","M","T","M","R","B",null,"M","?","$","?","M","R","M","M","T","M","M","R","?","?","R","B"],"character_chosen":"IRONCLAD","items_purchased":["Thunderclap","Bag of Marbles","Whetstone"],"gold_per_floor":[110,126,126,143,17,17,31,44,44,69,69,101,111,141,141,246,246,261,261,277,289,33,33,33,53,53,66,66,76,76,90,90,187,187,205,205,51,51,63,63,79,91,137,155,172,172,172,172,172,172],"floor_reached":51,"campfire_rested":0,"playtime":2478,"current_hp_per_floor":[80,76,69,75,75,75,61,80,80,70,70,74,80,68,68,62,90,86,86,90,81,81,81,81,87,87,88,88,90,90,90,90,70,90,78,78,78,78,75,75,90,87,87,89,90,90,79,79,79,40],"items_purged":["Strike_R","Strike_R"],"gold":172,"score":548,"play_id":"e23a2c2e-68d8-40d4-b67d-8305c0b3ef4b","is_prod":false,"is_daily":false,"is_ascension_mode":false,"campfire_upgraded":6,"path_taken":["M","M","?","M","$","R","M","M","T","E","R","E","M","E","R","BOSS","M","?","M","M","$","R","?","?","T","M","R","M","?","M","R","BOSS","M","?","$","?","M","R","M","M","T","?","?","R","?","?","R","BOSS"],"build_version":"2018-02-08-PROD1","purchased_purges":3,"victory":true,"master_deck":["Strike_R","Strike_R","Strike_R","Defend_R","Defend_R","Defend_R","Defend_R","Bash+1","Pommel Strike","Reaper","Thunderclap","Wild Strike+1","Shrug It Off+1","Perfected Strike+1","Flame Barrier+1","Perfected Strike+1","Flex+1","Armaments+1","Offering","Shrug It Off+1","Whirlwind+1","Wild Strike","Iron Wave+1","Thunderclap+1","Shrug It Off+1","Battle Trance+1","Madness","Madness"],"max_hp_per_floor":[80,80,80,80,80,80,80,80,80,90,90,90,90,90,90,90,90,90,90,90,90,90,90,90,90,90,90,90,90,90,90,90,90,90,90,90,90,90,90,90,90,90,90,90,90,90,90,90,90,90],"relics":["Burning Blood","Dream Catcher","Paper Frog","Girya","Pear","Pen Nib","Frozen Egg 2","Velvet Choker","Bag of Marbles","Ice Cream","Champion Belt","White Beast Statue","Whetstone","Happy Flower"],"card_choices":[{"not_picked":["Twin Strike","Shockwave"],"picked":"Pommel Strike"},{"not_picked":["Warcry","Cleave"],"picked":"Reaper"},{"not_picked":["Havoc","Body Slam"],"picked":"Wild Strike"},{"not_picked":["Fire Breathing","Perfected Strike"],"picked":"Shrug It Off"},{"not_picked":["Havoc","Iron Wave"],"picked":"Perfected Strike"},{"not_picked":["Perfected Strike","Pommel Strike"],"picked":"Flame Barrier"},{"not_picked":["Cleave","Reckless Charge"],"picked":"Perfected Strike"},{"not_picked":["Headbutt","Infernal Blade"],"picked":"Flex"},{"not_picked":["Flex","Body Slam"],"picked":"Armaments"},{"not_picked":["Sever Soul","Clash"],"picked":"Thunderclap"},{"not_picked":["Power Through","Fire Breathing"],"picked":"Offering"},{"not_picked":["Havoc","Uppercut"],"picked":"Shrug It Off"},{"not_picked":["Anger","Flex"],"picked":"Whirlwind"},{"not_picked":["Cleave","Evolve"],"picked":"Wild Strike"},{"not_picked":["Wild Strike","Clothesline"],"picked":"Iron Wave"},{"not_picked":["Havoc","Anger"],"picked":"Thunderclap"},{"not_picked":["Carnage","Wild Strike"],"picked":"Shrug It Off"},{"not_picked":["Corruption","Clash"],"picked":"Battle Trance"}],"player_experience":729593,"potions_floor_usage":[20,20,27,33,50,50,50],"damage_taken":[{"damage":6.0,"enemies":"2 Louse","floor":1.0,"turns":3.0},{"damage":10.0,"enemies":"Jaw Worm","floor":2.0,"turns":4.0},{"damage":0.0,"enemies":"Cultist","floor":4.0,"turns":2.0},{"damage":20.0,"enemies":"Red Slaver","floor":7.0,"turns":5.0},{"damage":0.0,"enemies":"Large Slime","floor":8.0,"turns":5.0},{"damage":26.0,"enemies":"Lagavulin","floor":10.0,"turns":5.0},{"damage":17.0,"enemies":"3 Sentries","floor":12.0,"turns":6.0},{"damage":0.0,"enemies":"2 Fungi Beasts","floor":13.0,"turns":2.0},{"damage":23.0,"enemies":"Lagavulin","floor":14.0,"turns":4.0},{"damage":20.0,"enemies":"Hexaghost","floor":16.0,"turns":7.0},{"damage":10,"enemies":"Spheric Guardian","floor":18,"turns":4},{"damage":0,"enemies":"Chosen","floor":20,"turns":3},{"damage":15,"enemies":"Centurion and Healer","floor":21,"turns":5},{"damage":0,"enemies":"3 Cultists","floor":25,"turns":2},{"damage":11,"enemies":"Snake Plant","floor":27,"turns":3},{"damage":0,"enemies":"Snecko","floor":29,"turns":2},{"damage":4,"enemies":"Centurion and Healer","floor":31,"turns":3},{"damage":26,"enemies":"Automaton","floor":33,"turns":7},{"damage":18,"enemies":"3 Darklings","floor":35,"turns":3},{"damage":9,"enemies":"3 Shapes","floor":39,"turns":1},{"damage":4,"enemies":"3 Darklings","floor":41,"turns":3},{"damage":9,"enemies":"4 Shapes","floor":42,"turns":1},{"damage":4,"enemies":"Maw","floor":44,"turns":5},{"damage":4,"enemies":"Sphere and 2 Shapes","floor":45,"turns":2},{"damage":54,"enemies":"Time Eater","floor":50,"turns":7}],"event_choices":[{"event_name":"Scrap Ooze","player_choice":"success","floor":3.0,"damage_taken":7.0},{"event_name":"Accursed Blacksmith","player_choice":"Forge","floor":19,"damage_taken":0},{"event_name":"Vampires","player_choice":"Ignored","floor":24,"damage_taken":0},{"event_name":"Mysterious Sphere","player_choice":"Ignore","floor":36,"damage_taken":0},{"event_name":"Winding Halls","player_choice":"Embrace Madness","floor":47,"damage_taken":0},{"event_name":"Tomb of Lord Red Mask","player_choice":"Ignored","floor":48,"damage_taken":0}],"boss_relics":[{"not_picked":["Black Blood","Question Card"],"picked":"Velvet Choker"},{"not_picked":["Cursed Key","Calling Bell"],"picked":"White Beast Statue"}],"potions_floor_spawned":[7,10,12,13,14,18,21,29,31,35,39,41,42,44,45],"seed_played":"1576745267504777788","ascension_level":0,"is_trial":false}