{"path_per_floor":["M","$","?","$","$","R","M","R","T","R","?","M","E","?","R","B",null,"M","?","M","?","?","R","?","M","T","M","$","?","?","M","R","B",null,"M","M","?","M","$","R","M","M","T","M","?","R","?","?","R","B"],"character_chosen":"IRONCLAD","items_purchased":["Molten Egg 2","Wild Strike","Inflame","Sword Boomerang","Oddly Smooth Stone","Ancient Potion","Anchor","Battle Trance"],"gold_per_floor":[368,44,44,19,19,19,35,35,88,88,38,53,86,161,161,261,261,272,272,292,292,292,292,292,310,310,324,131,131,56,67,67,169,169,185,198,251,269,53,53,72,92,146,161,161,161,161,0,0,0],"floor_reached":51,"campfire_rested":2,"playtime":2114,"current_hp_per_floor":[33,33,59,59,59,59,65,65,65,65,65,71,69,58,58,38,80,79,63,43,43,27,53,53,59,59,65,65,65,65,73,73,12,97,97,89,80,85,85,85,89,99,99,98,98,98,84,84,109,54],"items_purged":[],"gold":0,"score":543,"play_id":"7f185aab-3190-44b9-b3d0-7054b8acb616","is_prod":false,"is_daily":false,"is_ascension_mode":false,"campfire_upgraded":7,"path_taken":["M","?","?","?","$","R","?","R","T","R","?","M","E","?","R","BOSS","M","?","M","?","?","R","?","M","T","M","$","?","?","M","R","BOSS","M","M","?","M","$","R","M","M","T","M","?","R","?","?","R","BOSS"],"build_version":"2018-02-08-PROD1","purchased_purges":5,"victory":true,"master_deck":["Strike_R+1","Defend_R","Defend_R","Bash+1","Offering","Wild Strike+1","Inflame+1","Sword Boomerang+1","Flex+1","Iron Wave+1","Disarm+1","Limit Break+1","Feed+1","Pummel+1","Combust+1","Sword Boomerang+1","Necronomicurse","Shrug It Off+1","Warcry","Whirlwind+1","Whirlwind+1","Uppercut+1","Battle Trance","Metallicize+1","Madness","Madness"],"max_hp_per_floor":[80,80,80,80,80,80,80,80,80,80,80,80,80,80,80,80,80,84,84,84,84,89,89,89,93,93,93,93,93,93,95,95,97,97,97,99,103,105,105,105,107,109,109,109,109,109,109,109,109,109],"relics":["Burning Blood","Molten Egg 2","Juzu Bracelet","Singing Bowl","Astrolabe","Necronomicon","Calipers","Oddly Smooth Stone","Velvet Choker","Bird Faced Urn","Anchor","Whetstone","Red Mask"],"card_choices":[{"not_picked":["Body Slam","Iron Wave"],"picked":"Offering"},{"not_picked":["Sever Soul","Havoc"],"picked":"Flex"},{"not_picked":["Wild Strike","Cleave"],"picked":"Iron Wave"},{"not_picked":["Sword Boomerang","Sentinel"],"picked":"Disarm"},{"not_picked":["Brutality","Juggernaut"],"picked":"Limit Break"},{"not_picked":["Rage","Havoc"],"picked":"Sword Boomerang"},{"not_picked":["Heavy Blade","Blood for Blood"],"picked":"Shrug It Off"},{"not_picked":["Combust","Iron Wave"],"picked":"Warcry"},{"not_picked":["Pommel Strike","Anger"],"picked":"Whirlwind"},{"not_picked":["Pommel Strike","True Grit"],"picked":"Whirlwind"},{"not_picked":["Reckless Charge","Pommel Strike"],"picked":"Uppercut"},{"not_picked":["Dropkick","Clothesline"],"picked":"Metallicize"}],"player_experience":682382,"potions_floor_usage":[13,27,31,33,33,37,38,42],"damage_taken":[{"damage":13,"enemies":"Blue Slaver","floor":1,"turns":5},{"damage":0,"enemies":"Jaw Worm","floor":7,"turns":1},{"damage":0,"enemies":"Small Slimes","floor":12,"turns":2},{"damage":20,"enemies":"3 Sentries","floor":13,"turns":5},{"damage":26,"enemies":"The Guardian","floor":16,"turns":8},{"damage":11,"enemies":"Shell Parasite","floor":18,"turns":4},{"damage":26,"enemies":"2 Thieves","floor":20,"turns":3},{"damage":4,"enemies":"Centurion and Healer","floor":25,"turns":3},{"damage":0,"enemies":"Snecko","floor":27,"turns":3},{"damage":0,"enemies":"Snake Plant","floor":31,"turns":2},{"damage":69,"enemies":"Automaton","floor":33,"turns":8},{"damage":5,"enemies":"Orb Walker","floor":35,"turns":3},{"damage":16,"enemies":"3 Darklings","floor":36,"turns":2},{"damage":19,"enemies":"Mysterious Sphere","floor":37,"turns":3},{"damage":5,"enemies":"4 Shapes","floor":38,"turns":1},{"damage":4,"enemies":"Sphere and 2 Shapes","floor":41,"turns":1},{"damage":0,"enemies":"3 Darklings","floor":42,"turns":3},{"damage":9,"enemies":"4 Shapes","floor":44,"turns":3},{"damage":65,"enemies":"Awakened One","floor":50,"turns":7}],"event_choices":[{"event_name":"Big Fish","player_choice":"Banana","floor":3,"damage_taken":0},{"event_name":"The Cleric","player_choice":"Card Removal","floor":11,"damage_taken":0},{"event_name":"World of Goop","player_choice":"Gather Gold","floor":14,"damage_taken":0},{"event_name":"Cursed Tome","player_choice":"Obtained Book","floor":19,"damage_taken":0},{"event_name":"Vampires","player_choice":"Ignored","floor":21,"damage_taken":0},{"event_name":"Forgotten Altar","player_choice":"Shed Blood","floor":22,"damage_taken":0},{"event_name":"Drug Dealer","player_choice":"Ignored","floor":24,"damage_taken":0},{"event_name":"The Mausoleum","player_choice":"No","floor":29,"damage_taken":0},{"event_name":"Beggar","player_choice":"Gave Gold","floor":30,"damage_taken":0},{"event_name":"Mysterious Sphere","player_choice":"Fight","floor":37,"damage_taken":0},{"event_name":"Winding Halls","player_choice":"Embrace Madness","floor":47,"damage_taken":0},{"event_name":"Tomb of Lord Red Mask","player_choice":"Paid","floor":48,"damage_taken":0}],"boss_relics":[{"not_picked":["Runic Cube","Ectoplasm"],"picked":"Astrolabe"},{"not_picked":["Lizard Tail","Snecko Eye"],"picked":"Velvet Choker"}],"potions_floor_spawned":[7,12,27,31,33,35,41],"seed_played":"4135292131723626602","ascension_level":0,"is_trial":false}