{"path_per_floor":["M","M","$","M","M","E","R","?","T","M","R","?","R","?","R","B",null,"M","?","M","M","M","M","M","R","T","$","R","M","M","?","R","B",null,"M","M","M","M","$","R","$","M","T","?","M","T","?","M","R","B"],"character_chosen":"IRONCLAD","items_purchased":["Toxic Egg 2","Spot Weakness","Heavy Blade","Whetstone","Battle Trance","Pen Nib"],"gold_per_floor":[415,429,10,22,34,69,69,69,69,88,88,88,88,38,38,166,166,190,190,206,227,245,261,284,284,308,65,65,79,93,93,93,224,224,243,258,277,291,96,96,96,116,116,116,139,139,139,159,159,159],"floor_reached":51,"campfire_rested":2,"playtime":2515,"current_hp_per_floor":[80,63,63,68,74,77,77,57,57,63,63,51,51,51,75,36,80,78,62,74,74,60,79,42,50,50,50,58,51,57,57,80,75,80,80,80,80,71,71,80,80,80,80,77,77,77,67,77,77,42],"items_purged":["Pain","Defend_R"],"gold":159,"score":505,"play_id":"ae921e4a-8f6b-4c1b-b659-4cd771b582a3","is_prod":false,"is_daily":false,"is_ascension_mode":false,"campfire_upgraded":7,"path_taken":["M","M","$","M","M","E","R","?","T","M","R","?","R","?","R","BOSS","M","?","M","M","M","M","M","R","T","$","R","M","M","?","R","BOSS","M","M","M","M","$","R","$","M","T","?","M","?","?","M","R","BOSS"],"build_version":"2018-02-12-PROD1","purchased_purges":3,"victory":true,"master_deck":["Strike_R","Strike_R+1","Strike_R","Strike_R+1","Defend_R","Defend_R","Defend_R","Bash+1","Thunderclap","Armaments+1","Spot Weakness+1","Heavy Blade+1","Inflame+1","Seeing Red+1","Flame Barrier+1","Sword Boomerang+1","Reaper+1","Metallicize+1","Necronomicurse","Flex+1","True Grit+1","Shrug It Off+1","Uppercut+1","Impervious+1","Battle Trance+1","Madness+1","Madness+1"],"max_hp_per_floor":[80,80,80,80,80,80,80,80,80,80,80,80,80,80,80,80,80,80,80,80,80,80,80,80,80,80,80,80,80,80,80,80,80,80,80,80,80,80,80,80,80,80,80,77,77,77,77,77,77,77],"relics":["Burning Blood","Old Coin","Toxic Egg 2","Dodecahedron","Golden Idol","Bottled Tornado","Orichalcum","Eternal Feather","Necronomicon","Dream Catcher","Whetstone","Cursed Key","Pen Nib","Mummified Hand"],"card_choices":[{"not_picked":["Anger","Pummel"],"picked":"Thunderclap"},{"not_picked":["Body Slam","Twin Strike"],"picked":"Armaments"},{"not_picked":["Uppercut","Cleave"],"picked":"Inflame"},{"not_picked":["Burning Pact","Whirlwind"],"picked":"Seeing Red"},{"not_picked":["Dual Wield","Clothesline"],"picked":"Flame Barrier"},{"not_picked":["Clothesline","Seeing Red"],"picked":"Sword Boomerang"},{"not_picked":["Berserk","Juggernaut"],"picked":"Reaper"},{"not_picked":["Clash","Thunderclap"],"picked":"Metallicize"},{"not_picked":["Disarm","Twin Strike"],"picked":"Flex"},{"not_picked":["Corruption","Disarm"],"picked":"True Grit"},{"not_picked":["Spot Weakness","Flex"],"picked":"Shrug It Off"},{"not_picked":["Clash","Flame Barrier"],"picked":"Uppercut"},{"not_picked":["Fiend Fire","Juggernaut"],"picked":"Impervious"}],"player_experience":32507,"potions_floor_usage":[5,6,6,18,21,22,33,42,45,50,50],"damage_taken":[{"damage":5,"enemies":"2 Louse","floor":1,"turns":2},{"damage":23,"enemies":"Blue Slaver","floor":2,"turns":5},{"damage":1,"enemies":"Jaw Worm","floor":4,"turns":3},{"damage":0,"enemies":"3 Louse","floor":5,"turns":1},{"damage":3,"enemies":"3 Sentries","floor":6,"turns":3},{"damage":0,"enemies":"Looter","floor":10,"turns":2},{"damage":45,"enemies":"Hexaghost","floor":16,"turns":8},{"damage":8,"enemies":"Spheric Guardian","floor":18,"turns":4},{"damage":10,"enemies":"3 Byrds","floor":20,"turns":6},{"damage":6,"enemies":"Snecko","floor":21,"turns":4},{"damage":28,"enemies":"Centurion and Healer","floor":22,"turns":8},{"damage":7,"enemies":"Chosen and Byrds","floor":23,"turns":6},{"damage":43,"enemies":"Slaver and Parasite","floor":24,"turns":5},{"damage":13,"enemies":"Sentry and Sphere","floor":29,"turns":4},{"damage":0,"enemies":"Snake Plant","floor":30,"turns":3},{"damage":11,"enemies":"Champ","floor":33,"turns":7},{"damage":0,"enemies":"3 Shapes","floor":35,"turns":3},{"damage":0,"enemies":"Orb Walker","floor":36,"turns":2},{"damage":8,"enemies":"Sphere and 2 Shapes","floor":37,"turns":4},{"damage":15,"enemies":"Maw","floor":38,"turns":7},{"damage":0,"enemies":"3 Darklings","floor":42,"turns":3},{"damage":8,"enemies":"Sphere and 2 Shapes","floor":45,"turns":4},{"damage":0,"enemies":"Maw","floor":48,"turns":6},{"damage":61,"enemies":"Time Eater","floor":50,"turns":7}],"event_choices":[{"event_name":"Golden Idol","player_choice":"Take Damage","floor":8,"damage_taken":0},{"event_name":"Scrap Ooze","player_choice":"success","floor":12,"damage_taken":12},{"event_name":"The Cleric","player_choice":"Card Removal","floor":14,"damage_taken":0},{"event_name":"Cursed Tome","player_choice":"Obtained Book","floor":19,"damage_taken":0},{"event_name":"Drug Dealer","player_choice":"Ignored","floor":31,"damage_taken":0},{"event_name":"Purifier","player_choice":"One Purge","floor":44,"damage_taken":0},{"event_name":"Winding Halls","player_choice":"Embrace Madness","floor":47,"damage_taken":0}],"boss_relics":[{"not_picked":["Black Star","White Beast Statue"],"picked":"Eternal Feather"},{"not_picked":["Calling Bell","Tiny House"],"picked":"Cursed Key"}],"potions_floor_spawned":[2,4,5,16,18,20,30,36,37,42,45],"seed_played":"-8043725825775651605","ascension_level":0,"is_trial":false}