{"path_per_floor":["M","?","?","?","M","R","E","$","T","R","?","R","E","M","R","B",null,"M","M","M","?","?","R","?","M","T","M","$","R","M","M","R","B",null,"M","?","?","M","M","R","M","R","T","M","R","T","M","M","R"],"character_chosen":"IRONCLAD","items_purchased":["Shrug It Off","Inflame","Lantern","Warcry"],"gold_per_floor":[111,61,61,61,85,85,123,36,116,116,116,116,151,171,171,294,294,294,294,294,219,219,219,219,219,219,219,22,22,22,22,22,22,22,22,22,22,22,22,22,22,22,22,22,22,22,22,22,22],"floor_reached":50,"campfire_rested":2,"playtime":3349,"current_hp_per_floor":[83,83,83,77,80,80,73,73,73,73,73,73,77,79,79,57,86,89,66,71,71,55,81,81,87,87,77,77,77,85,92,92,18,97,93,93,81,96,89,89,90,90,90,89,89,89,89,71,97],"items_purged":[],"gold":22,"score":429,"play_id":"380b3a8b-c4f0-42ea-8dd0-7e4f9f5dc86a","is_prod":false,"is_daily":false,"is_ascension_mode":false,"campfire_upgraded":9,"path_taken":["M","?","?","?","M","R","E","$","T","R","?","R","E","?","R","BOSS","M","M","M","?","?","R","?","M","T","M","$","R","M","M","R","BOSS","M","?","?","M","M","R","?","R","T","M","R","?","M","?","R","BOSS"],"build_version":"2018-02-15-PROD1","purchased_purges":0,"victory":false,"master_deck":["Strike_R","Strike_R","Defend_R","Defend_R","Defend_R","Defend_R","Bash","Feed","Flex+1","Thunderclap+1","Impervious","Shrug It Off+1","Inflame+1","Reaper","Shrug It Off","Wild Strike+1","Fiend Fire","Entrench+1","Pommel Strike+1","Sword Boomerang","Metallicize+1","Intimidate+1","Warcry+1","Seeing Red+1","Exhume","Iron Wave","True Grit+1","Madness","Madness","Warcry","Clothesline+1","Iron Wave+1"],"max_hp_per_floor":[83,83,83,77,80,80,83,83,83,83,83,83,86,86,86,86,86,89,89,89,89,89,89,89,89,89,89,89,89,92,92,92,92,97,97,97,97,97,97,97,97,97,97,97,97,97,97,97,97],"relics":["Burning Blood","Golden Idol","Bottled Lightning","Darkstone Periapt","Charon\u0027s Ashes","Ectoplasm","Enchiridion","Prayer Wheel","Lantern","Tiny House","Tiny Chest","Blue Candle"],"card_choices":[{"not_picked":["Bloodletting","Corruption"],"picked":"Flex"},{"not_picked":["Armaments","Hemokinesis"],"picked":"Thunderclap"},{"not_picked":["Body Slam","Perfected Strike"],"picked":"Impervious"},{"not_picked":["Headbutt","Armaments"],"picked":"Shrug It Off"},{"not_picked":["Dual Wield","Inflame"],"picked":"Wild Strike"},{"not_picked":["Feed","Exhume"],"picked":"Fiend Fire"},{"not_picked":["Wild Strike","Hemokinesis"],"picked":"Entrench"},{"not_picked":["Entrench","Dropkick"],"picked":"Pommel Strike"},{"not_picked":["Spot Weakness","Headbutt"],"picked":"Sword Boomerang"},{"not_picked":["Sword Boomerang","Wild Strike"],"picked":"Intimidate"},{"not_picked":["Shrug It Off","Perfected Strike"],"picked":"Seeing Red"},{"not_picked":["Brutality","Feed"],"picked":"Exhume"},{"not_picked":["Twin Strike","Rupture"],"picked":"Iron Wave"},{"not_picked":["Flex","Burning Pact"],"picked":"True Grit"},{"not_picked":["Infernal Blade","Pummel"],"picked":"Warcry"},{"not_picked":["Juggernaut","Cleave"],"picked":"Clothesline"},{"not_picked":["Corruption","Flex"],"picked":"Iron Wave"}],"player_experience":724557,"potions_floor_usage":[38,39,39,50],"damage_taken":[{"damage":4.0,"enemies":"Small Slimes","floor":1.0,"turns":3.0},{"damage":5.0,"enemies":"Jaw Worm","floor":5.0,"turns":5.0},{"damage":16.0,"enemies":"Lagavulin","floor":7.0,"turns":5.0},{"damage":15.0,"enemies":"Gremlin Nob","floor":13.0,"turns":4.0},{"damage":4.0,"enemies":"Blue Slaver","floor":14.0,"turns":5.0},{"damage":52.0,"enemies":"Hexaghost","floor":16.0,"turns":13.0},{"damage":0.0,"enemies":"Spheric Guardian","floor":18.0,"turns":3.0},{"damage":29.0,"enemies":"Shell Parasite","floor":19.0,"turns":6.0},{"damage":17.0,"enemies":"Cultist and Chosen","floor":20.0,"turns":5.0},{"damage":0.0,"enemies":"Snecko","floor":25.0,"turns":4.0},{"damage":16.0,"enemies":"Centurion and Healer","floor":27.0,"turns":3.0},{"damage":7.0,"enemies":"Chosen and Byrds","floor":30.0,"turns":5.0},{"damage":8.0,"enemies":"3 Cultists","floor":31.0,"turns":6.0},{"damage":89.0,"enemies":"Champ","floor":33.0,"turns":11.0},{"damage":10,"enemies":"Orb Walker","floor":35,"turns":2},{"damage":2,"enemies":"3 Shapes","floor":38,"turns":3},{"damage":13,"enemies":"Sphere and 2 Shapes","floor":39,"turns":5},{"damage":31,"enemies":"4 Shapes","floor":41,"turns":6},{"damage":44,"enemies":"3 Darklings","floor":44,"turns":6},{"damage":6,"enemies":"Maw","floor":47,"turns":8},{"damage":24,"enemies":"4 Shapes","floor":48,"turns":6},{"damage":110,"enemies":"Donu and Deca","floor":50,"turns":10}],"event_choices":[{"event_name":"The Cleric","player_choice":"Card Removal","floor":2.0,"damage_taken":0.0},{"event_name":"The Lab","player_choice":"Got Potions","floor":3.0,"damage_taken":0.0},{"event_name":"Golden Idol","player_choice":"Lose Max HP","floor":4.0,"damage_taken":0.0},{"event_name":"Living Wall","player_choice":"Change","floor":11.0,"damage_taken":0.0},{"event_name":"Beggar","player_choice":"Gave Gold","floor":21.0,"damage_taken":0.0},{"event_name":"Cursed Tome","player_choice":"Obtained Book","floor":22.0,"damage_taken":0.0},{"event_name":"The Library","player_choice":"Read","floor":24.0,"damage_taken":0.0},{"event_name":"The Moai Head","player_choice":"Ignored","floor":36,"damage_taken":0},{"event_name":"Winding Halls","player_choice":"Embrace Madness","floor":37,"damage_taken":0}],"boss_relics":[{"not_picked":["Velvet Choker","White Beast Statue"],"picked":"Tiny House"}],"potions_floor_spawned":[5,14,16,18,30,31,35,38,48],"seed_played":"-8793766088974821219","killed_by":"Donu and Deca","ascension_level":0,"is_trial":false}