{"path_per_floor":["M","?","$","?","M","E","R","?","T","M","M","M","$","M","R","B",null,"M","$","M","?"],"character_chosen":"IRONCLAD","items_purchased":["True Grit","Uppercut","Whetstone","Evolve"],"gold_per_floor":[211,386,179,179,194,234,234,234,234,257,272,291,46,66,66,194,194,212,17,40,40],"floor_reached":22,"campfire_rested":1,"playtime":1279,"current_hp_per_floor":[80,80,80,74,74,38,60,60,74,76,76,73,73,76,76,22,88,78,78,54,54],"items_purged":["Doubt","Normality","Strike_R"],"gold":40,"score":186,"play_id":"fcf78350-904d-4636-9528-b866367b5ba1","is_prod":false,"is_daily":false,"is_ascension_mode":false,"campfire_upgraded":1,"path_taken":["M","?","$","?","M","E","R","?","T","M","?","M","$","M","R","BOSS","M","$","M","?","M"],"build_version":"2018-02-08-PROD1","purchased_purges":5,"victory":false,"master_deck":["Strike_R","Strike_R","Strike_R","Strike_R+1","Defend_R","Defend_R","Defend_R+1","Defend_R","Bash","Warcry","True Grit+1","Uppercut","Hemokinesis","Metallicize","Wild Strike","Immolate+1","Armaments+1","Immolate","Evolve","Shrug It Off"],"max_hp_per_floor":[80,80,80,74,74,74,74,74,88,88,88,88,88,88,88,88,88,88,88,88,88],"relics":["Burning Blood","Golden Idol","Charon\u0027s Ashes","War Paint","Mango","Whetstone","Question Card"],"card_choices":[{"not_picked":["Reckless Charge","Rupture"],"picked":"Warcry"},{"not_picked":["Twin Strike","Clothesline"],"picked":"Hemokinesis"},{"not_picked":["Whirlwind","Second Wind"],"picked":"Metallicize"},{"not_picked":["Power Through","Dual Wield"],"picked":"Wild Strike"},{"not_picked":["Armaments","Perfected Strike"],"picked":"Immolate"},{"not_picked":["Rage","Perfected Strike"],"picked":"Armaments"},{"not_picked":["Exhume","Barricade"],"picked":"Immolate"},{"not_picked":["Inflame","Bloodletting","Clash"],"picked":"Shrug It Off"}],"player_experience":701090,"potions_floor_usage":[11,12,16,18],"damage_taken":[{"damage":5,"enemies":"2 Louse","floor":1,"turns":3},{"damage":3,"enemies":"Small Slimes","floor":5,"turns":4},{"damage":42,"enemies":"Gremlin Nob","floor":6,"turns":5},{"damage":4,"enemies":"Cultist","floor":10,"turns":3},{"damage":6,"enemies":"3 Louse","floor":11,"turns":3},{"damage":9,"enemies":"Exordium Wildlife","floor":12,"turns":6},{"damage":3,"enemies":"Large Slime","floor":14,"turns":3},{"damage":60,"enemies":"The Guardian","floor":16,"turns":12},{"damage":16,"enemies":"3 Byrds","floor":18,"turns":6},{"damage":30,"enemies":"2 Thieves","floor":20,"turns":4},{"damage":46,"enemies":"Cultist and Chosen","floor":22,"turns":7}],"event_choices":[{"event_name":"Liars Game","player_choice":"agreed","floor":2,"damage_taken":0},{"event_name":"Golden Idol","player_choice":"Lose Max HP","floor":4,"damage_taken":0},{"event_name":"Accursed Blacksmith","player_choice":"Rummage","floor":8,"damage_taken":0},{"event_name":"Cursed Tome","player_choice":"Ignored","floor":21,"damage_taken":0}],"boss_relics":[{"not_picked":["Ectoplasm","Runic Pyramid"],"picked":"Question Card"}],"potions_floor_spawned":[1,6,12,16],"seed_played":"8477044914282447739","killed_by":"Cultist and Chosen","ascension_level":0,"is_trial":false}