{"path_per_floor":["M","M","M","?","$","M","E","R","T","M","?","E","M","$","R","B",null,"M","M","?","M","M","R","M","M","T","R","M","M","M","?","R","B",null,"M","$","?","M","M","R","$","R","T","R","M","M","M","M","R"],"character_chosen":"IRONCLAD","items_purchased":["Disarm","Flex","Ornamental Fan","Iron Wave","True Grit"],"gold_per_floor":[115,132,149,149,35,54,81,81,81,98,98,123,137,36,36,135,135,150,167,267,278,296,296,308,320,320,320,331,349,363,363,363,465,465,478,135,135,150,165,165,5,5,5,5,22,37,53,67,67],"floor_reached":50,"campfire_rested":3,"playtime":2923,"current_hp_per_floor":[80,80,80,64,64,67,62,62,62,58,78,50,50,50,74,52,80,67,63,63,54,35,35,34,16,16,40,39,45,37,37,61,8,80,80,80,80,80,72,72,72,72,72,72,68,62,68,71,71],"items_purged":["Strike_R","Strike_R","Rupture","Perfected Strike"],"gold":67,"score":414,"play_id":"b91fe009-50be-488b-b534-7f11ca3036d1","is_prod":false,"is_daily":false,"is_ascension_mode":false,"campfire_upgraded":6,"path_taken":["M","M","M","?","$","M","E","R","T","M","?","E","M","$","R","BOSS","M","?","?","?","M","R","M","M","T","R","M","M","M","?","R","BOSS","M","?","?","M","M","R","$","R","T","R","?","M","M","M","R","BOSS"],"build_version":"2018-02-12-PROD1","purchased_purges":4,"victory":false,"master_deck":["Bash","Pummel","Thunderclap","Sword Boomerang+1","Disarm","Shrug It Off+1","Pommel Strike","Shrug It Off","Wild Strike","Flex","Demon Form","Shrug It Off+1","Ghostly Armor+1","Heavy Blade+1","Battle Trance+1","Twin Strike","Reaper","Shockwave","Flex","Armaments+1","Pommel Strike","Heavy Blade","Inflame+1","Iron Wave","Iron Wave","True Grit+1","Rage+1"],"max_hp_per_floor":[80,80,80,80,80,80,80,80,80,80,80,80,80,80,80,80,80,80,80,80,80,80,80,80,80,80,80,80,80,80,80,80,80,80,80,80,80,80,80,80,80,80,80,80,80,80,80,80,80],"relics":["Burning Blood","Vajra","Blue Candle","Omamori","The Courier","Sozu","Du-Vu Doll","Pandora\u0027s Box","Ornamental Fan","Pen Nib"],"card_choices":[{"not_picked":["Body Slam","Hemokinesis"],"picked":"Pummel"},{"not_picked":["Havoc","Barricade"],"picked":"Thunderclap"},{"not_picked":["Perfected Strike","Fire Breathing"],"picked":"Sword Boomerang"},{"not_picked":["Shockwave","Sentinel"],"picked":"Shrug It Off"},{"not_picked":["Cleave","Havoc"],"picked":"Pommel Strike"},{"not_picked":["Rage","Power Through"],"picked":"Shrug It Off"},{"not_picked":["Reckless Charge","Bloodletting"],"picked":"Wild Strike"},{"not_picked":["Berserk","Double Tap"],"picked":"Demon Form"},{"not_picked":["Uppercut","Sword Boomerang"],"picked":"Shrug It Off"},{"not_picked":["Bloodletting","Headbutt"],"picked":"Ghostly Armor"},{"not_picked":["Flex","Evolve"],"picked":"Heavy Blade"},{"not_picked":["Twin Strike","Armaments"],"picked":"Battle Trance"},{"not_picked":["Reckless Charge","Anger"],"picked":"Twin Strike"},{"not_picked":["Bludgeon","Berserk"],"picked":"Reaper"},{"not_picked":["Body Slam","Clothesline"],"picked":"Inflame"},{"not_picked":["Warcry","Intimidate"],"picked":"Iron Wave"},{"not_picked":["Sword Boomerang","Warcry"],"picked":"Rage"}],"player_experience":561512,"potions_floor_usage":[7,12,16],"damage_taken":[{"damage":5,"enemies":"Small Slimes","floor":1,"turns":3},{"damage":6,"enemies":"Jaw Worm","floor":2,"turns":3},{"damage":0,"enemies":"2 Louse","floor":3,"turns":2},{"damage":3,"enemies":"Looter","floor":6,"turns":3},{"damage":11,"enemies":"3 Sentries","floor":7,"turns":8},{"damage":10,"enemies":"Lots of Slimes","floor":10,"turns":3},{"damage":34,"enemies":"Lagavulin","floor":12,"turns":5},{"damage":6,"enemies":"Red Slaver","floor":13,"turns":2},{"damage":28,"enemies":"Hexaghost","floor":16,"turns":10},{"damage":19,"enemies":"2 Thieves","floor":18,"turns":4},{"damage":10,"enemies":"Shell Parasite","floor":19,"turns":4},{"damage":15,"enemies":"Snecko","floor":21,"turns":4},{"damage":25,"enemies":"3 Cultists","floor":22,"turns":7},{"damage":7,"enemies":"Chosen and Byrds","floor":24,"turns":6},{"damage":24,"enemies":"Sentry and Sphere","floor":25,"turns":6},{"damage":7,"enemies":"Cultist and Chosen","floor":28,"turns":7},{"damage":0,"enemies":"Snecko","floor":29,"turns":3},{"damage":14,"enemies":"Centurion and Healer","floor":30,"turns":5},{"damage":59,"enemies":"Collector","floor":33,"turns":8},{"damage":0,"enemies":"Orb Walker","floor":35,"turns":3},{"damage":20,"enemies":"3 Darklings","floor":38,"turns":5},{"damage":14,"enemies":"4 Shapes","floor":39,"turns":5},{"damage":20,"enemies":"Maw","floor":45,"turns":6},{"damage":24,"enemies":"Sphere and 2 Shapes","floor":46,"turns":7},{"damage":27,"enemies":"4 Shapes","floor":47,"turns":8},{"damage":4,"enemies":"3 Darklings","floor":48,"turns":5},{"damage":58,"enemies":"Time Eater","floor":50,"turns":7}],"event_choices":[{"event_name":"Shining Light","player_choice":"Entered Light","floor":4,"damage_taken":0},{"event_name":"Mushrooms","player_choice":"Healed and dodged fight","floor":11,"damage_taken":0},{"event_name":"Golden Shrine","player_choice":"Pray","floor":20,"damage_taken":0},{"event_name":"The Lab","player_choice":"Got Potions","floor":31,"damage_taken":0},{"event_name":"Winding Halls","player_choice":"Writhe","floor":37,"damage_taken":0}],"boss_relics":[{"not_picked":["Mark of Pain","Runic Cube"],"picked":"Sozu"},{"not_picked":["Cursed Key","Black Star"],"picked":"Pandora\u0027s Box"}],"potions_floor_spawned":[1,6,12,16,21,28,29,30,33,39,46],"seed_played":"-120182831153603411","killed_by":"Time Eater","ascension_level":0,"is_trial":false}