{"path_per_floor":["M","?","M","?","?","E","R","E","T","M","$","M","E","?","R","B",null,"M","M","?","M"],"character_chosen":"IRONCLAD","items_purchased":["Apotheosis"],"gold_per_floor":[112,112,133,133,133,176,176,209,209,222,16,40,79,79,79,210,210,235,249,249,265],"floor_reached":22,"campfire_rested":1,"playtime":1177,"current_hp_per_floor":[80,74,74,74,74,74,74,49,49,52,52,50,32,32,54,54,74,73,63,63,31],"items_purged":[],"gold":265,"score":229,"play_id":"1628d0a7-e27a-4f36-b6c2-5673212a04a1","is_prod":false,"is_daily":false,"is_ascension_mode":false,"campfire_upgraded":1,"path_taken":["M","?","M","?","?","E","R","E","T","M","?","M","E","?","R","BOSS","M","M","?","?","M"],"build_version":"2018-02-08-PROD1","purchased_purges":0,"victory":false,"master_deck":["Strike_R","Strike_R","Defend_R","Defend_R","Defend_R","Bash+1","Dropkick","Clothesline","Combust","Shockwave","Apotheosis","Cleave","Ghostly Armor","Limit Break","True Grit","Iron Wave+1","Power Through+1","Clothesline+1","Shrug It Off","Rupture"],"max_hp_per_floor":[80,74,74,74,74,74,74,74,74,74,74,74,74,74,74,74,74,74,74,74,74],"relics":["Burning Blood","NeowsBlessing","Golden Idol","Torii","Ice Cream","Ginger","Dream Catcher","Astrolabe"],"card_choices":[{"not_picked":["Carnage","Clash"],"picked":"Dropkick"},{"not_picked":["Anger","Twin Strike"],"picked":"Clothesline"},{"not_picked":["Exhume","Anger"],"picked":"Shockwave"},{"not_picked":["Anger","Havoc"],"picked":"Cleave"},{"not_picked":["Spot Weakness","Berserk"],"picked":"Ghostly Armor"},{"not_picked":["Twin Strike","Iron Wave"],"picked":"Shrug It Off"},{"not_picked":["Headbutt","Sword Boomerang"],"picked":"Rupture"}],"player_experience":681205,"potions_floor_usage":[8,13,16,19,22],"damage_taken":[{"damage":0,"enemies":"Jaw Worm","floor":1,"turns":1},{"damage":0,"enemies":"Small Slimes","floor":3,"turns":1},{"damage":0,"enemies":"Gremlin Nob","floor":6,"turns":1},{"damage":31,"enemies":"Lagavulin","floor":8,"turns":6},{"damage":3,"enemies":"Blue Slaver","floor":10,"turns":4},{"damage":8,"enemies":"3 Louse","floor":12,"turns":3},{"damage":24,"enemies":"Gremlin Nob","floor":13,"turns":4},{"damage":6,"enemies":"Slime Boss","floor":16,"turns":7},{"damage":7,"enemies":"3 Byrds","floor":18,"turns":6},{"damage":16,"enemies":"Chosen","floor":19,"turns":5},{"damage":38,"enemies":"Sentry and Sphere","floor":21,"turns":10},{"damage":17,"enemies":"3 Cultists","floor":22,"turns":5}],"event_choices":[{"event_name":"Golden Idol","player_choice":"Lose Max HP","floor":2,"damage_taken":0},{"event_name":"Living Wall","player_choice":"Change","floor":4,"damage_taken":0},{"event_name":"Liars Game","player_choice":"disagreed","floor":5,"damage_taken":0},{"event_name":"Match and Keep!","player_choice":"2 cards matched","floor":14,"damage_taken":0},{"event_name":"The Mausoleum","player_choice":"No","floor":20,"damage_taken":0}],"boss_relics":[{"not_picked":["Black Blood","Lizard Tail"],"picked":"Astrolabe"}],"potions_floor_spawned":[1,3,13,18,21],"seed_played":"-2241955974658187514","killed_by":"3 Cultists","ascension_level":0,"is_trial":false}