{"path_per_floor":["M","M","$","?","?","E","R","E","T","R","M","M","M","$","R","B",null,"M","?","$","M","?","R","M","R","T","E","R","$","M","M","R","B",null,"M","$","M","?","?","M","R","M","T","M","?","M","M","M","R","B"],"character_chosen":"IRONCLAD","items_purchased":["Shrug It Off","Flame Barrier","Armaments","Anchor","Flash of Steel","Bloodletting","Ancient Potion"],"gold_per_floor":[115,133,7,7,7,66,66,93,93,93,106,122,141,14,14,114,114,132,332,255,266,266,266,277,277,302,329,329,38,51,65,65,168,168,182,94,111,111,161,181,181,198,198,209,209,222,236,247,247,247],"floor_reached":51,"campfire_rested":2,"playtime":4019,"current_hp_per_floor":[80,80,80,55,55,43,67,42,42,42,49,47,53,53,53,25,80,80,80,80,80,80,80,71,71,71,59,59,59,49,55,79,80,80,80,80,79,79,80,80,80,80,80,55,55,58,61,67,67,20],"items_purged":["Strike_R","Corruption","Strike_R","Strike_R"],"gold":247,"score":481,"play_id":"0fed9742-0788-4018-978b-f177227f8ae5","is_prod":false,"is_daily":false,"is_ascension_mode":false,"campfire_upgraded":6,"path_taken":["M","M","$","?","?","E","R","E","T","R","M","?","M","$","R","BOSS","M","?","$","?","?","R","M","R","T","E","R","$","M","M","R","BOSS","M","$","M","?","?","M","R","M","T","M","?","M","M","M","R","BOSS"],"build_version":"2018-02-08-PROD1","purchased_purges":7,"victory":true,"master_deck":["Defend_R","Defend_R","Defend_R","Defend_R","Bash","Body Slam+1","Shrug It Off","Iron Wave","Iron Wave","Offering","Cleave","Body Slam+1","Flame Barrier+1","Barricade+1","True Grit+1","Armaments+1","Shrug It Off+1","Juggernaut+1","Flash of Steel","Shrug It Off","Impervious","Bloodletting","Battle Trance+1","Body Slam"],"max_hp_per_floor":[80,80,80,80,80,80,80,80,80,80,80,80,80,80,80,80,80,80,80,80,80,80,80,80,80,80,80,80,80,80,80,80,80,80,80,80,80,80,80,80,80,80,80,80,80,80,80,80,80,80],"relics":["Burning Blood","Oddly Smooth Stone","Smiling Mask","Tiny Chest","Toolbox","Peace Pipe","White Beast Statue","Happy Flower","Orichalcum","Anchor","Question Card","Bird Faced Urn","Dead Branch"],"card_choices":[{"not_picked":["Rage","Flex"],"picked":"Body Slam"},{"not_picked":["Clothesline","Warcry"],"picked":"Inflame"},{"not_picked":["Headbutt","Dropkick"],"picked":"Iron Wave"},{"not_picked":["Searing Blow","Inflame"],"picked":"Iron Wave"},{"not_picked":["Pummel","Body Slam"],"picked":"Offering"},{"not_picked":["Headbutt","Havoc"],"picked":"Cleave"},{"not_picked":["Thunderclap","Anger"],"picked":"Body Slam"},{"not_picked":["Dark Embrace","Limit Break"],"picked":"Barricade"},{"not_picked":["Twin Strike","Spot Weakness"],"picked":"True Grit"},{"not_picked":["Perfected Strike","Reckless Charge"],"picked":"Shrug It Off"},{"not_picked":["Warcry","Wild Strike"],"picked":"Shrug It Off"},{"not_picked":["Barricade","Dark Embrace"],"picked":"Impervious"},{"not_picked":["Thunderclap","Carnage","Dark Embrace"],"picked":"Battle Trance"},{"not_picked":["Cleave","Anger","Flame Barrier"],"picked":"Body Slam"}],"player_experience":692808,"potions_floor_usage":[46,46,47,50,50],"damage_taken":[{"damage":0.0,"enemies":"Small Slimes","floor":1.0,"turns":3.0},{"damage":3.0,"enemies":"Cultist","floor":2.0,"turns":4.0},{"damage":18.0,"enemies":"3 Sentries","floor":6.0,"turns":10.0},{"damage":31.0,"enemies":"Lagavulin","floor":8.0,"turns":7.0},{"damage":3.0,"enemies":"Blue Slaver","floor":11.0,"turns":3.0},{"damage":8.0,"enemies":"Large Slime","floor":12.0,"turns":7.0},{"damage":4.0,"enemies":"Looter","floor":13.0,"turns":3.0},{"damage":34.0,"enemies":"The Guardian","floor":16.0,"turns":13.0},{"damage":4.0,"enemies":"Shell Parasite","floor":18.0,"turns":5.0},{"damage":0.0,"enemies":"Chosen","floor":21.0,"turns":2.0},{"damage":15.0,"enemies":"Snake Plant","floor":24.0,"turns":4.0},{"damage":18.0,"enemies":"Slavers","floor":27.0,"turns":5.0},{"damage":16.0,"enemies":"3 Cultists","floor":30.0,"turns":6.0},{"damage":4.0,"enemies":"Slaver and Parasite","floor":31.0,"turns":5.0},{"damage":4.0,"enemies":"Champ","floor":33.0,"turns":9.0},{"damage":4.0,"enemies":"3 Shapes","floor":35.0,"turns":5.0},{"damage":7.0,"enemies":"Orb Walker","floor":37.0,"turns":3.0},{"damage":7.0,"enemies":"Mysterious Sphere","floor":39.0,"turns":6.0},{"damage":4.0,"enemies":"4 Shapes","floor":40.0,"turns":6.0},{"damage":7.0,"enemies":"Maw","floor":42.0,"turns":7.0},{"damage":33.0,"enemies":"3 Darklings","floor":44.0,"turns":5.0},{"damage":9,"enemies":"Sphere and 2 Shapes","floor":46,"turns":6},{"damage":22,"enemies":"4 Shapes","floor":47,"turns":6},{"damage":4,"enemies":"Maw","floor":48,"turns":7},{"damage":57,"enemies":"Time Eater","floor":50,"turns":12}],"event_choices":[{"event_name":"Scrap Ooze","player_choice":"success","floor":4.0,"damage_taken":25.0},{"event_name":"Living Wall","player_choice":"Change","floor":5.0,"damage_taken":0.0},{"event_name":"Wheel of Change","player_choice":"Gold","floor":19.0,"damage_taken":0.0},{"event_name":"The Library","player_choice":"Read","floor":22.0,"damage_taken":0.0},{"event_name":"Tomb of Lord Red Mask","player_choice":"Ignored","floor":38.0,"damage_taken":0.0},{"event_name":"Mysterious Sphere","player_choice":"Fight","floor":39.0,"damage_taken":0.0}],"boss_relics":[],"potions_floor_spawned":[1,6,12,16,18,21,24,27,30,31,33,35,37,39,40,42,44,46,47,48],"seed_played":"-4305691785194211035","ascension_level":0,"is_trial":false}