{"path_per_floor":["M","M","$","M","M","R","M","E","T","M","R","?","R","E","R","B",null,"M","?","M","?","M","R","$","M","T","R","M","?","M","M","R","B",null,"M","?","?","?","M","R","M","R","T","$","?","M","R","M","R","B"],"character_chosen":"IRONCLAD","items_purchased":["Rupture","Pommel Strike","Omamori","Calipers"],"gold_per_floor":[110,120,22,36,56,56,67,99,99,110,110,110,110,139,139,239,239,251,251,267,192,205,205,60,76,76,76,89,89,99,109,109,210,210,230,281,281,281,299,299,311,311,360,52,52,64,64,75,75,75],"floor_reached":51,"campfire_rested":3,"playtime":2810,"current_hp_per_floor":[73,75,75,80,80,80,80,76,76,74,74,67,67,44,68,45,80,80,65,59,59,52,77,77,61,61,61,63,63,68,69,69,61,85,84,76,65,65,58,58,68,68,68,68,68,69,69,66,87,60],"items_purged":["Strike_R"],"gold":75,"score":486,"play_id":"a0635071-1e5b-4e08-99c6-2fef52c4d0af","is_prod":false,"is_daily":false,"is_ascension_mode":false,"campfire_upgraded":8,"path_taken":["M","M","$","M","M","R","M","E","T","?","R","?","R","E","R","BOSS","M","?","M","?","M","R","$","?","T","R","M","?","M","M","R","BOSS","M","?","?","?","M","R","?","R","T","$","?","M","R","M","R","BOSS"],"build_version":"2018-02-12-PROD1","purchased_purges":1,"victory":true,"master_deck":["Strike_R","Strike_R","Defend_R","Defend_R","Defend_R","Defend_R","Bash","Offering","Cleave","Rupture","Pommel Strike+1","Clothesline","Flex+1","Disarm+1","Headbutt","Blood for Blood+1","Warcry","Double Tap+1","Hemokinesis+1","Combust+1","Shrug It Off+1","Reaper","Intimidate+1","Madness","Madness","Limit Break+1","Shrug It Off+1"],"max_hp_per_floor":[80,80,80,80,80,80,80,80,80,80,80,80,80,80,80,80,80,80,85,85,85,85,85,85,85,85,85,85,85,85,85,85,85,85,85,85,85,85,85,85,85,85,85,85,85,85,85,87,87,87],"relics":["Black Blood","Oddly Smooth Stone","Vajra","Bag of Marbles","Shuriken","Self Forming Clay","Cursed Key","Omamori","The Courier","Torii","Singing Bowl","Calipers"],"card_choices":[{"not_picked":["Shrug It Off","Thunderclap"],"picked":"Offering"},{"not_picked":["Headbutt","Twin Strike"],"picked":"Cleave"},{"not_picked":["Cleave","Twin Strike"],"picked":"Clothesline"},{"not_picked":["Anger","Havoc"],"picked":"Flex"},{"not_picked":["Rage","Uppercut"],"picked":"Disarm"},{"not_picked":["Blood for Blood","Flex"],"picked":"Headbutt"},{"not_picked":["Perfected Strike","Feel No Pain"],"picked":"Blood for Blood"},{"not_picked":["Spot Weakness","Juggernaut"],"picked":"Warcry"},{"not_picked":["Demon Form","Bludgeon"],"picked":"Double Tap"},{"not_picked":["Body Slam","Warcry"],"picked":"Hemokinesis"},{"not_picked":["Perfected Strike","Havoc"],"picked":"Combust"},{"not_picked":["Disarm","Twin Strike"],"picked":"Shrug It Off"},{"not_picked":["Feed","Barricade"],"picked":"Reaper"},{"not_picked":["Pommel Strike","Clothesline"],"picked":"Intimidate"},{"not_picked":["Rampage","Perfected Strike"],"picked":"Limit Break"},{"not_picked":["Heavy Blade","Seeing Red"],"picked":"Shrug It Off"}],"player_experience":546283,"potions_floor_usage":[50,50],"damage_taken":[{"damage":13.0,"enemies":"Blue Slaver","floor":1.0,"turns":5.0},{"damage":4.0,"enemies":"Jaw Worm","floor":2.0,"turns":5.0},{"damage":0.0,"enemies":"2 Louse","floor":4.0,"turns":2.0},{"damage":4.0,"enemies":"Exordium Wildlife","floor":5.0,"turns":3.0},{"damage":0.0,"enemies":"Large Slime","floor":7.0,"turns":4.0},{"damage":10.0,"enemies":"3 Sentries","floor":8.0,"turns":6.0},{"damage":11.0,"enemies":"Exordium Thugs","floor":10.0,"turns":2.0},{"damage":29.0,"enemies":"Lagavulin","floor":14.0,"turns":4.0},{"damage":29.0,"enemies":"Hexaghost","floor":16.0,"turns":8.0},{"damage":4.0,"enemies":"Chosen","floor":18.0,"turns":2.0},{"damage":12.0,"enemies":"2 Thieves","floor":20.0,"turns":2.0},{"damage":13.0,"enemies":"Centurion and Healer","floor":22.0,"turns":3.0},{"damage":22.0,"enemies":"Slaver and Parasite","floor":25.0,"turns":4.0},{"damage":4.0,"enemies":"Cultist and Chosen","floor":28.0,"turns":5.0},{"damage":1.0,"enemies":"Snecko","floor":30.0,"turns":2.0},{"damage":5.0,"enemies":"3 Cultists","floor":31.0,"turns":4.0},{"damage":14.0,"enemies":"Automaton","floor":33.0,"turns":6.0},{"damage":11.0,"enemies":"Orb Walker","floor":35.0,"turns":2.0},{"damage":25.0,"enemies":"Mysterious Sphere","floor":36.0,"turns":4.0},{"damage":27.0,"enemies":"3 Darklings","floor":39.0,"turns":4.0},{"damage":13.0,"enemies":"Maw","floor":41.0,"turns":6.0},{"damage":21,"enemies":"Sphere and 2 Shapes","floor":46,"turns":6},{"damage":15,"enemies":"3 Darklings","floor":48,"turns":3},{"damage":37,"enemies":"Time Eater","floor":50,"turns":10}],"event_choices":[{"event_name":"Scrap Ooze","player_choice":"success","floor":12.0,"damage_taken":7.0},{"event_name":"Forgotten Altar","player_choice":"Shed Blood","floor":19.0,"damage_taken":0.0},{"event_name":"Beggar","player_choice":"Gave Gold","floor":21.0,"damage_taken":0.0},{"event_name":"The Lab","player_choice":"Got Potions","floor":29.0,"damage_taken":0.0},{"event_name":"Mysterious Sphere","player_choice":"Fight","floor":36.0,"damage_taken":0.0},{"event_name":"Winding Halls","player_choice":"Embrace Madness","floor":37.0,"damage_taken":0.0},{"event_name":"Tomb of Lord Red Mask","player_choice":"Ignored","floor":38.0,"damage_taken":0.0}],"boss_relics":[],"potions_floor_spawned":[1,8,14,25,28,31,36,46,48],"seed_played":"-6251097104641302257","ascension_level":0,"is_trial":false}