{"path_per_floor":["M","?","?","$","M","E","R","?","T","E","?","$","R","?","R","B",null,"M","M","$","M","?","R","E","R","T","$","M","?","R","$","R","B",null,"M","M","M","M","$","R","M","R","T","T","E","R","T","T","R","B"],"character_chosen":"IRONCLAD","items_purchased":["Metallicize","Inflame","Shrug It Off","Reaper","Ancient Tea Set"],"gold_per_floor":[113,113,188,35,47,73,73,73,127,158,333,132,132,82,82,181,181,196,208,208,224,224,224,258,258,312,18,31,31,31,31,31,128,158,170,182,194,213,88,88,101,101,149,173,201,201,201,201,201,201],"floor_reached":51,"campfire_rested":3,"playtime":3270,"current_hp_per_floor":[80,80,69,69,75,80,80,68,68,71,71,71,71,71,71,63,80,76,73,73,70,70,70,44,44,44,44,41,26,66,66,85,79,90,79,77,90,90,90,90,90,90,90,90,63,90,90,90,90,57],"items_purged":["Regret","Doubt","Rage"],"gold":201,"score":572,"play_id":"0b51b325-a557-4dd9-83bf-06d2d9847944","is_prod":false,"is_daily":false,"is_ascension_mode":false,"campfire_upgraded":8,"path_taken":["M","?","?","$","?","E","R","?","T","E","?","$","R","?","R","BOSS","M","M","$","M","?","R","E","R","T","?","M","?","R","$","R","BOSS","M","M","M","?","$","R","M","R","T","?","E","R","?","?","R","BOSS"],"build_version":"2018-02-22-PROD1","purchased_purges":4,"victory":true,"master_deck":["Strike_R","Strike_R+1","Defend_R","Defend_R","Defend_R","Bash","Armaments+1","Metallicize+1","Flex+1","Battle Trance","Offering","Inflame+1","Shrug It Off","Double Tap+1","Pommel Strike+1","Thunderclap+1","Iron Wave+1","Spot Weakness","Rupture+1","Shockwave+1","Reaper","Hemokinesis","Body Slam+1","Reaper","Whirlwind+1","Shrug It Off+1","Heavy Blade+1","Limit Break+1","Shrug It Off+1"],"max_hp_per_floor":[80,80,80,80,80,80,80,80,80,80,80,80,80,80,80,80,80,80,80,80,80,80,80,80,80,80,80,80,85,85,85,85,85,90,90,90,90,90,90,90,90,90,90,90,90,90,90,90,90,90],"relics":["Burning Blood","NeowsBlessing","Regal Pillow","Pen Nib","Happy Flower","Dream Catcher","Orichalcum","Astrolabe","Bottled Tornado","Tiny Chest","Ancient Tea Set","Tiny House","Omamori","Vajra","Meat on the Bone","Torii","Smiling Mask"],"card_choices":[{"not_picked":["Clash","Dropkick"],"picked":"Armaments"},{"not_picked":["Clothesline","Clash"],"picked":"Flex"},{"not_picked":["Hemokinesis","Armaments"],"picked":"Battle Trance"},{"not_picked":["Cleave","Shockwave"],"picked":"Offering"},{"not_picked":["Exhume","Fiend Fire"],"picked":"Double Tap"},{"not_picked":["Dual Wield","Fire Breathing"],"picked":"Iron Wave"},{"not_picked":["Wild Strike","Sword Boomerang"],"picked":"Spot Weakness"},{"not_picked":["Second Wind","Shrug It Off"],"picked":"Rupture"},{"not_picked":["Corruption","Clothesline"],"picked":"Shockwave"},{"not_picked":["Headbutt","Flex"],"picked":"Hemokinesis"},{"not_picked":["Infernal Blade","Power Through"],"picked":"Body Slam"},{"not_picked":["Fiend Fire","Offering"],"picked":"Reaper"},{"not_picked":["Clash","True Grit"],"picked":"Whirlwind"},{"not_picked":["Sword Boomerang","Metallicize"],"picked":"Shrug It Off"},{"not_picked":["Intimidate","Searing Blow"],"picked":"Heavy Blade"},{"not_picked":["Headbutt","Searing Blow"],"picked":"Limit Break"},{"not_picked":["Pommel Strike","Sword Boomerang"],"picked":"Shrug It Off"}],"player_experience":760891,"potions_floor_usage":[18,21,24,33,38,50,50,50],"damage_taken":[{"damage":0,"enemies":"Small Slimes","floor":1,"turns":1},{"damage":0,"enemies":"Jaw Worm","floor":5,"turns":1},{"damage":0,"enemies":"Lagavulin","floor":6,"turns":1},{"damage":3,"enemies":"3 Sentries","floor":10,"turns":9},{"damage":14,"enemies":"The Guardian","floor":16,"turns":9},{"damage":10,"enemies":"2 Thieves","floor":18,"turns":3},{"damage":9,"enemies":"Shell Parasite","floor":19,"turns":4},{"damage":9,"enemies":"Snake Plant","floor":21,"turns":5},{"damage":32,"enemies":"Book of Stabbing","floor":24,"turns":6},{"damage":9,"enemies":"Sentry and Sphere","floor":28,"turns":5},{"damage":25,"enemies":"Champ","floor":33,"turns":7},{"damage":27,"enemies":"3 Shapes","floor":35,"turns":5},{"damage":8,"enemies":"3 Darklings","floor":36,"turns":2},{"damage":42,"enemies":"4 Shapes","floor":37,"turns":5},{"damage":18,"enemies":"Maw","floor":38,"turns":5},{"damage":4,"enemies":"3 Darklings","floor":41,"turns":2},{"damage":33,"enemies":"Giant Head","floor":45,"turns":6},{"damage":51,"enemies":"Time Eater","floor":50,"turns":8}],"event_choices":[{"event_name":"Big Fish","player_choice":"Box","floor":2,"damage_taken":0},{"event_name":"World of Goop","player_choice":"Gather Gold","floor":3,"damage_taken":0},{"event_name":"Scrap Ooze","player_choice":"success","floor":8,"damage_taken":12},{"event_name":"Liars Game","player_choice":"agreed","floor":11,"damage_taken":0},{"event_name":"The Cleric","player_choice":"Card Removal","floor":14,"damage_taken":0},{"event_name":"Vampires","player_choice":"Ignored","floor":22,"damage_taken":0},{"event_name":"Forgotten Altar","player_choice":"Shed Blood","floor":29,"damage_taken":0}],"boss_relics":[{"not_picked":["Snecko Eye","Black Blood"],"picked":"Astrolabe"},{"not_picked":["Question Card","Eternal Feather"],"picked":"Tiny House"}],"potions_floor_spawned":[6,10,16,24,33,37,38,45],"seed_played":"-212071558710826484","ascension_level":0,"is_trial":false}