{"path_per_floor":["M","M","M","$","?","R","E","M","T","$","R","M","R","M","R","B",null,"M","M","?","$","?","R","E","R","T","R","?","T","?","M","R","B",null,"M","?","M","?","$","M","R","?","T","M","M","M","T","M","R"],"character_chosen":"IRONCLAD","items_purchased":["Shuriken","Flex","Shrug It Off","Dramatic Entrance","Intimidate","Finesse"],"gold_per_floor":[360,379,397,30,130,130,165,175,175,28,28,39,39,58,58,153,153,172,187,87,87,87,87,119,119,119,119,119,119,209,221,221,325,325,336,336,347,347,80,92,92,0,27,42,61,80,80,96,96],"floor_reached":50,"campfire_rested":4,"playtime":3016,"current_hp_per_floor":[80,80,80,80,80,80,72,77,77,77,77,74,74,80,80,69,80,79,80,80,80,80,80,28,52,52,52,52,52,36,39,63,47,80,80,70,69,69,69,34,58,58,58,46,44,41,41,20,44],"items_purged":["Injury","Strike_R"],"gold":96,"score":412,"play_id":"9cc4f2b9-9072-4316-a095-b514a722c632","is_prod":false,"is_daily":false,"is_ascension_mode":false,"campfire_upgraded":6,"path_taken":["M","M","M","$","?","R","E","?","T","$","R","M","R","M","R","BOSS","M","M","?","$","?","R","E","R","T","R","?","?","?","M","R","BOSS","M","?","M","?","$","M","R","?","T","?","M","M","?","?","R","BOSS"],"build_version":"2018-02-15-PROD1","purchased_purges":2,"victory":false,"master_deck":["Strike_R","Strike_R","Strike_R","Strike_R","Defend_R","Defend_R","Defend_R","Defend_R","Bash","Clothesline","Body Slam+1","Double Tap+1","Flex","Metallicize","Spot Weakness","Shrug It Off+1","Dramatic Entrance","Sword Boomerang+1","Limit Break+1","Wild Strike+1","Battle Trance","J.A.X.","Metallicize","Armaments","Heavy Blade+1","Madness","Madness","True Grit+1","Intimidate","Finesse","Disarm+1","Heavy Blade","Shrug It Off","Ghostly Armor"],"max_hp_per_floor":[80,80,80,80,80,80,80,80,80,80,80,80,80,80,80,80,80,80,80,80,80,80,80,80,80,80,80,80,80,80,80,80,80,80,80,80,80,80,80,80,80,80,80,80,80,80,80,80,80],"relics":["Burning Blood","Shuriken","Letter Opener","Bottled Tornado","Sozu","Prayer Wheel","Ice Cream","Vajra","Question Card","Red Mask","Dream Catcher","Ornamental Fan"],"card_choices":[{"not_picked":["Sword Boomerang","Sever Soul"],"picked":"Clothesline"},{"not_picked":["Twin Strike","Sentinel"],"picked":"Body Slam"},{"not_picked":["Twin Strike","Heavy Blade"],"picked":"Double Tap"},{"not_picked":["Carnage","Body Slam"],"picked":"Metallicize"},{"not_picked":["Second Wind","Body Slam"],"picked":"Spot Weakness"},{"not_picked":["Searing Blow","Heavy Blade"],"picked":"Sword Boomerang"},{"not_picked":["Juggernaut","Fiend Fire"],"picked":"Limit Break"},{"not_picked":["Heavy Blade","Clothesline"],"picked":"Wild Strike"},{"not_picked":["Dual Wield","Ghostly Armor"],"picked":"Battle Trance"},{"not_picked":["Rage","Anger"],"picked":"Metallicize"},{"not_picked":["Sword Boomerang","Perfected Strike"],"picked":"Armaments"},{"not_picked":["Clash","Corruption","Havoc"],"picked":"Heavy Blade"},{"not_picked":["Hemokinesis","Carnage","Perfected Strike"],"picked":"True Grit"},{"not_picked":["Juggernaut","True Grit","Heavy Blade"],"picked":"Disarm"},{"not_picked":["Combust","Thunderclap","Immolate"],"picked":"Heavy Blade"},{"not_picked":["Iron Wave","Wild Strike","Armaments"],"picked":"Shrug It Off"},{"not_picked":["Sword Boomerang","True Grit","Clothesline"],"picked":"Ghostly Armor"}],"player_experience":734939,"potions_floor_usage":[8,16,16],"damage_taken":[{"damage":1,"enemies":"2 Louse","floor":1,"turns":4},{"damage":2,"enemies":"Cultist","floor":2,"turns":4},{"damage":5,"enemies":"Jaw Worm","floor":3,"turns":5},{"damage":14,"enemies":"3 Sentries","floor":7,"turns":7},{"damage":1,"enemies":"Gremlin Gang","floor":8,"turns":4},{"damage":9,"enemies":"Looter","floor":12,"turns":3},{"damage":0,"enemies":"2 Fungi Beasts","floor":14,"turns":2},{"damage":32,"enemies":"Hexaghost","floor":16,"turns":9},{"damage":7,"enemies":"Shell Parasite","floor":18,"turns":4},{"damage":0,"enemies":"Chosen","floor":19,"turns":4},{"damage":58,"enemies":"Slavers","floor":24,"turns":4},{"damage":3,"enemies":"3 Cultists","floor":31,"turns":3},{"damage":22,"enemies":"Champ","floor":33,"turns":6},{"damage":5,"enemies":"Orb Walker","floor":35,"turns":3},{"damage":7,"enemies":"3 Shapes","floor":37,"turns":4},{"damage":41,"enemies":"Sphere and 2 Shapes","floor":40,"turns":5},{"damage":18,"enemies":"Maw","floor":44,"turns":7},{"damage":8,"enemies":"3 Darklings","floor":45,"turns":4},{"damage":9,"enemies":"Sphere and 2 Shapes","floor":46,"turns":4},{"damage":27,"enemies":"Maw","floor":48,"turns":7},{"damage":30,"enemies":"Donu and Deca","floor":50,"turns":4}],"event_choices":[{"event_name":"Golden Shrine","player_choice":"Pray","floor":5,"damage_taken":0},{"event_name":"Drug Dealer","player_choice":"Got JAXXED","floor":20,"damage_taken":0},{"event_name":"Addict","player_choice":"Ignored","floor":22,"damage_taken":0},{"event_name":"Cursed Tome","player_choice":"Ignored","floor":28,"damage_taken":0},{"event_name":"Knowing Skull","player_choice":"GOLD ","floor":30,"damage_taken":0},{"event_name":"Winding Halls","player_choice":"Embrace Madness","floor":36,"damage_taken":0},{"event_name":"Mysterious Sphere","player_choice":"Ignore","floor":38,"damage_taken":0},{"event_name":"Tomb of Lord Red Mask","player_choice":"Paid","floor":42,"damage_taken":0}],"boss_relics":[{"not_picked":["Pandora\u0027s Box","Velvet Choker"],"picked":"Sozu"},{"not_picked":["Black Star","White Beast Statue"],"picked":"Question Card"}],"potions_floor_spawned":[2,7,12,16,18,33,45,46,48],"seed_played":"6129636329213866356","killed_by":"Donu and Deca","ascension_level":0,"is_trial":false}