{"path_per_floor":["M","?","M","M","M","E","R","E","T","$","M","M","M","?","R","B",null,"M","M","M","$","?","R","E","M","T","M","M","R","M","M","R","B",null,"M","$","M","?","M","R","E","R","T","M","?","M","R","M","R","B"],"character_chosen":"IRONCLAD","items_purchased":["Offering","Blind","Impervious","Body Slam"],"gold_per_floor":[111,111,122,142,154,179,179,211,265,7,17,29,43,43,43,138,138,158,174,188,33,33,33,62,74,74,85,99,99,112,122,122,218,218,235,119,133,133,152,152,179,179,179,189,0,18,18,32,32,32],"floor_reached":51,"campfire_rested":1,"playtime":3969,"current_hp_per_floor":[80,73,74,80,70,61,61,61,61,61,63,68,74,74,74,47,80,80,70,50,50,50,74,69,71,71,80,74,74,80,79,79,47,80,80,80,63,80,80,80,79,79,79,74,74,65,65,72,72,37],"items_purged":["Bloodletting","Wild Strike"],"gold":32,"score":517,"play_id":"5befe04b-c39a-4589-af19-ba55fb0941ee","is_prod":false,"is_daily":false,"is_ascension_mode":false,"campfire_upgraded":6,"path_taken":["M","?","?","?","M","E","R","E","T","$","M","M","M","?","R","BOSS","M","M","M","$","?","R","E","?","T","M","M","R","?","?","R","BOSS","M","$","M","?","M","R","E","R","T","M","?","M","R","?","R","BOSS"],"build_version":"2018-02-22-PROD2","purchased_purges":3,"victory":true,"master_deck":["Strike_R","Strike_R","Strike_R","Defend_R","Defend_R","Bash+1","Shrug It Off","Thunderclap","Flame Barrier+1","Armaments+1","Inflame+1","Offering","Blind","Warcry","Barricade+1","Thunderclap+1","Bloodletting+1","Reaper+1","True Grit+1","Sword Boomerang+1","Impervious","Disarm","Sentinel+1","Shrug It Off+1","Body Slam+1","Body Slam+1","Iron Wave+1"],"max_hp_per_floor":[80,80,80,80,80,80,80,80,80,80,80,80,80,80,80,80,80,80,80,80,80,80,80,80,80,80,80,80,80,80,80,80,80,80,80,80,80,80,80,80,80,80,80,80,80,80,80,80,80,80],"relics":["Burning Blood","Gambling Chip","Sundial","Omamori","Astrolabe","The Courier","Charon\u0027s Ashes","Ice Cream","Mark of Pain","Girya","Du-Vu Doll","Red Mask"],"card_choices":[{"not_picked":["Twin Strike","Pommel Strike"],"picked":"Shrug It Off"},{"not_picked":["Cleave","Body Slam"],"picked":"Thunderclap"},{"not_picked":["True Grit","Searing Blow"],"picked":"Flame Barrier"},{"not_picked":["Cleave","Sword Boomerang"],"picked":"Armaments"},{"not_picked":["Limit Break","Clothesline"],"picked":"Wild Strike"},{"not_picked":["Carnage","Twin Strike"],"picked":"Inflame"},{"not_picked":["Sword Boomerang","Thunderclap"],"picked":"Bloodletting"},{"not_picked":["Iron Wave","Perfected Strike"],"picked":"Warcry"},{"not_picked":["Brutality","Exhume"],"picked":"Barricade"},{"not_picked":["Spot Weakness","Armaments"],"picked":"True Grit"},{"not_picked":["Warcry","Blood for Blood"],"picked":"Sword Boomerang"},{"not_picked":["Flex","Impervious"],"picked":"Disarm"},{"not_picked":["Wild Strike","Bloodletting"],"picked":"Sentinel"},{"not_picked":["Sword Boomerang","Second Wind"],"picked":"Shrug It Off"},{"not_picked":["Metallicize","Clash"],"picked":"Body Slam"},{"not_picked":["Carnage","Anger"],"picked":"Iron Wave"}],"player_experience":786788,"potions_floor_usage":[44,50],"damage_taken":[{"damage":5.0,"enemies":"Jaw Worm","floor":1.0,"turns":4.0},{"damage":5.0,"enemies":"Small Slimes","floor":3.0,"turns":4.0},{"damage":0.0,"enemies":"2 Louse","floor":4.0,"turns":3.0},{"damage":16.0,"enemies":"Red Slaver","floor":5.0,"turns":4.0},{"damage":15.0,"enemies":"Gremlin Nob","floor":6.0,"turns":4.0},{"damage":6.0,"enemies":"3 Sentries","floor":8.0,"turns":4.0},{"damage":4.0,"enemies":"Lots of Slimes","floor":11.0,"turns":2.0},{"damage":1.0,"enemies":"3 Louse","floor":12.0,"turns":3.0},{"damage":0.0,"enemies":"Large Slime","floor":13.0,"turns":6.0},{"damage":33.0,"enemies":"The Guardian","floor":16.0,"turns":12.0},{"damage":4.0,"enemies":"3 Byrds","floor":18.0,"turns":2.0},{"damage":16.0,"enemies":"Shell Parasite","floor":19.0,"turns":5.0},{"damage":38.0,"enemies":"Snecko","floor":20.0,"turns":9.0},{"damage":18.0,"enemies":"Book of Stabbing","floor":24.0,"turns":7.0},{"damage":18.0,"enemies":"Centurion and Healer","floor":25.0,"turns":11.0},{"damage":10.0,"enemies":"3 Cultists","floor":27.0,"turns":5.0},{"damage":23.0,"enemies":"Slaver and Parasite","floor":28.0,"turns":5.0},{"damage":7.0,"enemies":"Centurion and Healer","floor":30.0,"turns":6.0},{"damage":7.0,"enemies":"Snake Plant","floor":31.0,"turns":6.0},{"damage":53.0,"enemies":"Champ","floor":33.0,"turns":14.0},{"damage":4.0,"enemies":"Orb Walker","floor":35.0,"turns":3.0},{"damage":25.0,"enemies":"3 Darklings","floor":37.0,"turns":4.0},{"damage":17.0,"enemies":"Maw","floor":39.0,"turns":9.0},{"damage":7,"enemies":"Nemesis","floor":41,"turns":7},{"damage":19,"enemies":"Sphere and 2 Shapes","floor":44,"turns":5},{"damage":15,"enemies":"4 Shapes","floor":46,"turns":5},{"damage":8,"enemies":"Maw","floor":48,"turns":9},{"damage":50,"enemies":"Awakened One","floor":50,"turns":17}],"event_choices":[{"event_name":"Golden Wing","player_choice":"Card Removal","floor":2.0,"damage_taken":0.0},{"event_name":"The Cleric","player_choice":"Leave","floor":14.0,"damage_taken":0.0},{"event_name":"The Mausoleum","player_choice":"Yes","floor":22.0,"damage_taken":0.0},{"event_name":"Winding Halls","player_choice":"Writhe","floor":38.0,"damage_taken":0.0},{"event_name":"Tomb of Lord Red Mask","player_choice":"Paid","floor":45,"damage_taken":0}],"boss_relics":[],"potions_floor_spawned":[3,5,12,20,24,25,35,41,44],"seed_played":"4089026265073393048","ascension_level":0,"is_trial":false}