{"path_per_floor":["M","M","M","M","$","R","E","R","T","R","M","$","?","M","R","B",null,"M","$","M","M","$","R","?","R","T","T","M","R","M","M","R"],"character_chosen":"IRONCLAD","items_purchased":["Vajra","Perfected Strike","Swift Strike"],"gold_per_floor":[111,130,149,161,17,17,51,51,51,51,67,67,67,80,80,176,176,188,0,14,26,26,26,26,26,26,50,65,65,81,101,101],"floor_reached":33,"campfire_rested":2,"playtime":1793,"current_hp_per_floor":[80,76,79,76,76,76,51,51,51,51,61,61,61,55,55,18,80,65,65,57,63,63,63,63,80,80,80,80,80,71,41,65],"items_purged":["Strike_R"],"gold":101,"score":249,"play_id":"6ec5b215-06a2-45f4-89e3-5f2032a62e0b","is_prod":false,"is_daily":false,"is_ascension_mode":false,"campfire_upgraded":6,"path_taken":["M","?","M","M","$","R","E","R","T","R","M","?","?","?","R","BOSS","M","$","M","M","?","R","?","R","T","?","M","R","M","M","R","BOSS"],"build_version":"2018-02-22-PROD2","purchased_purges":1,"victory":false,"master_deck":["Strike_R","Strike_R","Strike_R","Strike_R","Defend_R","Defend_R","Defend_R","Bash+1","Perfected Strike+1","Pommel Strike","Dual Wield+1","Armaments+1","Shrug It Off","Pommel Strike","True Grit+1","Warcry","Rampage+1","Perfected Strike+1","Swift Strike","Wild Strike","Metallicize+1","Shrug It Off"],"max_hp_per_floor":[80,80,80,80,80,80,80,80,80,80,80,80,80,80,80,80,80,80,80,80,80,80,80,80,80,80,80,80,80,80,80,80],"relics":["Burning Blood","Vajra","Omamori","Mummified Hand","Question Card","Dodecahedron","Du-Vu Doll","Dream Catcher"],"card_choices":[{"not_picked":["Armaments","Warcry"],"picked":"Perfected Strike"},{"not_picked":["Rage","Thunderclap"],"picked":"Pommel Strike"},{"not_picked":["Combust","Flex"],"picked":"Dual Wield"},{"not_picked":["Bloodletting","Sword Boomerang"],"picked":"Armaments"},{"not_picked":["Clash","Warcry"],"picked":"Shrug It Off"},{"not_picked":["True Grit","Clothesline"],"picked":"Pommel Strike"},{"not_picked":["Pummel","Cleave"],"picked":"Warcry"},{"not_picked":["Intimidate","Corruption","Shrug It Off"],"picked":"Rampage"},{"not_picked":["Dropkick","Thunderclap","Havoc"],"picked":"Wild Strike"},{"not_picked":["Infernal Blade","Burning Pact","Iron Wave"],"picked":"Metallicize"},{"not_picked":["Reckless Charge","Sentinel","Hemokinesis"],"picked":"Shrug It Off"}],"player_experience":817810,"potions_floor_usage":[4,11,16,20,21,21,31],"damage_taken":[{"damage":1,"enemies":"Cultist","floor":1,"turns":3},{"damage":10,"enemies":"Small Slimes","floor":2,"turns":3},{"damage":3,"enemies":"Jaw Worm","floor":3,"turns":3},{"damage":9,"enemies":"Gremlin Gang","floor":4,"turns":3},{"damage":31,"enemies":"Lagavulin","floor":7,"turns":5},{"damage":11,"enemies":"Lots of Slimes","floor":11,"turns":6},{"damage":12,"enemies":"Blue Slaver","floor":14,"turns":2},{"damage":43,"enemies":"Hexaghost","floor":16,"turns":12},{"damage":21,"enemies":"Shell Parasite","floor":18,"turns":7},{"damage":14,"enemies":"3 Byrds","floor":20,"turns":6},{"damage":0,"enemies":"Snecko","floor":21,"turns":3},{"damage":5,"enemies":"Centurion and Healer","floor":28,"turns":6},{"damage":15,"enemies":"Slaver and Parasite","floor":30,"turns":6},{"damage":36,"enemies":"Cultist and Chosen","floor":31,"turns":6},{"damage":31,"enemies":"Automaton","floor":33,"turns":6}],"event_choices":[{"event_name":"Living Wall","player_choice":"Change","floor":13,"damage_taken":0},{"event_name":"The Mausoleum","player_choice":"Yes","floor":24,"damage_taken":0}],"boss_relics":[{"not_picked":["Philosopher\u0027s Stone","Pandora\u0027s Box"],"picked":"Question Card"}],"potions_floor_spawned":[2,4,7,16,18,20,30],"seed_played":"-2098366985834719958","killed_by":"Automaton","ascension_level":0,"is_trial":false}