{"path_per_floor":["M","M","M","?","?","R","E","M","T","R","M","$","M","M","R","B",null,"M","$","?","?","M","R","M","R","T","?","R"],"character_chosen":"IRONCLAD","items_purchased":["True Grit","Body Slam","Bandage Up","Shrug It Off"],"gold_per_floor":[113,127,145,175,250,250,282,302,302,302,320,49,61,78,78,179,179,162,16,16,16,30,30,48,48,72,72,72],"floor_reached":29,"campfire_rested":0,"playtime":1487,"current_hp_per_floor":[80,80,80,80,69,69,59,60,60,60,52,52,64,72,72,66,80,64,64,64,64,60,60,51,51,51,51,51],"items_purged":["Strike_R","Strike_R"],"gold":72,"score":225,"play_id":"b7cd289c-34d0-4ba4-aa0f-c328d7ce9b6f","is_prod":false,"is_daily":false,"is_ascension_mode":false,"campfire_upgraded":6,"path_taken":["M","M","M","?","?","R","E","M","T","R","M","$","?","?","R","BOSS","M","$","?","?","M","R","M","R","T","?","R","M"],"build_version":"2018-02-22-PROD2","purchased_purges":2,"victory":false,"master_deck":["Strike_R","Strike_R","Defend_R","Defend_R","Defend_R","Defend_R","Bash","Body Slam+1","Shrug It Off+1","Disarm","Thunderclap","Normality","Pommel Strike","Twin Strike","True Grit+1","Body Slam+1","Bandage Up","Spot Weakness","Immolate","Shrug It Off+1","Uppercut","Flame Barrier+1","Armaments+1"],"max_hp_per_floor":[80,80,80,80,80,80,80,80,80,80,80,80,80,80,80,80,80,80,80,80,80,80,80,80,80,80,80,80],"relics":["Burning Blood","Tiny Chest","Du-Vu Doll","Blood Vial","Lizard Tail","Omamori"],"card_choices":[{"not_picked":["Armaments","Heavy Blade"],"picked":"Shrug It Off"},{"not_picked":["Second Wind","Perfected Strike"],"picked":"Disarm"},{"not_picked":["Sword Boomerang","Headbutt"],"picked":"Thunderclap"},{"not_picked":["Fire Breathing","Hemokinesis"],"picked":"Pommel Strike"},{"not_picked":["Pummel","Anger"],"picked":"Twin Strike"},{"not_picked":["Pummel","Flex"],"picked":"Spot Weakness"},{"not_picked":["Demon Form","Limit Break"],"picked":"Immolate"},{"not_picked":["Seeing Red","Shrug It Off"],"picked":"Flame Barrier"},{"not_picked":["Wild Strike","Dual Wield"],"picked":"Armaments"}],"player_experience":781204,"potions_floor_usage":[16,16,22],"damage_taken":[{"damage":0.0,"enemies":"Small Slimes","floor":1.0,"turns":3.0},{"damage":0.0,"enemies":"Cultist","floor":2.0,"turns":3.0},{"damage":4.0,"enemies":"Jaw Worm","floor":3.0,"turns":5.0},{"damage":16.0,"enemies":"3 Sentries","floor":7.0,"turns":10.0},{"damage":5.0,"enemies":"2 Fungi Beasts","floor":8.0,"turns":3.0},{"damage":16.0,"enemies":"Large Slime","floor":11.0,"turns":6.0},{"damage":0,"enemies":"Blue Slaver","floor":13,"turns":4},{"damage":4,"enemies":"3 Louse","floor":14,"turns":4},{"damage":32,"enemies":"Hexaghost","floor":16,"turns":9},{"damage":26,"enemies":"2 Thieves","floor":18,"turns":4},{"damage":16,"enemies":"Chosen","floor":22,"turns":5},{"damage":21,"enemies":"Snake Plant","floor":24,"turns":5},{"damage":23,"enemies":"3 Cultists","floor":29,"turns":4}],"event_choices":[{"event_name":"Accursed Blacksmith","player_choice":"Rummage","floor":4.0,"damage_taken":0.0},{"event_name":"World of Goop","player_choice":"Gather Gold","floor":5.0,"damage_taken":0.0},{"event_name":"Beggar","player_choice":"Ignored","floor":20,"damage_taken":0},{"event_name":"The Library","player_choice":"Read","floor":21,"damage_taken":0},{"event_name":"Addict","player_choice":"Ignored","floor":27,"damage_taken":0}],"boss_relics":[{"not_picked":["Philosopher\u0027s Stone","Pandora\u0027s Box"],"picked":"Lizard Tail"}],"potions_floor_spawned":[1,3,13,14,18],"seed_played":"1118868714481007991","killed_by":"3 Cultists","ascension_level":0,"is_trial":false}