{"path_per_floor":["M","?","M","M","$","R","M","E","T","?","R","M","R","M","R","B",null,"M","?","M","?","M","R","$","?","T","M","R","M","R","M","R","B",null,"M","M","M","M","M","?","$","M","T","M","R","?","R","M","R","B"],"character_chosen":"IRONCLAD","items_purchased":["Disarm","Apotheosis","Dexterity Potion","Regen Potion"],"gold_per_floor":[112,112,129,145,32,32,46,76,76,151,151,163,163,175,175,277,277,288,203,220,220,233,233,20,20,20,35,35,54,54,68,68,164,164,184,202,212,230,250,250,51,70,116,129,129,129,129,147,147,147],"floor_reached":51,"campfire_rested":4,"playtime":2849,"current_hp_per_floor":[80,68,71,75,75,75,75,55,55,44,68,68,68,69,69,23,80,57,57,56,56,55,55,55,80,80,80,80,68,68,52,76,30,80,67,69,60,62,49,49,49,46,46,36,60,60,60,56,80,69],"items_purged":["Bludgeon","Strike_R"],"gold":147,"score":504,"play_id":"c6e9a9a4-776b-43c7-b42a-bd750ae85957","is_prod":false,"is_daily":false,"is_ascension_mode":false,"campfire_upgraded":4,"path_taken":["M","?","?","M","$","R","M","E","T","?","R","M","R","M","R","BOSS","M","?","M","?","M","R","$","?","T","M","R","M","R","M","R","BOSS","M","M","M","M","M","?","$","M","T","M","R","?","R","M","R","BOSS"],"build_version":"2018-02-22-PROD2","purchased_purges":3,"victory":true,"master_deck":["Strike_R","Strike_R","Strike_R","Defend_R","Defend_R","Defend_R+1","Defend_R+1","Bash+1","Intimidate","Shrug It Off","Disarm+1","Spot Weakness+1","Thunderclap","Flex+1","Impervious","Offering","Pommel Strike","Whirlwind+1","Evolve+1","Apotheosis+1","Heavy Blade+1","Cleave+1","Metallicize+1","Iron Wave+1","Shrug It Off","Warcry"],"max_hp_per_floor":[80,80,80,80,80,80,80,80,80,80,80,80,80,80,80,80,80,80,80,80,80,80,80,80,80,80,80,80,80,80,80,80,80,80,80,80,80,80,80,80,80,80,80,80,80,80,80,80,80,80],"relics":["Burning Blood","War Paint","Vajra","Peace Pipe","Calling Bell","Omamori","Ancient Tea Set","Paper Frog","Spirit Poop","Whetstone","Cursed Key","Orichalcum"],"card_choices":[{"not_picked":["True Grit","Dropkick"],"picked":"Intimidate"},{"not_picked":["Clash","Thunderclap"],"picked":"Shrug It Off"},{"not_picked":["Heavy Blade","Combust"],"picked":"Spot Weakness"},{"not_picked":["Headbutt","Anger"],"picked":"Thunderclap"},{"not_picked":["Spot Weakness","Cleave"],"picked":"Flex"},{"not_picked":["Sever Soul","Clash"],"picked":"Impervious"},{"not_picked":["Barricade","Feed"],"picked":"Offering"},{"not_picked":["Clash","Thunderclap"],"picked":"Pommel Strike"},{"not_picked":["Body Slam","Warcry"],"picked":"Whirlwind"},{"not_picked":["Cleave","Anger"],"picked":"Evolve"},{"not_picked":["Brutality","Clothesline"],"picked":"Heavy Blade"},{"not_picked":["Armaments","Body Slam"],"picked":"Cleave"},{"not_picked":["Sentinel","Hemokinesis"],"picked":"Metallicize"},{"not_picked":["Clothesline","Searing Blow"],"picked":"Iron Wave"},{"not_picked":["Thunderclap","Sword Boomerang"],"picked":"Warcry"}],"player_experience":797186,"potions_floor_usage":[37,39,50,50,50],"damage_taken":[{"damage":2.0,"enemies":"2 Louse","floor":1.0,"turns":4.0},{"damage":3.0,"enemies":"Small Slimes","floor":3.0,"turns":2.0},{"damage":2.0,"enemies":"Cultist","floor":4.0,"turns":4.0},{"damage":6.0,"enemies":"Large Slime","floor":7.0,"turns":9.0},{"damage":26.0,"enemies":"Gremlin Nob","floor":8.0,"turns":6.0},{"damage":6.0,"enemies":"Blue Slaver","floor":12.0,"turns":4.0},{"damage":5.0,"enemies":"Lots of Slimes","floor":14.0,"turns":4.0},{"damage":52.0,"enemies":"Hexaghost","floor":16.0,"turns":13.0},{"damage":29.0,"enemies":"3 Byrds","floor":18.0,"turns":9.0},{"damage":7.0,"enemies":"Chosen","floor":20.0,"turns":3.0},{"damage":7.0,"enemies":"Centurion and Healer","floor":22.0,"turns":8.0},{"damage":6.0,"enemies":"Snecko","floor":27.0,"turns":4.0},{"damage":18.0,"enemies":"Slaver and Parasite","floor":29.0,"turns":4.0},{"damage":22.0,"enemies":"3 Cultists","floor":31.0,"turns":4.0},{"damage":52.0,"enemies":"Champ","floor":33.0,"turns":7.0},{"damage":19,"enemies":"Orb Walker","floor":35,"turns":3},{"damage":4,"enemies":"3 Darklings","floor":36,"turns":2},{"damage":15,"enemies":"4 Shapes","floor":37,"turns":3},{"damage":4,"enemies":"Maw","floor":38,"turns":6},{"damage":19,"enemies":"Sphere and 2 Shapes","floor":39,"turns":5},{"damage":9,"enemies":"3 Darklings","floor":42,"turns":4},{"damage":16,"enemies":"4 Shapes","floor":44,"turns":6},{"damage":10,"enemies":"Sphere and 2 Shapes","floor":48,"turns":5},{"damage":30,"enemies":"Awakened One","floor":50,"turns":13}],"event_choices":[{"event_name":"Scrap Ooze","player_choice":"success","floor":2.0,"damage_taken":12.0},{"event_name":"World of Goop","player_choice":"Gather Gold","floor":10.0,"damage_taken":0.0},{"event_name":"Addict","player_choice":"Obtained Relic","floor":19.0,"damage_taken":0.0},{"event_name":"Bonfire Elementals","player_choice":"CURSE","floor":21.0,"damage_taken":0.0},{"event_name":"Wheel of Change","player_choice":"Full Heal","floor":25.0,"damage_taken":0.0},{"event_name":"Duplicator","player_choice":"One dupe","floor":40,"damage_taken":0},{"event_name":"The Woman in Blue","player_choice":"Bought 0 Potions","floor":46,"damage_taken":0}],"boss_relics":[{"not_picked":["Snecko Eye","Eternal Feather"],"picked":"Cursed Key"}],"potions_floor_spawned":[4,7,14,16,20,29,31,33,36,38,42,44],"seed_played":"-3132313248288881070","ascension_level":0,"is_trial":false}