{"path_per_floor":["M","M","$","M","?","?","R","M","T","E","R","M","M","E","R","B",null,"M","?","?","$","M","R","M","M","T","R","?","M","$","M","R","B",null,"M","$","M","$","M","R","$","M","T","?","R","M","R","M","R","B"],"character_chosen":"IRONCLAD","items_purchased":["Shrug It Off","Whirlwind","Bag of Preparation","Mummified Hand","Metallicize","Bag of Marbles"],"gold_per_floor":[111,123,36,47,47,47,47,66,366,393,393,409,419,453,453,551,551,562,562,562,98,115,115,127,145,145,145,145,155,79,97,97,194,194,213,59,76,76,86,86,86,97,127,127,127,147,147,162,162,162],"floor_reached":51,"campfire_rested":1,"playtime":4051,"current_hp_per_floor":[82,86,86,84,84,77,77,84,84,74,74,83,89,79,79,49,98,91,91,75,75,79,79,75,70,70,100,80,72,72,76,76,42,106,109,109,107,107,109,109,109,87,87,87,97,105,115,115,115,19],"items_purged":["Strike_R"],"gold":162,"score":511,"play_id":"1aea753a-36cc-4738-8703-4d2e5e833bc6","is_prod":false,"is_daily":false,"is_ascension_mode":false,"campfire_upgraded":9,"path_taken":["M","M","$","M","?","?","R","M","T","E","R","M","M","E","R","BOSS","M","?","?","$","M","R","?","M","T","R","?","M","$","M","R","BOSS","M","$","?","?","M","R","$","M","T","?","R","M","R","M","R","BOSS"],"build_version":"2018-02-15-PROD1","purchased_purges":2,"victory":true,"master_deck":["Strike_R","Strike_R","Strike_R","Defend_R","Defend_R","Defend_R","Defend_R","Bash","Feed","Pommel Strike","Rampage+1","Shrug It Off+1","Whirlwind+1","Intimidate+1","Armaments+1","Shrug It Off+1","Spot Weakness+1","Double Tap+1","Rampage+1","Bloodletting+1","Flame Barrier+1","Flex","Metallicize","Inflame+1","Impervious","Iron Wave+1"],"max_hp_per_floor":[83,86,86,89,89,89,89,92,92,92,92,95,98,98,98,98,98,98,98,98,98,98,98,98,101,101,101,106,106,106,106,106,106,106,109,109,109,109,109,109,109,112,112,112,112,115,115,115,115,115],"relics":["Burning Blood","Old Coin","Bottled Lightning","Art of War","Velvet Choker","Enchiridion","Bag of Preparation","Mummified Hand","Torii","Eternal Feather","Bag of Marbles","Tiny Chest"],"card_choices":[{"not_picked":["Clash","Fire Breathing"],"picked":"Pommel Strike"},{"not_picked":["Clash","Clothesline"],"picked":"Rampage"},{"not_picked":["Armaments","Infernal Blade"],"picked":"Intimidate"},{"not_picked":["Clash","Heavy Blade"],"picked":"Armaments"},{"not_picked":["Corruption","Twin Strike"],"picked":"Shrug It Off"},{"not_picked":["Combust","Thunderclap"],"picked":"Spot Weakness"},{"not_picked":["Impervious","Fiend Fire"],"picked":"Double Tap"},{"not_picked":["Havoc","Wild Strike"],"picked":"Bloodletting"},{"not_picked":["Rupture","Clothesline"],"picked":"Flame Barrier"},{"not_picked":["Perfected Strike","Anger"],"picked":"Flex"},{"not_picked":["Searing Blow","Sever Soul"],"picked":"Inflame"},{"not_picked":["Dark Embrace","Fiend Fire"],"picked":"Impervious"},{"not_picked":["Thunderclap","Uppercut"],"picked":"Iron Wave"}],"player_experience":741278,"potions_floor_usage":[14,16,16,18,24,33,42,50,50,50],"damage_taken":[{"damage":7,"enemies":"Small Slimes","floor":1,"turns":5},{"damage":1,"enemies":"Cultist","floor":2,"turns":4},{"damage":11,"enemies":"Jaw Worm","floor":4,"turns":4},{"damage":2,"enemies":"3 Louse","floor":8,"turns":3},{"damage":16,"enemies":"3 Sentries","floor":10,"turns":7},{"damage":0,"enemies":"Looter","floor":12,"turns":3},{"damage":3,"enemies":"Red Slaver","floor":13,"turns":5},{"damage":16,"enemies":"Gremlin Nob","floor":14,"turns":4},{"damage":51,"enemies":"The Guardian","floor":16,"turns":10},{"damage":13,"enemies":"Spheric Guardian","floor":18,"turns":4},{"damage":2,"enemies":"3 Byrds","floor":22,"turns":3},{"damage":10,"enemies":"Snake Plant","floor":24,"turns":4},{"damage":14,"enemies":"Sentry and Sphere","floor":25,"turns":4},{"damage":14,"enemies":"Centurion and Healer","floor":29,"turns":5},{"damage":2,"enemies":"Snecko","floor":31,"turns":3},{"damage":40,"enemies":"Collector","floor":33,"turns":10},{"damage":0,"enemies":"Orb Walker","floor":35,"turns":3},{"damage":8,"enemies":"3 Shapes","floor":37,"turns":3},{"damage":0,"enemies":"3 Darklings","floor":39,"turns":1},{"damage":31,"enemies":"Sphere and 2 Shapes","floor":42,"turns":6},{"damage":1,"enemies":"4 Shapes","floor":46,"turns":4},{"damage":0,"enemies":"3 Darklings","floor":48,"turns":1},{"damage":132,"enemies":"Awakened One","floor":50,"turns":14}],"event_choices":[{"event_name":"Upgrade Shrine","player_choice":"Upgraded","floor":5,"damage_taken":0},{"event_name":"Golden Wing","player_choice":"Card Removal","floor":6,"damage_taken":0},{"event_name":"Duplicator","player_choice":"One dupe","floor":19,"damage_taken":0},{"event_name":"Cursed Tome","player_choice":"Obtained Book","floor":20,"damage_taken":0},{"event_name":"Forgotten Altar","player_choice":"Shed Blood","floor":28,"damage_taken":0},{"event_name":"The Lab","player_choice":"Got Potions","floor":44,"damage_taken":0}],"boss_relics":[{"not_picked":["Snecko Eye","Runic Cube"],"picked":"Velvet Choker"},{"not_picked":["Runic Pyramid","White Beast Statue"],"picked":"Eternal Feather"}],"potions_floor_spawned":[8,10,13,16,22,29,35,39,46],"seed_played":"8713653980174646755","ascension_level":0,"is_trial":false}