{"path_per_floor":["M","M","M","?","M","$","R","M","T","?","?","R","E","$","R","B",null,"M","M","?","?","$","R","M","E","T","R","$","M","R","?","R","B",null,"M","?","?","$","M","R","M","R","T","R","?","$","?","M","R"],"character_chosen":"IRONCLAD","items_purchased":["Battle Trance","Orichalcum","Ancient Tea Set","Rage","Bag of Marbles","Metallicize"],"gold_per_floor":[211,228,239,239,249,26,26,45,93,93,268,268,302,84,84,181,181,196,213,213,213,113,113,131,163,163,163,4,21,21,21,21,117,117,133,180,180,37,53,53,69,69,117,117,117,77,77,93,93],"floor_reached":50,"campfire_rested":2,"playtime":2595,"current_hp_per_floor":[80,80,79,76,82,82,82,82,82,75,75,75,59,59,59,49,82,83,86,86,86,86,86,86,71,71,71,71,77,77,77,77,51,88,84,73,73,73,63,63,53,80,80,80,80,80,80,68,92],"items_purged":["Doubt","Writhe","Regret"],"gold":93,"score":406,"play_id":"a1a4c262-87a4-4f17-8dfb-1dfb444d0b48","is_prod":false,"is_daily":false,"is_ascension_mode":false,"campfire_upgraded":9,"path_taken":["M","M","M","?","M","$","R","M","T","?","?","R","E","$","R","BOSS","M","M","?","?","$","R","M","E","T","R","$","M","R","?","R","BOSS","M","?","?","$","M","R","M","R","T","R","?","$","?","M","R","BOSS"],"build_version":"2018-02-22-PROD2","purchased_purges":4,"victory":false,"master_deck":["Strike_R","Strike_R","Strike_R","Strike_R","Defend_R","Defend_R","Defend_R","Bash+1","Thunderclap+1","Flex+1","Clash+1","Battle Trance","Ghostly Armor","Warcry","Double Tap+1","Iron Wave+1","Searing Blow+1","Clash+1","Rage+1","Whirlwind+1","Intimidate+1","True Grit+1","Injury","Metallicize","Thunderclap+1"],"max_hp_per_floor":[80,80,80,80,82,82,82,82,82,82,82,82,82,82,82,82,82,84,86,86,86,86,86,86,86,86,86,86,86,86,86,86,88,88,90,90,90,90,92,92,92,92,92,92,92,92,92,92,92],"relics":["Burning Blood","Singing Bowl","Orichalcum","Art of War","Letter Opener","Ancient Tea Set","Cursed Key","Kunai","Bottled Lightning","Juzu Bracelet","Sozu","Red Skull","Bag of Marbles","Blood Vial"],"card_choices":[{"not_picked":["Hemokinesis","Havoc"],"picked":"Thunderclap"},{"not_picked":["Sword Boomerang","Anger"],"picked":"Flex"},{"not_picked":["Iron Wave","Entrench"],"picked":"Clash"},{"not_picked":["Twin Strike","Battle Trance"],"picked":"Ghostly Armor"},{"not_picked":["Iron Wave","Cleave"],"picked":"Warcry"},{"not_picked":["Juggernaut","Brutality"],"picked":"Double Tap"},{"not_picked":["Sever Soul","Evolve"],"picked":"Searing Blow"},{"not_picked":["Hemokinesis","Shrug It Off"],"picked":"Clash"},{"not_picked":["Fiend Fire","Twin Strike"],"picked":"Whirlwind"},{"not_picked":["Feel No Pain","Power Through"],"picked":"Intimidate"},{"not_picked":["Flex","Burning Pact"],"picked":"True Grit"},{"not_picked":["Twin Strike","Feed"],"picked":"Thunderclap"}],"player_experience":769881,"potions_floor_usage":[],"damage_taken":[{"damage":3.0,"enemies":"2 Louse","floor":1.0,"turns":3.0},{"damage":6.0,"enemies":"Jaw Worm","floor":2.0,"turns":4.0},{"damage":7.0,"enemies":"Small Slimes","floor":3.0,"turns":3.0},{"damage":1.0,"enemies":"2 Fungi Beasts","floor":5.0,"turns":2.0},{"damage":1.0,"enemies":"Red Slaver","floor":8.0,"turns":3.0},{"damage":22.0,"enemies":"3 Sentries","floor":13.0,"turns":7.0},{"damage":16.0,"enemies":"Hexaghost","floor":16.0,"turns":8.0},{"damage":7.0,"enemies":"Spheric Guardian","floor":18.0,"turns":4.0},{"damage":5.0,"enemies":"Shell Parasite","floor":19.0,"turns":3.0},{"damage":0.0,"enemies":"Centurion and Healer","floor":24.0,"turns":1.0},{"damage":21.0,"enemies":"Slavers","floor":25.0,"turns":5.0},{"damage":0.0,"enemies":"Snake Plant","floor":29.0,"turns":2.0},{"damage":49.0,"enemies":"Automaton","floor":33.0,"turns":10.0},{"damage":12,"enemies":"3 Shapes","floor":35,"turns":4},{"damage":17,"enemies":"Mysterious Sphere","floor":36,"turns":3},{"damage":18,"enemies":"3 Darklings","floor":39,"turns":3},{"damage":16,"enemies":"4 Shapes","floor":41,"turns":2},{"damage":20,"enemies":"Sphere and 2 Shapes","floor":48,"turns":1},{"damage":105,"enemies":"Donu and Deca","floor":50,"turns":8}],"event_choices":[{"event_name":"Scrap Ooze","player_choice":"success","floor":4.0,"damage_taken":3.0},{"event_name":"Golden Wing","player_choice":"Card Removal","floor":10.0,"damage_taken":0.0},{"event_name":"Liars Game","player_choice":"agreed","floor":11.0,"damage_taken":0.0},{"event_name":"The Library","player_choice":"Read","floor":20.0,"damage_taken":0.0},{"event_name":"The Mausoleum","player_choice":"Yes","floor":21.0,"damage_taken":0.0},{"event_name":"Vampires","player_choice":"Ignored","floor":31.0,"damage_taken":0.0},{"event_name":"Mysterious Sphere","player_choice":"Fight","floor":36,"damage_taken":0},{"event_name":"Tomb of Lord Red Mask","player_choice":"Ignored","floor":37,"damage_taken":0},{"event_name":"The Woman in Blue","player_choice":"Bought 0 Potions","floor":47,"damage_taken":0}],"boss_relics":[{"not_picked":["Mark of Pain","Runic Dome"],"picked":"Sozu"}],"potions_floor_spawned":[2,13,16,24,25,36,48],"seed_played":"8261942997703031957","killed_by":"Donu and Deca","ascension_level":0,"is_trial":false}