{"path_per_floor":["M","?","?","?","$","E","R","M","T","M","$","R","?","E","R","B",null,"M","?","M","M","$","M","M","R","T","M","E","R","?","M","R","B",null,"M","M","?","?","$","R","M","M","T","R","M","M","R","M","R","B"],"character_chosen":"IRONCLAD","items_purchased":["Entrench","Blind","Body Slam","Combust"],"gold_per_floor":[116,116,116,191,42,80,80,95,95,114,8,8,8,51,51,171,171,184,184,167,180,60,74,95,95,142,162,206,206,131,151,151,271,271,292,316,316,649,549,549,567,581,653,653,666,683,683,703,703,703],"floor_reached":51,"campfire_rested":4,"playtime":4072,"current_hp_per_floor":[80,73,73,62,62,43,43,49,49,55,55,55,38,32,61,16,93,96,110,112,78,78,50,46,83,83,81,66,66,66,72,111,60,128,131,113,113,113,113,113,117,118,118,118,106,105,105,104,140,111],"items_purged":["Injury","Strike_R"],"gold":703,"score":579,"play_id":"03765071-f4eb-412a-923c-5c0cf1f5bf14","is_prod":false,"is_daily":false,"is_ascension_mode":false,"campfire_upgraded":6,"path_taken":["M","?","?","?","$","E","R","M","T","?","?","R","?","E","R","BOSS","M","?","M","M","$","M","M","R","T","M","E","R","?","M","R","BOSS","M","M","?","?","$","R","M","M","T","R","?","?","R","M","R","BOSS"],"build_version":"2018-02-22-PROD2","purchased_purges":4,"victory":true,"master_deck":["Strike_R","Strike_R+1","Defend_R","Defend_R","Defend_R","Defend_R","Bash","Feed","Body Slam+1","Entrench+1","Shrug It Off","Blind+1","Offering","Flex","Pommel Strike+1","Body Slam+1","Combust","Shrug It Off+1","Bloodletting","Barricade+1","Ghostly Armor+1","Flame Barrier+1","Clumsy","Warcry+1","Disarm","Shrug It Off+1"],"max_hp_per_floor":[80,80,80,80,80,83,83,83,83,86,86,86,86,91,93,93,93,96,110,112,112,112,117,117,119,119,121,121,121,121,126,128,128,128,131,131,131,131,131,131,133,135,135,135,137,140,140,140,140,140],"relics":["Burning Blood","Dream Catcher","Bronze Scales","Singing Bowl","Sozu","Mango","Happy Flower","Bag of Preparation","Cursed Key","Pantograph"],"card_choices":[{"not_picked":["Dark Embrace","Flex"],"picked":"Body Slam"},{"not_picked":["Wild Strike","Pommel Strike"],"picked":"Shrug It Off"},{"not_picked":["Limit Break","Demon Form"],"picked":"Offering"},{"not_picked":["Perfected Strike","Pommel Strike"],"picked":"Flex"},{"not_picked":["Pummel","True Grit"],"picked":"Pommel Strike"},{"not_picked":["Clash","Dark Embrace"],"picked":"Shrug It Off"},{"not_picked":["Demon Form","Sword Boomerang"],"picked":"Bloodletting"},{"not_picked":["Dark Embrace","Double Tap"],"picked":"Barricade"},{"not_picked":["Whirlwind","Sever Soul"],"picked":"Ghostly Armor"},{"not_picked":["Heavy Blade","Iron Wave"],"picked":"Flame Barrier"},{"not_picked":["Power Through","Uppercut"],"picked":"Warcry"},{"not_picked":["Uppercut","Havoc"],"picked":"Disarm"},{"not_picked":["Demon Form","Burning Pact"],"picked":"Shrug It Off"}],"player_experience":819603,"potions_floor_usage":[6,8,16],"damage_taken":[{"damage":6,"enemies":"Jaw Worm","floor":1,"turns":5},{"damage":28,"enemies":"Gremlin Nob","floor":6,"turns":4},{"damage":0,"enemies":"2 Louse","floor":8,"turns":1},{"damage":3,"enemies":"Small Slimes","floor":10,"turns":3},{"damage":17,"enemies":"3 Sentries","floor":14,"turns":8},{"damage":51,"enemies":"The Guardian","floor":16,"turns":15},{"damage":5,"enemies":"Shell Parasite","floor":18,"turns":5},{"damage":5,"enemies":"2 Thieves","floor":20,"turns":4},{"damage":40,"enemies":"Chosen and Byrds","floor":21,"turns":8},{"damage":39,"enemies":"Sentry and Sphere","floor":23,"turns":5},{"damage":10,"enemies":"Centurion and Healer","floor":24,"turns":4},{"damage":10,"enemies":"Snecko","floor":27,"turns":3},{"damage":21,"enemies":"Gremlin Leader","floor":28,"turns":7},{"damage":5,"enemies":"Snake Plant","floor":31,"turns":2},{"damage":57,"enemies":"Automaton","floor":33,"turns":12},{"damage":6,"enemies":"3 Shapes","floor":35,"turns":5},{"damage":24,"enemies":"3 Darklings","floor":36,"turns":4},{"damage":4,"enemies":"Maw","floor":41,"turns":5},{"damage":7,"enemies":"4 Shapes","floor":42,"turns":5},{"damage":20,"enemies":"3 Darklings","floor":45,"turns":4},{"damage":10,"enemies":"Sphere and 2 Shapes","floor":46,"turns":5},{"damage":7,"enemies":"Maw","floor":48,"turns":5},{"damage":35,"enemies":"Awakened One","floor":50,"turns":13}],"event_choices":[{"event_name":"Golden Wing","player_choice":"Card Removal","floor":2,"damage_taken":0},{"event_name":"Golden Idol","player_choice":"Take Wound","floor":3,"damage_taken":0},{"event_name":"World of Goop","player_choice":"Gather Gold","floor":4,"damage_taken":0},{"event_name":"Shining Light","player_choice":"Entered Light","floor":13,"damage_taken":0},{"event_name":"The Mausoleum","player_choice":"Yes","floor":19,"damage_taken":0},{"event_name":"Beggar","player_choice":"Gave Gold","floor":30,"damage_taken":0},{"event_name":"Accursed Blacksmith","player_choice":"Forge","floor":37,"damage_taken":0},{"event_name":"The Moai Head","player_choice":"Gave Idol","floor":38,"damage_taken":0}],"boss_relics":[{"not_picked":["Velvet Choker","Ectoplasm"],"picked":"Sozu"},{"not_picked":["Snecko Eye","White Beast Statue"],"picked":"Cursed Key"}],"potions_floor_spawned":[1,6,14,27,28,31,33,42,46,48],"seed_played":"471747501943874558","ascension_level":0,"is_trial":false}