{"path_per_floor":["M","?","M","M","$","R","M","?","T","M","R","M","E","M","R","B",null,"M","$","?","?","$","R","M","E","T","E","M"],"character_chosen":"IRONCLAD","items_purchased":["Shrug It Off","Enlightenment"],"gold_per_floor":[10,10,26,45,19,19,34,34,88,104,104,119,147,162,162,260,260,276,15,15,15,15,15,35,60,60,87,107],"floor_reached":29,"campfire_rested":1,"playtime":1463,"current_hp_per_floor":[80,80,80,80,80,80,72,72,79,85,85,63,73,73,73,47,87,63,63,63,47,47,73,71,57,71,53,32],"items_purged":["Regret"],"gold":107,"score":290,"play_id":"96114134-79f7-491f-8d39-f2c5b229f910","local_time":"20180303152624","is_prod":false,"is_daily":false,"is_ascension_mode":false,"campfire_upgraded":3,"timestamp":1520087184,"path_taken":["M","?","M","M","$","R","M","?","T","M","R","M","E","?","R","BOSS","M","$","?","?","$","R","M","E","T","E","M","M"],"build_version":"2018-03-01-PROD1","purchased_purges":1,"victory":false,"master_deck":["Strike_R","Strike_R","Strike_R","Strike_R","Strike_R","Defend_R","Defend_R+1","Defend_R","Defend_R","Bash","Carnage+1","Double Tap+1","Shrug It Off","Shrug It Off","Bloodletting+1","Ghostly Armor+1","Iron Wave","Pommel Strike","Impervious","Rupture+1","Enlightenment","Rupture+1","Reaper","Heavy Blade+1"],"max_hp_per_floor":[80,80,80,80,80,80,80,80,87,87,87,87,87,87,87,87,87,87,87,87,87,87,87,87,87,101,101,101],"relics":["Burning Blood","Champion Belt","Gambling Chip","Strawberry","War Paint","White Beast Statue","Nilry\u0027s Codex","Meat on the Bone","Mango","Pen Nib"],"card_choices":[{"not_picked":["Armaments","Pommel Strike"],"picked":"Carnage"},{"not_picked":["Perfected Strike","Flex"],"picked":"Double Tap"},{"not_picked":["Rage","Flex"],"picked":"Shrug It Off"},{"not_picked":["Body Slam","Carnage"],"picked":"Bloodletting"},{"not_picked":["Second Wind","Reckless Charge"],"picked":"Ghostly Armor"},{"not_picked":["Armaments","Fiend Fire"],"picked":"Iron Wave"},{"not_picked":["Corruption","Armaments"],"picked":"Pommel Strike"},{"not_picked":["Immolate","Exhume"],"picked":"Impervious"},{"not_picked":["Sword Boomerang","Shockwave"],"picked":"Rupture"},{"not_picked":["Headbutt","Warcry"],"picked":"Rupture"},{"not_picked":["Armaments","Sword Boomerang"],"picked":"Reaper"},{"not_picked":["Sword Boomerang","Reckless Charge"],"picked":"Heavy Blade"}],"player_experience":835378,"potions_floor_usage":[7,13,13,16,18,24,25,27,28,29],"damage_taken":[{"damage":1,"enemies":"Cultist","floor":1,"turns":4},{"damage":0,"enemies":"2 Louse","floor":3,"turns":2},{"damage":1,"enemies":"Jaw Worm","floor":4,"turns":3},{"damage":14,"enemies":"3 Louse","floor":7,"turns":4},{"damage":0,"enemies":"Blue Slaver","floor":10,"turns":3},{"damage":28,"enemies":"Lots of Slimes","floor":12,"turns":6},{"damage":5,"enemies":"Lagavulin","floor":13,"turns":4},{"damage":6,"enemies":"Red Slaver","floor":14,"turns":3},{"damage":32,"enemies":"Slime Boss","floor":16,"turns":10},{"damage":30,"enemies":"Spheric Guardian","floor":18,"turns":8},{"damage":8,"enemies":"3 Byrds","floor":24,"turns":5},{"damage":20,"enemies":"Book of Stabbing","floor":25,"turns":7},{"damage":36,"enemies":"Slavers","floor":27,"turns":8},{"damage":51,"enemies":"Cultist and Chosen","floor":28,"turns":9},{"damage":10,"enemies":"3 Cultists","floor":29,"turns":3}],"event_choices":[{"event_name":"Big Fish","player_choice":"Box","floor":2,"damage_taken":0},{"event_name":"Liars Game","player_choice":"disagreed","floor":8,"damage_taken":0},{"event_name":"Drug Dealer","player_choice":"Ignored","floor":20,"damage_taken":0},{"event_name":"Cursed Tome","player_choice":"Obtained Book","floor":21,"damage_taken":0}],"boss_relics":[{"not_picked":["Runic Dome","Tiny House"],"picked":"White Beast Statue"}],"potions_floor_spawned":[3,10,12,14,16,18,24,25,27,28],"seed_played":"5258001876978301729","killed_by":"3 Cultists","ascension_level":0,"is_trial":false}