{"path_per_floor":["M","M","M","$","M","E","M","R","T","R","M","R","M","E","R","B",null,"M","T","M","?","$","R","M","R","T","E","?","M","?","M","R"],"character_chosen":"IRONCLAD","items_purchased":["Metallicize","Vajra","Bronze Scales"],"gold_per_floor":[109,129,142,72,82,140,153,153,176,176,193,193,211,239,239,343,343,361,361,372,372,1,1,16,16,40,75,75,89,89,108,108],"floor_reached":33,"campfire_rested":1,"playtime":2015,"current_hp_per_floor":[80,80,80,80,76,57,60,60,60,60,65,65,68,67,67,34,80,71,71,68,52,52,52,58,58,58,52,52,52,52,52,76],"items_purged":["Strike_R"],"gold":108,"score":279,"play_id":"a09ce1b2-db94-4384-a47b-aaf9b6b28df8","local_time":"20180309145010","is_prod":false,"is_daily":false,"is_ascension_mode":false,"campfire_upgraded":6,"timestamp":1520603410,"path_taken":["M","?","?","$","M","E","M","R","T","R","M","R","M","E","R","BOSS","M","?","M","?","$","R","?","R","T","E","?","?","?","M","R","BOSS"],"build_version":"2018-03-01-PROD1","purchased_purges":1,"victory":false,"master_deck":["Strike_R","Strike_R","Strike_R","Strike_R","Defend_R","Defend_R","Defend_R","Defend_R","Bash","Cleave","Flame Barrier+1","Thunderclap","Metallicize+1","Pommel Strike+1","Bloodletting","Rampage+1","Battle Trance","Pommel Strike","Impervious","Iron Wave+1","Trip+1","Shrug It Off+1","Rupture+1","Clothesline+1","Flex"],"max_hp_per_floor":[80,80,80,80,80,80,80,80,80,80,80,80,80,80,80,80,80,80,80,80,80,80,80,80,80,80,82,82,82,82,82,82],"relics":["Burning Blood","Ancient Tea Set","Tiny Chest","Bag of Preparation","Prayer Wheel","Black Star","Molten Egg 2","Vajra","Bronze Scales","Singing Bowl","Meat on the Bone","Frozen Egg 2"],"card_choices":[{"not_picked":["Headbutt","Sword Boomerang"],"picked":"Cleave"},{"not_picked":["Heavy Blade","Iron Wave"],"picked":"Flame Barrier"},{"not_picked":["Heavy Blade","Bloodletting"],"picked":"Thunderclap"},{"not_picked":["Entrench","Hemokinesis"],"picked":"Pommel Strike"},{"not_picked":["Clothesline","Pommel Strike"],"picked":"Bloodletting"},{"not_picked":["True Grit","Armaments"],"picked":"Rampage"},{"not_picked":["Thunderclap","Armaments"],"picked":"Battle Trance"},{"not_picked":["Clothesline","Cleave"],"picked":"Pommel Strike"},{"not_picked":["Barricade","Brutality"],"picked":"Impervious"},{"not_picked":["Body Slam","Pommel Strike"],"picked":"Iron Wave"},{"not_picked":["Perfected Strike","Clothesline"],"picked":"Shrug It Off"},{"not_picked":["Hemokinesis","Sword Boomerang"],"picked":"Rupture"},{"not_picked":["Feel No Pain","Carnage"],"picked":"Clothesline"},{"not_picked":["Wild Strike","Carnage"],"picked":"Flex"}],"player_experience":724557,"potions_floor_usage":[5,14,16,20,27,33],"damage_taken":[{"damage":5,"enemies":"Cultist","floor":1,"turns":4},{"damage":4,"enemies":"2 Louse","floor":2,"turns":4},{"damage":3,"enemies":"Jaw Worm","floor":3,"turns":6},{"damage":10,"enemies":"Gremlin Gang","floor":5,"turns":4},{"damage":25,"enemies":"Gremlin Nob","floor":6,"turns":5},{"damage":3,"enemies":"3 Louse","floor":7,"turns":4},{"damage":1,"enemies":"Looter","floor":11,"turns":2},{"damage":3,"enemies":"Blue Slaver","floor":13,"turns":3},{"damage":7,"enemies":"3 Sentries","floor":14,"turns":6},{"damage":39,"enemies":"The Guardian","floor":16,"turns":8},{"damage":15,"enemies":"3 Byrds","floor":18,"turns":6},{"damage":9,"enemies":"Shell Parasite","floor":20,"turns":8},{"damage":0,"enemies":"Snecko","floor":24,"turns":4},{"damage":14,"enemies":"Gremlin Leader","floor":27,"turns":7},{"damage":6,"enemies":"Centurion and Healer","floor":29,"turns":7},{"damage":6,"enemies":"3 Cultists","floor":31,"turns":4},{"damage":83,"enemies":"Champ","floor":33,"turns":13}],"event_choices":[{"event_name":"Knowing Skull","player_choice":"CARD ","floor":21,"damage_taken":0},{"event_name":"Addict","player_choice":"Ignored","floor":28,"damage_taken":0},{"event_name":"Vampires","player_choice":"Ignored","floor":30,"damage_taken":0}],"boss_relics":[{"not_picked":["Lizard Tail","Snecko Eye"],"picked":"Black Star"}],"potions_floor_spawned":[2,6,13,18,24,31],"seed_played":"4240715402479729511","killed_by":"Champ","ascension_level":0,"is_trial":false}