{"path_per_floor":["M","M","$","M","M","R","?","R","T","R","M","M","E","?","R","B",null,"M","$","?","M","M","R","E","M","T","?","$","M","R","M","R","B",null,"M","M","$","?","M","R","M","R","T","?","M","M","?","?","R","B"],"character_chosen":"IRONCLAD","items_purchased":["Blind","Ghostly Armor","Reaper","Metallicize"],"gold_per_floor":[113,124,25,35,51,51,1,1,48,48,66,76,108,108,108,204,204,216,101,26,40,55,55,88,101,101,101,21,35,35,55,55,151,151,168,180,0,0,17,17,32,32,32,32,52,70,70,121,121,121],"floor_reached":51,"campfire_rested":0,"playtime":3353,"current_hp_per_floor":[80,80,80,80,63,63,63,63,63,63,64,63,52,52,52,31,80,71,71,71,77,80,80,70,66,66,66,66,68,68,74,74,69,80,80,55,55,55,63,63,80,80,80,80,75,68,68,80,80,52],"items_purged":["Strike_R","Intimidate"],"gold":121,"score":521,"play_id":"80041e80-3cdf-41d9-aeae-283206edfc0d","local_time":"20180306204654","is_prod":false,"is_daily":false,"is_ascension_mode":false,"campfire_upgraded":9,"timestamp":1520365614,"path_taken":["M","M","$","?","M","R","?","R","T","R","M","M","E","?","R","BOSS","M","$","?","M","M","R","E","M","T","?","?","M","R","M","R","BOSS","M","M","$","?","M","R","M","R","T","?","M","M","?","?","R","BOSS"],"build_version":"2018-03-01-PROD1","purchased_purges":2,"victory":true,"master_deck":["Strike_R","Defend_R","Defend_R+1","Defend_R","Defend_R","Bash","Inflame+1","Blind+1","Double Tap+1","Armaments+1","Combust","Flex+1","Bludgeon+1","Pommel Strike+1","Ghostly Armor","Heavy Blade+1","Shrug It Off+1","Battle Trance","Demon Form","Reaper","Disarm+1","Sword Boomerang+1","Limit Break+1","Warcry","Inflame+1","Metallicize+1","Ghostly Armor+1","Whirlwind"],"max_hp_per_floor":[80,80,80,80,80,80,80,80,80,80,80,80,80,80,80,80,80,80,80,80,80,80,80,80,80,80,80,80,80,80,80,80,80,80,80,80,80,80,80,80,80,80,80,80,80,80,80,80,80,80],"relics":["Burning Blood","Omamori","Dodecahedron","Happy Flower","Sozu","War Paint","Calipers","Red Mask","Thread and Needle","Shovel","Prayer Wheel"],"card_choices":[{"not_picked":["Cleave","Perfected Strike"],"picked":"Inflame"},{"not_picked":["Iron Wave","Power Through"],"picked":"Double Tap"},{"not_picked":["Sword Boomerang","Pommel Strike"],"picked":"Armaments"},{"not_picked":["Iron Wave","Rupture"],"picked":"Combust"},{"not_picked":["Warcry","Shrug It Off"],"picked":"Flex"},{"not_picked":["Demon Form","Barricade"],"picked":"Bludgeon"},{"not_picked":["Sever Soul","Thunderclap"],"picked":"Pommel Strike"},{"not_picked":["Feel No Pain","Corruption"],"picked":"Heavy Blade"},{"not_picked":["Ghostly Armor","True Grit"],"picked":"Shrug It Off"},{"not_picked":["Sword Boomerang","Combust"],"picked":"Intimidate"},{"not_picked":["Anger","Warcry"],"picked":"Battle Trance"},{"not_picked":["Ghostly Armor","Double Tap"],"picked":"Disarm"},{"not_picked":["Evolve","Twin Strike"],"picked":"Sword Boomerang"},{"not_picked":["Double Tap","Demon Form"],"picked":"Limit Break"},{"not_picked":["Clothesline","Sword Boomerang"],"picked":"Warcry"},{"not_picked":["Power Through","Combust"],"picked":"Inflame"},{"not_picked":["Anger","Shockwave"],"picked":"Ghostly Armor"},{"not_picked":["Flex","Pummel"],"picked":"Whirlwind"}],"player_experience":861010,"potions_floor_usage":[],"damage_taken":[{"damage":1.0,"enemies":"Cultist","floor":1.0,"turns":4.0},{"damage":0.0,"enemies":"Small Slimes","floor":2.0,"turns":4.0},{"damage":0.0,"enemies":"Jaw Worm","floor":4.0,"turns":3.0},{"damage":23.0,"enemies":"Exordium Thugs","floor":5.0,"turns":7.0},{"damage":5.0,"enemies":"2 Fungi Beasts","floor":11.0,"turns":4.0},{"damage":7.0,"enemies":"Looter","floor":12.0,"turns":4.0},{"damage":17.0,"enemies":"3 Sentries","floor":13.0,"turns":8.0},{"damage":27.0,"enemies":"The Guardian","floor":16.0,"turns":12.0},{"damage":15.0,"enemies":"Shell Parasite","floor":18.0,"turns":4.0},{"damage":0.0,"enemies":"Spheric Guardian","floor":21.0,"turns":2.0},{"damage":2.0,"enemies":"Snecko","floor":22.0,"turns":4.0},{"damage":16.0,"enemies":"Gremlin Leader","floor":24.0,"turns":5.0},{"damage":10.0,"enemies":"Centurion and Healer","floor":25.0,"turns":4.0},{"damage":10.0,"enemies":"Slaver and Parasite","floor":29.0,"turns":5.0},{"damage":0.0,"enemies":"Snake Plant","floor":31.0,"turns":1.0},{"damage":32.0,"enemies":"Automaton","floor":33.0,"turns":10.0},{"damage":0.0,"enemies":"Orb Walker","floor":35.0,"turns":3.0},{"damage":58.0,"enemies":"3 Darklings","floor":36.0,"turns":6.0},{"damage":22.0,"enemies":"4 Shapes","floor":39.0,"turns":6.0},{"damage":19.0,"enemies":"Maw","floor":41.0,"turns":8.0},{"damage":31.0,"enemies":"3 Darklings","floor":45.0,"turns":11.0},{"damage":13.0,"enemies":"Sphere and 2 Shapes","floor":46.0,"turns":3.0},{"damage":16,"enemies":"Mysterious Sphere","floor":48,"turns":5},{"damage":69,"enemies":"Awakened One","floor":50,"turns":13}],"event_choices":[{"event_name":"The Cleric","player_choice":"Card Removal","floor":7.0,"damage_taken":0.0},{"event_name":"Dead Adventurer","player_choice":"Searched \u00271\u0027 times","floor":14.0,"damage_taken":0.0},{"event_name":"Beggar","player_choice":"Gave Gold","floor":20.0,"damage_taken":0.0},{"event_name":"The Library","player_choice":"Read","floor":27.0,"damage_taken":0.0},{"event_name":"Tomb of Lord Red Mask","player_choice":"Paid","floor":38.0,"damage_taken":0.0},{"event_name":"The Lab","player_choice":"Got Potions","floor":44.0,"damage_taken":0.0},{"event_name":"Mysterious Sphere","player_choice":"Fight","floor":48,"damage_taken":0}],"boss_relics":[],"potions_floor_spawned":[2,4,11,16,18,25,29,33,36,41,46,48],"seed_played":"7160355924605422414","ascension_level":0,"is_trial":false}