{"path_per_floor":["M","M","M","?","$","E","?","E","T","R","M","M","?","?","R","B",null,"M","?","$","M","?","M","R","M","T","$","R","?","M","M","R","B",null,"M","?","?","$","M","E","R","?","T","M","R","M","M","M","R","B"],"character_chosen":"IRONCLAD","items_purchased":["Rupture","Intimidate","True Grit","Metallicize","Armaments","Omamori"],"gold_per_floor":[113,124,142,142,31,56,56,91,142,142,153,164,164,164,164,262,262,280,280,84,96,46,56,56,67,67,17,17,17,29,44,44,143,143,161,161,161,16,32,57,57,57,57,76,76,86,104,122,122,122],"floor_reached":51,"campfire_rested":1,"playtime":2295,"current_hp_per_floor":[80,80,80,80,80,75,80,60,60,60,66,68,51,51,76,59,85,85,85,85,82,82,84,84,83,83,83,83,83,77,81,81,12,85,83,72,72,72,65,42,42,42,42,56,56,70,77,83,83,41],"items_purged":["Bash"],"gold":122,"score":590,"play_id":"338082c9-6ff4-4c50-972e-6ef5766dc20f","local_time":"20180305204725","is_prod":false,"is_daily":false,"is_ascension_mode":false,"campfire_upgraded":6,"timestamp":1520279245,"path_taken":["M","M","M","?","$","E","?","E","T","R","M","?","?","?","R","BOSS","M","?","$","?","?","M","R","?","T","$","R","?","M","M","R","BOSS","M","?","?","$","M","E","R","?","T","?","R","?","M","M","R","BOSS"],"build_version":"2018-03-01-PROD1","purchased_purges":3,"victory":true,"master_deck":["Strike_R","Strike_R","Strike_R","Strike_R","Strike_R","Defend_R","Defend_R","Defend_R","Perfected Strike+1","Bloodletting","Perfected Strike+1","Rupture+1","Intimidate","Perfected Strike+1","Wild Strike+1","Perfected Strike+1","Disarm","Reaper","Shrug It Off","True Grit+1","Metallicize","Perfected Strike","Seeing Red+1","Double Tap+1","Armaments+1","Battle Trance","Madness","Madness","Inflame","Shrug It Off+1","Demon Form"],"max_hp_per_floor":[80,80,80,80,80,80,85,85,85,85,85,85,85,85,85,85,85,85,85,85,85,85,85,85,85,85,85,85,85,85,85,85,85,85,85,85,85,85,85,85,85,85,85,85,85,85,85,85,85,85],"relics":["Burning Blood","Calipers","Matryoshka","Lantern","Vajra","Cursed Key","Girya","Ancient Tea Set","Sozu","Omamori","Toolbox","Ice Cream"],"card_choices":[{"not_picked":["Clash","Sword Boomerang"],"picked":"Perfected Strike"},{"not_picked":["Anger","Warcry"],"picked":"Bloodletting"},{"not_picked":["Reckless Charge","Iron Wave"],"picked":"Perfected Strike"},{"not_picked":["Sword Boomerang","Fire Breathing"],"picked":"Perfected Strike"},{"not_picked":["Blood for Blood","Feed"],"picked":"Wild Strike"},{"not_picked":["Reckless Charge","Spot Weakness"],"picked":"Perfected Strike"},{"not_picked":["Shockwave","True Grit"],"picked":"Disarm"},{"not_picked":["Feed","Juggernaut"],"picked":"Reaper"},{"not_picked":["Armaments","Warcry"],"picked":"Shrug It Off"},{"not_picked":["Infernal Blade","True Grit"],"picked":"Perfected Strike"},{"not_picked":["Thunderclap","Headbutt"],"picked":"Seeing Red"},{"not_picked":["Twin Strike","Body Slam"],"picked":"Double Tap"},{"not_picked":["Pummel","Burning Pact"],"picked":"Battle Trance"},{"not_picked":["Clothesline","Searing Blow"],"picked":"Inflame"},{"not_picked":["Flex","Rupture"],"picked":"Shrug It Off"},{"not_picked":["Twin Strike","Pommel Strike"],"picked":"Demon Form"}],"player_experience":857500,"potions_floor_usage":[],"damage_taken":[{"damage":0.0,"enemies":"Small Slimes","floor":1.0,"turns":3.0},{"damage":1.0,"enemies":"Cultist","floor":2.0,"turns":3.0},{"damage":6.0,"enemies":"Jaw Worm","floor":3.0,"turns":3.0},{"damage":11.0,"enemies":"Gremlin Nob","floor":6.0,"turns":4.0},{"damage":26.0,"enemies":"Lagavulin","floor":8.0,"turns":5.0},{"damage":0.0,"enemies":"Large Slime","floor":11.0,"turns":2.0},{"damage":4.0,"enemies":"Blue Slaver","floor":12.0,"turns":3.0},{"damage":23.0,"enemies":"The Guardian","floor":16.0,"turns":7.0},{"damage":3.0,"enemies":"Shell Parasite","floor":18.0,"turns":2.0},{"damage":9.0,"enemies":"3 Byrds","floor":21.0,"turns":5.0},{"damage":9.0,"enemies":"Centurion and Healer","floor":23.0,"turns":4.0},{"damage":7.0,"enemies":"Cultist and Chosen","floor":25.0,"turns":3.0},{"damage":12.0,"enemies":"Snake Plant","floor":30.0,"turns":2.0},{"damage":2.0,"enemies":"Snecko","floor":31.0,"turns":3.0},{"damage":80.0,"enemies":"Champ","floor":33.0,"turns":11.0},{"damage":8.0,"enemies":"Orb Walker","floor":35.0,"turns":2.0},{"damage":13,"enemies":"3 Shapes","floor":39,"turns":3},{"damage":29,"enemies":"2 Orb Walkers","floor":40,"turns":5},{"damage":0,"enemies":"Sphere and 2 Shapes","floor":44,"turns":3},{"damage":0,"enemies":"Maw","floor":46,"turns":6},{"damage":7,"enemies":"4 Shapes","floor":47,"turns":5},{"damage":0,"enemies":"Sphere and 2 Shapes","floor":48,"turns":3},{"damage":59,"enemies":"Time Eater","floor":50,"turns":8}],"event_choices":[{"event_name":"Wheel of Change","player_choice":"Full Heal","floor":4.0,"damage_taken":0.0},{"event_name":"Big Fish","player_choice":"Donut","floor":7.0,"damage_taken":0.0},{"event_name":"Shining Light","player_choice":"Entered Light","floor":13.0,"damage_taken":0.0},{"event_name":"Living Wall","player_choice":"Grow","floor":14.0,"damage_taken":0.0},{"event_name":"Vampires","player_choice":"Ignored","floor":19.0,"damage_taken":0.0},{"event_name":"The Joust","player_choice":"Bet on Owner","floor":22.0,"damage_taken":0.0},{"event_name":"Fountain of Cleansing","player_choice":"Removed Curse","floor":29.0,"damage_taken":0.0},{"event_name":"Winding Halls","player_choice":"Embrace Madness","floor":36.0,"damage_taken":0.0},{"event_name":"The Moai Head","player_choice":"Ignored","floor":42,"damage_taken":0}],"boss_relics":[],"potions_floor_spawned":[2,8,12,18,25,31,44,47],"seed_played":"3719878345695146206","ascension_level":0,"is_trial":false}