{"path_per_floor":["M","$","M","M","?","R","E","R","T","M","M","?","M","M","R","B",null,"M","$","M","?","M","R","M","R","T","?","$","M","R","M","R","B",null,"M","?","M","$","?","R","M","$","T","R","M","$","M","M","R","B"],"character_chosen":"IRONCLAD","items_purchased":["Girya","Trip","Heavy Blade","Strength Potion","Block Potion","Dark Shackles","Bronze Scales"],"gold_per_floor":[115,40,50,62,137,137,163,163,188,204,222,222,237,252,252,354,354,367,70,90,90,109,109,124,124,124,124,24,36,36,56,56,160,160,173,173,186,86,86,86,105,105,405,405,418,16,29,40,40,40],"floor_reached":51,"campfire_rested":1,"playtime":2291,"current_hp_per_floor":[80,80,80,80,69,69,47,47,47,53,59,43,43,49,80,47,80,80,80,82,82,75,75,80,80,80,80,80,59,59,62,62,36,82,82,82,82,82,82,82,81,81,81,81,84,84,84,85,85,40],"items_purged":["Strike_R","Strike_R"],"gold":40,"score":653,"play_id":"6b10b3d8-10c4-485e-b4ba-b37d5a671d71","local_time":"20180324155226","is_prod":false,"is_daily":false,"is_ascension_mode":false,"campfire_upgraded":6,"timestamp":1521903146,"path_taken":["M","$","M","M","?","R","E","R","T","M","M","?","M","?","R","BOSS","M","$","M","?","M","R","M","R","T","?","$","M","R","M","R","BOSS","M","?","M","$","?","R","M","$","T","R","M","$","M","M","R","BOSS"],"build_version":"2018-03-22v2","purchased_purges":3,"victory":true,"master_deck":["Strike_R+1","Strike_R+1","Defend_R","Defend_R","Defend_R","Bash","Inflame","Rampage+1","Pommel Strike","Rage+1","Headbutt+1","Clash+1","Iron Wave+1","Thunderclap+1","Brutality","Whirlwind+1","Flame Barrier+1","Iron Wave+1","Trip+1","Shrug It Off+1","Rampage+1","Offering","Sword Boomerang+1","Rupture+1","Ghostly Armor+1","Heavy Blade+1","Dark Shackles+1","Pummel+1"],"max_hp_per_floor":[80,80,80,80,80,80,80,80,80,80,80,80,80,80,80,80,80,80,80,82,82,82,82,82,82,82,82,82,82,82,82,82,82,82,82,82,82,82,82,82,84,84,84,84,84,84,86,86,86,86],"relics":["Black Blood","Lantern","Molten Egg 2","Regal Pillow","Calling Bell","Shuriken","Singing Bowl","Happy Flower","Girya","Art of War","Old Coin","Bronze Scales"],"card_choices":[{"not_picked":["Reckless Charge","Carnage"],"picked":"Inflame","floor":1.0},{"not_picked":["Dual Wield","Body Slam"],"picked":"Rampage","floor":3.0},{"not_picked":["Body Slam","Thunderclap"],"picked":"Pommel Strike","floor":4.0},{"not_picked":["Anger","Sword Boomerang"],"picked":"Rage","floor":7.0},{"not_picked":["Juggernaut","Dual Wield"],"picked":"Headbutt","floor":10.0},{"not_picked":["Second Wind","Entrench"],"picked":"Clash","floor":11.0},{"not_picked":["Clothesline","Armaments"],"picked":"Iron Wave","floor":13.0},{"not_picked":["Seeing Red","Sword Boomerang"],"picked":"Thunderclap","floor":14.0},{"not_picked":["Exhume","Double Tap"],"picked":"Brutality","floor":16.0},{"not_picked":["Power Through","Clothesline"],"picked":"Whirlwind","floor":18.0},{"not_picked":["Metallicize","Seeing Red"],"picked":"Flame Barrier","floor":22.0},{"not_picked":["Feel No Pain","Heavy Blade"],"picked":"Iron Wave","floor":24.0},{"not_picked":["Dropkick","Warcry"],"picked":"Shrug It Off","floor":29.0},{"not_picked":["Seeing Red","Perfected Strike"],"picked":"Rampage","floor":31.0},{"not_picked":["Brutality","Demon Form"],"picked":"Offering","floor":33.0},{"not_picked":["Anger","Clash"],"picked":"Sword Boomerang","floor":35.0},{"not_picked":["True Grit","Clash"],"picked":"Rupture","floor":37.0},{"not_picked":["Clash","Double Tap"],"picked":"Ghostly Armor","floor":45.0},{"not_picked":["Sentinel","Clash"],"picked":"Pummel","floor":48.0}],"player_experience":916258,"potions_floor_usage":[50,50,50],"damage_taken":[{"damage":6.0,"enemies":"Cultist","floor":1.0,"turns":3.0},{"damage":3.0,"enemies":"Jaw Worm","floor":3.0,"turns":3.0},{"damage":0.0,"enemies":"Small Slimes","floor":4.0,"turns":2.0},{"damage":28.0,"enemies":"Gremlin Nob","floor":7.0,"turns":4.0},{"damage":0.0,"enemies":"3 Louse","floor":10.0,"turns":4.0},{"damage":0.0,"enemies":"Exordium Wildlife","floor":11.0,"turns":2.0},{"damage":6.0,"enemies":"Exordium Thugs","floor":13.0,"turns":3.0},{"damage":0.0,"enemies":"Blue Slaver","floor":14.0,"turns":2.0},{"damage":51.0,"enemies":"The Guardian","floor":16.0,"turns":8.0},{"damage":3.0,"enemies":"Chosen","floor":18.0,"turns":4.0},{"damage":1.0,"enemies":"Spheric Guardian","floor":20.0,"turns":2.0},{"damage":13.0,"enemies":"Cultist and Chosen","floor":22.0,"turns":5.0},{"damage":1.0,"enemies":"Sentry and Sphere","floor":24.0,"turns":3.0},{"damage":27.0,"enemies":"Snake Plant","floor":29.0,"turns":3.0},{"damage":3.0,"enemies":"Snecko","floor":31.0,"turns":4.0},{"damage":47.0,"enemies":"Collector","floor":33.0,"turns":7.0},{"damage":0.0,"enemies":"Orb Walker","floor":35.0,"turns":2.0},{"damage":6.0,"enemies":"3 Darklings","floor":37.0,"turns":3.0},{"damage":13.0,"enemies":"Maw","floor":41.0,"turns":6.0},{"damage":5.0,"enemies":"Sphere and 2 Shapes","floor":45.0,"turns":3.0},{"damage":12.0,"enemies":"3 Darklings","floor":47.0,"turns":4.0},{"damage":9.0,"enemies":"Maw","floor":48.0,"turns":5.0},{"damage":55,"enemies":"Donu and Deca","floor":50,"turns":8}],"event_choices":[{"event_name":"World of Goop","player_choice":"Gather Gold","floor":5.0,"damage_taken":0.0},{"event_name":"Shining Light","player_choice":"Entered Light","floor":12.0,"damage_taken":0.0},{"event_name":"Wheel of Change","player_choice":"Card Removal","floor":21.0,"damage_taken":0.0},{"event_name":"Cursed Tome","player_choice":"Ignored","floor":27.0,"damage_taken":0.0},{"event_name":"Tomb of Lord Red Mask","player_choice":"Ignored","floor":36.0,"damage_taken":0.0},{"event_name":"Purifier","player_choice":"One Purge","floor":39.0,"damage_taken":0.0}],"boss_relics":[],"potions_floor_spawned":[1,7,10,13,14,20,22,31,37,41,47,48],"seed_played":"6190971808428792409","ascension_level":0,"is_trial":false}