{"path_per_floor":["M","M","M","?","?","R","M","$","T","R","E","R","M","?","R","B",null,"M","M","M","M","M","R","M","R","T","$","M","M","M","M","R","B",null,"M","M","$","M","M","M","M","R","T","$","?","R","M","M","R","B"],"character_chosen":"IRONCLAD","items_purchased":["Inflame","Blind","Vajra","Metallicize","Strength Potion"],"gold_per_floor":[13,30,50,150,150,150,170,14,38,38,63,63,77,77,77,173,173,183,199,212,232,248,248,258,258,258,53,68,80,98,113,113,214,214,226,240,18,29,47,61,74,74,74,26,26,26,46,66,66,66],"floor_reached":51,"campfire_rested":2,"playtime":2873,"current_hp_per_floor":[94,96,93,93,74,74,77,77,77,77,63,63,64,64,64,36,96,83,77,69,55,58,58,59,87,87,87,86,73,75,78,78,51,96,96,95,95,77,76,78,64,64,64,64,64,92,96,92,92,87],"items_purged":["Strike_R","Strike_R"],"gold":66,"score":686,"play_id":"7db6208f-3141-4959-a7ed-86fd2a847852","local_time":"20180318142646","is_prod":false,"is_daily":false,"is_ascension_mode":false,"campfire_upgraded":8,"timestamp":1521379606,"path_taken":["M","M","M","?","?","R","?","$","T","R","E","R","?","?","R","BOSS","M","M","?","M","M","R","M","R","T","$","M","M","M","M","R","BOSS","M","M","$","M","M","M","M","R","T","$","?","R","M","?","R","BOSS"],"build_version":"2018-03-15v3","purchased_purges":3,"victory":true,"master_deck":["Strike_R","Strike_R+1","Strike_R","Defend_R","Defend_R","Defend_R","Defend_R","Bash","Metallicize+1","Hemokinesis+1","Cleave+1","Inflame+1","Combust","Infernal Blade+1","Battle Trance+1","True Grit+1","Shrug It Off+1","Spot Weakness+1","Blind+1","Iron Wave+1","Limit Break+1","Sword Boomerang+1","Flame Barrier","Blood for Blood+1","Metallicize+1","Heavy Blade+1","Disarm","Reaper"],"max_hp_per_floor":[96,96,96,96,96,96,96,96,96,96,96,96,96,96,96,96,96,96,96,96,96,96,96,96,96,96,96,96,96,96,96,96,96,96,96,96,96,96,96,96,96,96,96,96,96,96,96,96,96,96],"relics":["Burning Blood","Art of War","Frozen Eye","Velvet Choker","Thread and Needle","Mark of Pain","Vajra"],"card_choices":[{"not_picked":["Hemokinesis","Feel No Pain"],"picked":"Metallicize"},{"not_picked":["Pummel","Sentinel"],"picked":"Hemokinesis"},{"not_picked":["Headbutt","Intimidate"],"picked":"Cleave"},{"not_picked":["Carnage","Infernal Blade"],"picked":"Combust"},{"not_picked":["Anger","Burning Pact"],"picked":"Infernal Blade"},{"not_picked":["Wild Strike","Feel No Pain"],"picked":"Battle Trance"},{"not_picked":["Inflame","Wild Strike"],"picked":"True Grit"},{"not_picked":["Clothesline","Cleave"],"picked":"Shrug It Off"},{"not_picked":["Intimidate","Double Tap"],"picked":"Spot Weakness"},{"not_picked":["Wild Strike","Twin Strike"],"picked":"Iron Wave"},{"not_picked":["Second Wind","Wild Strike"],"picked":"Limit Break"},{"not_picked":["Bloodletting","Headbutt"],"picked":"Sword Boomerang"},{"not_picked":["Shrug It Off","Uppercut"],"picked":"Flame Barrier"},{"not_picked":["Uppercut","Searing Blow"],"picked":"Blood for Blood"},{"not_picked":["Clothesline","Corruption"],"picked":"Heavy Blade"},{"not_picked":["Perfected Strike","Combust"],"picked":"Disarm"},{"not_picked":["Shrug It Off","Clash"],"picked":"Reaper"}],"player_experience":891680,"potions_floor_usage":[50,50,50],"damage_taken":[{"damage":8.0,"enemies":"Jaw Worm","floor":1.0,"turns":4.0},{"damage":1.0,"enemies":"Cultist","floor":2.0,"turns":3.0},{"damage":9.0,"enemies":"2 Louse","floor":3.0,"turns":3.0},{"damage":3.0,"enemies":"Looter","floor":7.0,"turns":2.0},{"damage":20.0,"enemies":"Lagavulin","floor":11.0,"turns":6.0},{"damage":5.0,"enemies":"2 Fungi Beasts","floor":13.0,"turns":2.0},{"damage":34.0,"enemies":"The Guardian","floor":16.0,"turns":9.0},{"damage":19.0,"enemies":"2 Thieves","floor":18.0,"turns":3.0},{"damage":12.0,"enemies":"3 Byrds","floor":19.0,"turns":3.0},{"damage":14.0,"enemies":"3 Cultists","floor":20.0,"turns":5.0},{"damage":20.0,"enemies":"Snake Plant","floor":21.0,"turns":4.0},{"damage":3.0,"enemies":"Centurion and Healer","floor":22.0,"turns":6.0},{"damage":5.0,"enemies":"3 Cultists","floor":24.0,"turns":4.0},{"damage":7.0,"enemies":"Slaver and Parasite","floor":28.0,"turns":5.0},{"damage":19.0,"enemies":"Snake Plant","floor":29.0,"turns":4.0},{"damage":4.0,"enemies":"Centurion and Healer","floor":30.0,"turns":4.0},{"damage":3.0,"enemies":"3 Cultists","floor":31.0,"turns":4.0},{"damage":33.0,"enemies":"Automaton","floor":33.0,"turns":9.0},{"damage":6.0,"enemies":"3 Shapes","floor":35.0,"turns":3.0},{"damage":7.0,"enemies":"3 Darklings","floor":36.0,"turns":4.0},{"damage":36.0,"enemies":"Maw","floor":38.0,"turns":8.0},{"damage":7.0,"enemies":"Sphere and 2 Shapes","floor":39.0,"turns":3.0},{"damage":4.0,"enemies":"4 Shapes","floor":40.0,"turns":3.0},{"damage":20.0,"enemies":"3 Darklings","floor":41.0,"turns":6.0},{"damage":4.0,"enemies":"Sphere and 2 Shapes","floor":47.0,"turns":4.0},{"damage":22.0,"enemies":"Maw","floor":48.0,"turns":6.0},{"damage":43,"enemies":"Time Eater","floor":50,"turns":8}],"event_choices":[{"event_name":"Golden Shrine","player_choice":"Pray","floor":4.0,"damage_taken":0.0},{"event_name":"Shining Light","player_choice":"Entered Light","floor":5.0,"damage_taken":0.0},{"event_name":"Liars Game","player_choice":"disagreed","floor":14.0,"damage_taken":0.0},{"event_name":"Mysterious Sphere","player_choice":"Ignore","floor":45.0,"damage_taken":0.0}],"boss_relics":[],"potions_floor_spawned":[2,7,11,13,16,19,21,22,28,30,33,35,36,41,48],"seed_played":"-3748099896488656623","ascension_level":0,"is_trial":false}