{"path_per_floor":["M","M","$","?","M","E","R","M","T","R","M","R","E","M","R","B",null,"M","M","$","M","M","E","M","R","T","M","R","M","R","E","R","B",null,"M","M","?","M","$","R","E","R","T","M","$","M","R","$","R","B"],"character_chosen":"IRONCLAD","items_purchased":["Metallicize","Dark Shackles","Magic Flower","Bandage Up"],"gold_per_floor":[111,124,12,12,24,57,57,73,122,122,138,138,172,192,192,288,288,301,315,123,141,160,192,204,204,204,223,223,236,236,270,270,372,372,385,397,397,409,19,19,75,75,75,90,90,105,105,105,105,105],"floor_reached":51,"campfire_rested":2,"playtime":3442,"current_hp_per_floor":[80,80,80,80,80,72,72,78,78,78,80,80,80,80,80,58,80,83,86,86,89,92,82,81,81,81,70,70,78,78,68,108,40,108,108,100,100,98,98,98,73,73,73,90,90,100,100,100,121,27],"items_purged":["Defend_R","Defend_R"],"gold":105,"score":781,"play_id":"5c35ee5a-da75-44cc-b62a-57e378d7293a","local_time":"20180324230450","is_prod":false,"is_daily":false,"is_ascension_mode":false,"campfire_upgraded":10,"timestamp":1521929090,"path_taken":["M","M","$","?","M","E","R","M","T","R","M","R","E","?","R","BOSS","M","M","$","M","M","E","M","R","T","M","R","M","R","E","R","BOSS","M","M","?","M","$","R","E","R","T","M","?","?","R","$","R","BOSS"],"build_version":"2018-03-22v2","purchased_purges":3,"victory":true,"master_deck":["Strike_R","Strike_R","Strike_R","Strike_R","Strike_R","Defend_R","Defend_R","Bash","Cleave+1","Shrug It Off+1","Metallicize+1","Thunderclap+1","Clash","Pommel Strike+1","Clash","Metallicize+1","Feed","Spot Weakness+1","Dark Shackles","Shockwave+1","Iron Wave+1","Sever Soul+1","Headbutt","Double Tap+1","Bandage Up","Rage+1","Inflame","Flex+1"],"max_hp_per_floor":[80,80,80,80,80,80,80,80,80,80,80,80,80,80,80,80,80,83,86,86,89,92,92,95,95,95,95,95,98,98,108,108,108,108,108,108,108,111,111,111,121,121,121,121,121,121,121,121,121,121],"relics":["Burning Blood","Blood Vial","Toolbox","Anchor","Regal Pillow","Black Star","Prayer Wheel","Art of War","Blue Candle","Matryoshka","Pear","White Beast Statue","Magic Flower","Strawberry","Tiny Chest","Bag of Marbles","Shovel"],"card_choices":[{"not_picked":["Iron Wave","Heavy Blade"],"picked":"Cleave","floor":1.0},{"not_picked":["Sentinel","Body Slam"],"picked":"Shrug It Off","floor":2.0},{"not_picked":["Intimidate","Sword Boomerang"],"picked":"Thunderclap","floor":5.0},{"not_picked":["Power Through","Pummel"],"picked":"Clash","floor":6.0},{"not_picked":["Second Wind","Rampage"],"picked":"Pommel Strike","floor":8.0},{"not_picked":["Bloodletting","Havoc"],"picked":"Shrug It Off","floor":11.0},{"not_picked":["Seeing Red","True Grit"],"picked":"Clash","floor":13.0},{"not_picked":["Sword Boomerang","Reckless Charge"],"picked":"Metallicize","floor":14.0},{"not_picked":["Demon Form","Immolate"],"picked":"Feed","floor":16.0},{"not_picked":["Hemokinesis","Perfected Strike"],"picked":"Spot Weakness","floor":18.0},{"not_picked":["Headbutt","Limit Break"],"picked":"Shockwave","floor":23.0},{"not_picked":["Heavy Blade","Pommel Strike"],"picked":"Iron Wave","floor":24.0},{"not_picked":["Cleave","Clash"],"picked":"Sever Soul","floor":29.0},{"not_picked":["Shrug It Off","Clothesline"],"picked":"Headbutt","floor":31.0},{"not_picked":["Fiend Fire","Dark Embrace"],"picked":"Double Tap","floor":33.0},{"not_picked":["Shrug It Off","Inflame"],"picked":"Rage","floor":41.0},{"not_picked":["Cleave","Headbutt"],"picked":"Inflame","floor":44.0},{"not_picked":["Power Through","Whirlwind"],"picked":"Flex","floor":46.0}],"player_experience":925112,"potions_floor_usage":[50,50,50],"damage_taken":[{"damage":0.0,"enemies":"Small Slimes","floor":1.0,"turns":3.0},{"damage":6.0,"enemies":"Cultist","floor":2.0,"turns":3.0},{"damage":6.0,"enemies":"Jaw Worm","floor":5.0,"turns":3.0},{"damage":14.0,"enemies":"Gremlin Nob","floor":6.0,"turns":3.0},{"damage":2.0,"enemies":"3 Louse","floor":8.0,"turns":3.0},{"damage":0.0,"enemies":"2 Fungi Beasts","floor":11.0,"turns":3.0},{"damage":0.0,"enemies":"3 Sentries","floor":13.0,"turns":5.0},{"damage":3.0,"enemies":"Exordium Thugs","floor":14.0,"turns":3.0},{"damage":28.0,"enemies":"Hexaghost","floor":16.0,"turns":10.0},{"damage":3.0,"enemies":"3 Byrds","floor":18.0,"turns":5.0},{"damage":0.0,"enemies":"Shell Parasite","floor":19.0,"turns":6.0},{"damage":3.0,"enemies":"Chosen and Byrds","floor":21.0,"turns":7.0},{"damage":4.0,"enemies":"Centurion and Healer","floor":22.0,"turns":6.0},{"damage":16.0,"enemies":"Book of Stabbing","floor":23.0,"turns":5.0},{"damage":12.0,"enemies":"Sentry and Sphere","floor":24.0,"turns":5.0},{"damage":19.0,"enemies":"Cultist and Chosen","floor":27.0,"turns":6.0},{"damage":3.0,"enemies":"Centurion and Healer","floor":29.0,"turns":5.0},{"damage":28.0,"enemies":"Gremlin Leader","floor":31.0,"turns":7.0},{"damage":74.0,"enemies":"Collector","floor":33.0,"turns":11.0},{"damage":6.0,"enemies":"Orb Walker","floor":35.0,"turns":3.0},{"damage":14.0,"enemies":"3 Darklings","floor":36.0,"turns":5.0},{"damage":13.0,"enemies":"4 Shapes","floor":38.0,"turns":8.0},{"damage":55.0,"enemies":"2 Orb Walkers","floor":41.0,"turns":7.0},{"damage":1.0,"enemies":"Maw","floor":44.0,"turns":9.0},{"damage":8.0,"enemies":"Sphere and 2 Shapes","floor":46.0,"turns":10.0},{"damage":109,"enemies":"Donu and Deca","floor":50,"turns":11}],"event_choices":[{"event_name":"Living Wall","player_choice":"Grow","floor":4.0,"damage_taken":0.0}],"boss_relics":[],"potions_floor_spawned":[2,11,13,14,18,22,23,24,33,35,36,38,41,44,46],"seed_played":"-7085495617138111453","ascension_level":0,"is_trial":false}