{"path_per_floor":["M","M","M","M","T","R","?","$","T","M","E","R","?","T","R","B",null,"M","M","?","M","?","?","R","$","T","?","M","M","?","$","R","B",null,"M","M","$","M","M","R","M","M","T","M","?","M","?","M","R","B"],"character_chosen":"IRONCLAD","items_purchased":["Finesse","Uppercut","Whetstone","Block Potion","Happy Flower"],"gold_per_floor":[118,131,144,162,162,162,162,5,5,24,52,52,52,125,125,223,223,237,249,174,192,192,192,192,36,36,36,53,71,71,23,23,121,121,139,153,10,28,41,41,56,72,96,112,112,125,125,137,137,137],"floor_reached":51,"campfire_rested":0,"playtime":3872,"current_hp_per_floor":[80,80,80,75,75,75,75,75,75,80,62,62,55,55,55,48,80,73,75,75,67,67,67,67,67,67,67,66,68,68,68,68,47,80,80,80,80,70,72,72,66,80,80,76,76,75,75,73,73,53],"items_purged":[],"gold":137,"score":653,"play_id":"995105d3-bf9e-4be0-9f80-d92c2ac06f84","local_time":"20180328230402","is_prod":false,"is_daily":false,"is_ascension_mode":false,"campfire_upgraded":4,"timestamp":1522271042,"path_taken":["M","?","?","?","?","R","?","?","T","M","E","R","?","?","R","BOSS","M","M","?","?","?","?","R","$","T","?","?","M","?","$","R","BOSS","M","M","$","M","M","R","M","M","T","M","?","?","?","?","R","BOSS"],"build_version":"2018-03-22v2","purchased_purges":2,"victory":true,"master_deck":["Strike_R+1","Strike_R+1","Defend_R+1","Defend_R+1","Defend_R+1","Bash","Body Slam+1","Warcry","Flame Barrier","Armaments+1","Finesse+1","Uppercut","Inflame","Reaper","Offering","Sword Boomerang+1","Flame Barrier+1","True Grit+1","Heavy Blade+1","Disarm","Thunderclap+1","Demon Form+1","Sword Boomerang+1","Battle Trance+1","Iron Wave","Shrug It Off+1","Offering","Disarm"],"max_hp_per_floor":[80,80,80,80,80,80,80,80,80,80,80,80,80,80,80,80,80,80,80,80,80,80,80,80,80,80,80,80,80,80,80,80,80,80,80,80,80,80,80,80,80,80,80,80,80,80,80,80,80,80],"relics":["Burning Blood","Meat on the Bone","Girya","Bag of Preparation","Champion Belt","Bottled Tornado","Mark of Pain","Whetstone","Bottled Lightning","White Beast Statue","Happy Flower","War Paint"],"card_choices":[{"not_picked":["Thunderclap","Clash"],"picked":"Body Slam","floor":1.0},{"not_picked":["Carnage","Second Wind"],"picked":"Warcry","floor":2.0},{"not_picked":["Body Slam","Infernal Blade"],"picked":"Flame Barrier","floor":3.0},{"not_picked":["Warcry","Shrug It Off"],"picked":"Armaments","floor":4.0},{"not_picked":["Clash","Pommel Strike"],"picked":"Inflame","floor":10.0},{"not_picked":["Power Through","Combust"],"picked":"Reaper","floor":11.0},{"not_picked":["Immolate","Exhume"],"picked":"Offering","floor":16.0},{"not_picked":["Clothesline","Headbutt"],"picked":"Sword Boomerang","floor":18.0},{"not_picked":["Sword Boomerang","Dropkick"],"picked":"Flame Barrier","floor":19.0},{"not_picked":["Inflame","Seeing Red"],"picked":"True Grit","floor":21.0},{"not_picked":["Armaments","Wild Strike"],"picked":"Disarm","floor":28.0},{"not_picked":["Inflame","Iron Wave"],"picked":"Thunderclap","floor":29.0},{"not_picked":["Impervious","Immolate"],"picked":"Demon Form","floor":33.0},{"not_picked":["Flex","Dropkick"],"picked":"Sword Boomerang","floor":35.0},{"not_picked":["Disarm","Shrug It Off"],"picked":"Battle Trance","floor":36.0},{"not_picked":["Cleave","Evolve"],"picked":"Iron Wave","floor":38},{"not_picked":["Body Slam","Thunderclap"],"picked":"Shrug It Off","floor":42},{"not_picked":["Reckless Charge","Anger"],"picked":"Offering","floor":46},{"not_picked":["Thunderclap","Pommel Strike"],"picked":"Disarm","floor":48}],"player_experience":950784,"potions_floor_usage":[41,42,44,46,46,46,48,50],"damage_taken":[{"damage":6.0,"enemies":"Cultist","floor":1.0,"turns":3.0},{"damage":5.0,"enemies":"Jaw Worm","floor":2.0,"turns":4.0},{"damage":4.0,"enemies":"2 Louse","floor":3.0,"turns":3.0},{"damage":11.0,"enemies":"Lots of Slimes","floor":4.0,"turns":5.0},{"damage":0.0,"enemies":"Blue Slaver","floor":10.0,"turns":4.0},{"damage":24.0,"enemies":"Lagavulin","floor":11.0,"turns":6.0},{"damage":26.0,"enemies":"Hexaghost","floor":16.0,"turns":11.0},{"damage":21.0,"enemies":"2 Thieves","floor":18.0,"turns":4.0},{"damage":4.0,"enemies":"Spheric Guardian","floor":19.0,"turns":3.0},{"damage":14.0,"enemies":"Slaver and Parasite","floor":21.0,"turns":4.0},{"damage":7.0,"enemies":"Sentry and Sphere","floor":28.0,"turns":3.0},{"damage":4.0,"enemies":"Snake Plant","floor":29.0,"turns":1.0},{"damage":39.0,"enemies":"Champ","floor":33.0,"turns":9.0},{"damage":5.0,"enemies":"3 Darklings","floor":35.0,"turns":3.0},{"damage":4.0,"enemies":"Orb Walker","floor":36.0,"turns":2.0},{"damage":16,"enemies":"Maw","floor":38,"turns":6},{"damage":4,"enemies":"3 Darklings","floor":39,"turns":4},{"damage":12,"enemies":"Sphere and 2 Shapes","floor":41,"turns":3},{"damage":4,"enemies":"4 Shapes","floor":42,"turns":5},{"damage":10,"enemies":"3 Darklings","floor":44,"turns":3},{"damage":19,"enemies":"Maw","floor":46,"turns":6},{"damage":8,"enemies":"Sphere and 2 Shapes","floor":48,"turns":4},{"damage":53,"enemies":"Time Eater","floor":50,"turns":8}],"event_choices":[{"event_name":"Bonfire Elementals","player_choice":"BASIC","floor":7.0,"damage_taken":0.0},{"event_name":"Scrap Ooze","player_choice":"success","floor":13.0,"damage_taken":7.0},{"event_name":"Beggar","player_choice":"Gave Gold","floor":20.0,"damage_taken":0.0},{"event_name":"The Library","player_choice":"Read","floor":22.0,"damage_taken":0.0},{"event_name":"Back to Basics","player_choice":"Simplicity","floor":23.0,"damage_taken":0.0},{"event_name":"The Mausoleum","player_choice":"No","floor":27.0,"damage_taken":0.0},{"event_name":"Vampires","player_choice":"Ignored","floor":30.0,"damage_taken":0.0},{"event_name":"Mysterious Sphere","player_choice":"Ignore","floor":45,"damage_taken":0}],"boss_relics":[],"potions_floor_spawned":[3,10,11,18,21,33,35,36,38,39,41,42,44,46,48],"seed_played":"-1550199768452514102","ascension_level":0,"is_trial":false}