{"path_per_floor":["M","$","?","M","M","E","M","R","T","?","M","M","R","M","R","B",null,"M","M","?","M","$","R","M","R","T","?","M","M","M","M","R","B",null,"M","M","$","?","?","R","M","E","T","R","?","M","R","M","R","B"],"character_chosen":"IRONCLAD","items_purchased":["Spot Weakness","Reaper","Mummified Hand"],"gold_per_floor":[115,0,0,12,22,52,67,67,67,97,113,127,127,146,146,249,249,269,289,289,299,62,62,72,72,126,126,136,147,158,176,176,276,276,291,309,66,66,66,66,76,105,129,129,129,149,149,168,168,168],"floor_reached":51,"campfire_rested":1,"playtime":2758,"current_hp_per_floor":[80,80,73,76,79,33,33,57,57,62,58,62,62,70,70,31,92,92,92,92,93,93,93,96,96,96,96,97,102,97,87,87,53,106,94,106,106,106,106,106,106,100,100,100,100,106,106,97,97,69],"items_purged":["Defend_R","Strike_R"],"gold":168,"score":710,"play_id":"dda895f4-1b82-48e8-8260-7a75e6c85395","local_time":"20180403231537","is_prod":false,"is_daily":false,"is_ascension_mode":false,"campfire_upgraded":9,"timestamp":1522790137,"path_taken":["M","$","?","M","M","E","M","R","T","?","M","?","R","M","R","BOSS","M","M","?","M","$","R","M","R","T","?","M","M","M","M","R","BOSS","M","M","$","?","?","R","?","E","T","R","?","M","R","M","R","BOSS"],"build_version":"2018-03-29v2","purchased_purges":2,"victory":true,"master_deck":["Strike_R+1","Strike_R+1","Strike_R+1","Defend_R+1","Defend_R+1","Defend_R+1","Seeing Red","Spot Weakness+1","Cleave+1","Metallicize+1","Thunderclap","Feed+1","Uppercut+1","Iron Wave","Limit Break+1","Pummel+1","Evolve","Heavy Blade+1","Reaper","Warcry+1","Shrug It Off+1","Flex+1","Battle Trance","Offering","Twin Strike","Wild Strike","Impervious+1","Trip+1","Metallicize+1"],"max_hp_per_floor":[80,80,80,80,80,80,80,80,80,80,83,86,86,89,89,92,92,92,92,92,95,95,95,98,98,98,98,102,102,106,106,106,106,106,106,106,106,106,106,106,106,106,106,106,106,110,110,110,110,114],"relics":["Burning Blood","Orichalcum","Oddly Smooth Stone","Odd Mushroom","Sozu","Whetstone","Orrery","Mummified Hand","Bag of Preparation","Bronze Scales"],"card_choices":[{"not_picked":["Wild Strike","Pummel"],"picked":"Seeing Red","floor":1.0},{"not_picked":["Hemokinesis","Pommel Strike"],"picked":"Cleave","floor":4.0},{"not_picked":["Infernal Blade","Cleave"],"picked":"Metallicize","floor":5.0},{"not_picked":["Wild Strike","Infernal Blade"],"picked":"Thunderclap","floor":7.0},{"not_picked":["Searing Blow","Feel No Pain"],"picked":"Feed","floor":10.0},{"not_picked":["Second Wind","Wild Strike"],"picked":"Uppercut","floor":11.0},{"not_picked":["Thunderclap","Burning Pact"],"picked":"Iron Wave","floor":14},{"not_picked":["Dark Embrace","Exhume"],"picked":"Limit Break","floor":16},{"not_picked":["Armaments","Inflame"],"picked":"Pummel","floor":18},{"not_picked":["Warcry","Iron Wave"],"picked":"Evolve","floor":19},{"not_picked":["Rupture","Flex"],"picked":"Heavy Blade","floor":21},{"not_picked":["Burning Pact","Twin Strike"],"picked":"Warcry","floor":24},{"not_picked":["Iron Wave","Thunderclap"],"picked":"Flex","floor":29},{"not_picked":["Dual Wield","Wild Strike"],"picked":"Battle Trance","floor":31},{"not_picked":["Bludgeon","Berserk"],"picked":"Offering","floor":33},{"not_picked":["Blood for Blood","Clothesline"],"picked":"Twin Strike","floor":34},{"not_picked":["Twin Strike","Clothesline"],"picked":"Wild Strike","floor":34},{"not_picked":["Twin Strike","Ghostly Armor"],"picked":"Impervious","floor":35},{"not_picked":["Jack Of All Trades","Deep Breath"],"picked":"Trip","floor":38},{"not_picked":["Burning Pact","Anger"],"picked":"Metallicize","floor":48}],"player_experience":959501,"potions_floor_usage":[16,19,19],"damage_taken":[{"damage":6.0,"enemies":"Jaw Worm","floor":1.0,"turns":5.0},{"damage":3.0,"enemies":"2 Louse","floor":4.0,"turns":2.0},{"damage":3.0,"enemies":"Small Slimes","floor":5.0,"turns":3.0},{"damage":52.0,"enemies":"Gremlin Nob","floor":6.0,"turns":6.0},{"damage":6.0,"enemies":"3 Louse","floor":7.0,"turns":3.0},{"damage":1.0,"enemies":"The Mushroom Lair","floor":10.0,"turns":4.0},{"damage":13.0,"enemies":"Large Slime","floor":11.0,"turns":8.0},{"damage":5,"enemies":"Exordium Thugs","floor":12,"turns":3},{"damage":1,"enemies":"Looter","floor":14,"turns":2},{"damage":48,"enemies":"Hexaghost","floor":16,"turns":10},{"damage":5,"enemies":"3 Byrds","floor":18,"turns":5},{"damage":0,"enemies":"Spheric Guardian","floor":19,"turns":4},{"damage":8,"enemies":"Snecko","floor":21,"turns":6},{"damage":6,"enemies":"Centurion and Healer","floor":24,"turns":8},{"damage":9,"enemies":"Slaver and Parasite","floor":28,"turns":4},{"damage":1,"enemies":"Snecko","floor":29,"turns":3},{"damage":15,"enemies":"Sentry and Sphere","floor":30,"turns":4},{"damage":16,"enemies":"Slaver and Parasite","floor":31,"turns":5},{"damage":40,"enemies":"Automaton","floor":33,"turns":10},{"damage":18,"enemies":"Orb Walker","floor":35,"turns":3},{"damage":15,"enemies":"3 Darklings","floor":36,"turns":4},{"damage":4,"enemies":"Maw","floor":41,"turns":7},{"damage":12,"enemies":"Nemesis","floor":42,"turns":5},{"damage":4,"enemies":"4 Shapes","floor":46,"turns":1},{"damage":15,"enemies":"3 Darklings","floor":48,"turns":4},{"damage":54,"enemies":"Donu and Deca","floor":50,"turns":8}],"event_choices":[{"event_name":"Golden Wing","player_choice":"Card Removal","floor":3.0,"damage_taken":0.0},{"event_name":"Mushrooms","player_choice":"Fought Mushrooms","floor":10.0,"damage_taken":0.0},{"event_name":"Back to Basics","player_choice":"Simplicity","floor":20,"damage_taken":0},{"event_name":"The Library","player_choice":"Read","floor":27,"damage_taken":0},{"event_name":"SensoryStone","player_choice":"Memory 1","floor":38,"damage_taken":0},{"event_name":"Upgrade Shrine","player_choice":"Upgraded","floor":39,"damage_taken":0},{"event_name":"Mysterious Sphere","player_choice":"Ignore","floor":45,"damage_taken":0}],"boss_relics":[{"not_picked":["Black Star","Velvet Choker"],"picked":"Sozu"},{"not_picked":["Philosopher\u0027s Stone","Runic Pyramid"],"picked":"Orrery"}],"potions_floor_spawned":[1,6,7,12,14,16,21,24,28,33,35,41,42],"seed_played":"4261802547053232686","ascension_level":0,"is_trial":false}