{"path_per_floor":["M","M","?","$","M","E","R","?","T","M","E","R","M","M","R","B",null,"M","?","$","T","?","R","E","R","T","E","$","M","M","M","R","B",null,"M","?","$","T","M","R","M","R","T","R","?","?","?","M","R","B"],"character_chosen":"IRONCLAD","items_purchased":["Rage","Shuriken","Heavy Blade","Inflame","Bag of Preparation"],"gold_per_floor":[117,127,127,52,62,96,96,171,197,211,238,238,252,268,268,372,372,383,383,18,18,18,18,47,47,104,132,45,62,80,91,91,194,194,205,205,4,4,15,15,26,26,49,49,49,49,49,59,59,59],"floor_reached":51,"campfire_rested":2,"playtime":1867,"current_hp_per_floor":[80,80,64,64,64,59,59,48,48,49,50,50,56,60,60,60,80,80,64,64,64,64,80,69,69,69,49,49,51,55,51,75,56,80,71,61,61,61,71,71,69,69,69,69,80,80,80,73,73,22],"items_purged":["Strike_R","Strike_R","Inflame"],"gold":59,"score":793,"play_id":"3f0e6273-3053-481f-a8cf-ab97ed1c0916","local_time":"20180401191325","is_prod":false,"is_daily":false,"is_ascension_mode":false,"campfire_upgraded":8,"timestamp":1522602805,"path_taken":["M","M","?","$","M","E","R","?","T","M","E","R","M","M","R","BOSS","M","?","$","?","?","R","E","R","T","E","?","?","M","M","R","BOSS","M","?","$","?","M","R","?","R","T","R","?","?","?","M","R","BOSS"],"build_version":"2018-03-29v2","purchased_purges":5,"victory":true,"master_deck":["Strike_R","Strike_R+1","Strike_R+1","Defend_R","Defend_R","Defend_R","Defend_R","Bash+1","Cleave","Flex+1","Whirlwind+1","Disarm","Pummel+1","Sword Boomerang+1","Demon Form+1","Armaments+1","Rage+1","Heavy Blade+1","Shrug It Off+1","Iron Wave+1","Shockwave+1","Reaper","Warcry+1","Madness"],"max_hp_per_floor":[80,80,80,80,80,80,80,80,80,80,80,80,80,80,80,80,80,80,80,80,80,80,80,80,80,80,80,80,80,80,80,80,80,80,80,80,80,80,80,80,80,80,80,80,80,80,80,80,80,80],"relics":["Burning Blood","Vajra","Orichalcum","Omamori","Bottled Flame","Sozu","Nilry\u0027s Codex","Shuriken","Smiling Mask","Charon\u0027s Ashes","Art of War","Tiny Chest","Whetstone","Mark of Pain","Bag of Preparation","Calipers","Oddly Smooth Stone"],"card_choices":[{"not_picked":["Armaments","Flex"],"picked":"Cleave","floor":1.0},{"not_picked":["Seeing Red","Clash"],"picked":"Flex","floor":2.0},{"not_picked":["Seeing Red","Feel No Pain"],"picked":"Whirlwind","floor":5.0},{"not_picked":["Havoc","Feel No Pain"],"picked":"Disarm","floor":6.0},{"not_picked":["Immolate","Headbutt"],"picked":"Pummel","floor":11.0},{"not_picked":["Warcry","Combust"],"picked":"Sword Boomerang","floor":14.0},{"not_picked":["Exhume","Immolate"],"picked":"Demon Form","floor":16.0},{"not_picked":["Body Slam","Feel No Pain"],"picked":"Armaments","floor":18.0},{"not_picked":["Rage","Clash"],"picked":"Shrug It Off","floor":24.0},{"not_picked":["Havoc","Thunderclap"],"picked":"Iron Wave","floor":30.0},{"not_picked":["Clothesline","Sentinel"],"picked":"Shockwave","floor":31.0},{"not_picked":["Demon Form","Exhume"],"picked":"Reaper","floor":33.0},{"not_picked":["Thunderclap","Burning Pact"],"picked":"Warcry","floor":35}],"player_experience":957634,"potions_floor_usage":[],"damage_taken":[{"damage":2.0,"enemies":"2 Louse","floor":1.0,"turns":3.0},{"damage":3.0,"enemies":"Jaw Worm","floor":2.0,"turns":4.0},{"damage":6.0,"enemies":"Cultist","floor":5.0,"turns":3.0},{"damage":11.0,"enemies":"Gremlin Nob","floor":6.0,"turns":3.0},{"damage":5.0,"enemies":"3 Louse","floor":10.0,"turns":2.0},{"damage":5.0,"enemies":"3 Sentries","floor":11.0,"turns":5.0},{"damage":0.0,"enemies":"2 Fungi Beasts","floor":13.0,"turns":1.0},{"damage":2.0,"enemies":"Blue Slaver","floor":14.0,"turns":3.0},{"damage":6.0,"enemies":"Slime Boss","floor":16.0,"turns":4.0},{"damage":4.0,"enemies":"Spheric Guardian","floor":18.0,"turns":3.0},{"damage":17.0,"enemies":"Gremlin Leader","floor":24.0,"turns":6.0},{"damage":26.0,"enemies":"Slavers","floor":27.0,"turns":2.0},{"damage":4.0,"enemies":"2 Thieves","floor":29.0,"turns":2.0},{"damage":2.0,"enemies":"Snecko","floor":30.0,"turns":3.0},{"damage":10.0,"enemies":"Snake Plant","floor":31.0,"turns":4.0},{"damage":25.0,"enemies":"Champ","floor":33.0,"turns":7.0},{"damage":15,"enemies":"3 Darklings","floor":35,"turns":3},{"damage":3,"enemies":"Orb Walker","floor":39,"turns":3},{"damage":8,"enemies":"4 Shapes","floor":41,"turns":2},{"damage":13,"enemies":"Maw","floor":48,"turns":5},{"damage":76,"enemies":"Awakened One","floor":50,"turns":10}],"event_choices":[{"event_name":"Shining Light","player_choice":"Entered Light","floor":3.0,"damage_taken":0.0},{"event_name":"World of Goop","player_choice":"Gather Gold","floor":8.0,"damage_taken":0.0},{"event_name":"Cursed Tome","player_choice":"Obtained Book","floor":19.0,"damage_taken":0.0},{"event_name":"The Mausoleum","player_choice":"Yes","floor":22.0,"damage_taken":0.0},{"event_name":"Winding Halls","player_choice":"Embrace Madness","floor":36,"damage_taken":0},{"event_name":"Bonfire Elementals","player_choice":"UNCOMMON","floor":45,"damage_taken":0},{"event_name":"Mysterious Sphere","player_choice":"Ignore","floor":46,"damage_taken":0},{"event_name":"Match and Keep!","player_choice":"0 cards matched","floor":47,"damage_taken":0}],"boss_relics":[{"not_picked":["Black Star","Question Card"],"picked":"Mark of Pain"}],"potions_floor_spawned":[2,10,11,13,14,18,24,27,33,48],"seed_played":"2248577060465769745","ascension_level":0,"is_trial":false}