{"path_per_floor":["M","?","M","T","$","E","R","T","T","E","?","M","R","M","R","B",null,"M","M","?","M","M","R","M","?","T","M","M","$","M","M","R","B",null,"M","?","M","$","M","R","?","R","T","R","$","M","M","M","R","B"],"character_chosen":"IRONCLAD","items_purchased":["Finesse","Evolve","Oddly Smooth Stone"],"gold_per_floor":[112,112,123,123,48,82,82,82,109,135,200,219,219,231,231,329,329,348,361,286,303,315,315,333,333,333,347,360,161,178,193,193,294,324,334,334,345,118,134,134,134,134,158,158,33,47,59,76,76,76],"floor_reached":51,"campfire_rested":0,"playtime":2713,"current_hp_per_floor":[87,69,88,88,88,61,61,61,61,55,46,52,52,58,58,57,88,88,88,88,88,88,88,88,88,88,90,92,92,92,92,92,94,99,98,98,103,103,104,104,104,104,104,104,104,92,98,94,94,63],"items_purged":["Strike_R","Strike_R","Pain"],"gold":76,"score":663,"play_id":"05b53244-90e4-4e79-8257-3bfa47ea1e5d","local_time":"20180414232451","is_prod":false,"is_daily":false,"chose_seed":false,"is_ascension_mode":false,"campfire_upgraded":9,"timestamp":1523741091,"path_taken":["M","?","M","?","$","E","R","?","T","E","?","M","R","M","R","BOSS","M","M","?","M","M","R","M","?","T","M","M","$","M","?","R","BOSS","M","?","M","$","M","R","?","R","T","R","$","M","?","M","R","BOSS"],"build_version":"2018-04-13","seed_source_timestamp":0,"purchased_purges":5,"victory":true,"master_deck":["Strike_R","Strike_R+1","Strike_R+1","Defend_R","Defend_R","Bash+1","Spot Weakness+1","Cleave+1","Rage+1","Sword Boomerang+1","Iron Wave","Body Slam+1","Inflame","Double Tap+1","Ghostly Armor","Warcry+1","Pommel Strike","Twin Strike+1","Metallicize+1","Finesse","Twin Strike","Heavy Blade+1","Pummel+1","Evolve","Panache+1","Sword Boomerang+1"],"max_hp_per_floor":[88,88,88,88,88,88,88,88,88,88,88,88,88,88,88,88,88,88,88,88,88,88,88,88,88,88,90,92,92,92,92,92,94,99,101,101,103,103,105,105,105,105,105,105,105,107,107,109,109,109],"relics":["Burning Blood","Self Forming Clay","Whetstone","Happy Flower","Anchor","Singing Bowl","Pen Nib","Cursed Key","Tiny House","Oddly Smooth Stone","Prayer Wheel"],"card_choices":[{"not_picked":["Thunderclap","Hemokinesis"],"picked":"Spot Weakness","floor":1.0},{"not_picked":["Spot Weakness","Clothesline"],"picked":"Cleave","floor":3.0},{"not_picked":["Wild Strike","Hemokinesis"],"picked":"Rage","floor":6.0},{"not_picked":["Blood for Blood","Evolve"],"picked":"Sword Boomerang","floor":10.0},{"not_picked":["Thunderclap","Twin Strike"],"picked":"Iron Wave","floor":11.0},{"not_picked":["Iron Wave","Havoc"],"picked":"Body Slam","floor":12.0},{"not_picked":["Sword Boomerang","Evolve"],"picked":"Inflame","floor":14.0},{"not_picked":["Feed","Impervious"],"picked":"Double Tap","floor":16.0},{"not_picked":["Anger","Cleave"],"picked":"Ghostly Armor","floor":18.0},{"not_picked":["Second Wind","Clothesline"],"picked":"Warcry","floor":19.0},{"not_picked":["Iron Wave","Rampage"],"picked":"Pommel Strike","floor":21.0},{"not_picked":["Corruption","Iron Wave"],"picked":"Twin Strike","floor":22.0},{"not_picked":["Twin Strike","Armaments"],"picked":"Metallicize","floor":24.0},{"not_picked":["Armaments","Havoc"],"picked":"Twin Strike","floor":30.0},{"not_picked":["Blood for Blood","Pommel Strike"],"picked":"Heavy Blade","floor":31.0},{"not_picked":["Armaments","Warcry"],"picked":"Pummel","floor":34.0},{"not_picked":["Secret Technique","Panacea"],"picked":"Panache","floor":41.0},{"not_picked":["Twin Strike","Flex"],"picked":"Sword Boomerang","floor":47.0}],"player_experience":430513,"potions_floor_usage":[50,50],"damage_taken":[{"damage":7.0,"enemies":"Small Slimes","floor":1.0,"turns":5.0},{"damage":2.0,"enemies":"2 Louse","floor":3.0,"turns":7.0},{"damage":33.0,"enemies":"Lagavulin","floor":6.0,"turns":5.0},{"damage":12.0,"enemies":"Gremlin Nob","floor":10.0,"turns":4.0},{"damage":15.0,"enemies":"Gremlin Nob","floor":11.0,"turns":4.0},{"damage":0.0,"enemies":"Jaw Worm","floor":12.0,"turns":2.0},{"damage":0.0,"enemies":"Exordium Thugs","floor":14.0,"turns":3.0},{"damage":7.0,"enemies":"The Guardian","floor":16.0,"turns":6.0},{"damage":2.0,"enemies":"Shell Parasite","floor":18.0,"turns":4.0},{"damage":0.0,"enemies":"3 Byrds","floor":19.0,"turns":4.0},{"damage":5.0,"enemies":"Snecko","floor":21.0,"turns":3.0},{"damage":0.0,"enemies":"Cultist and Chosen","floor":22.0,"turns":4.0},{"damage":0.0,"enemies":"Centurion and Healer","floor":24.0,"turns":4.0},{"damage":0.0,"enemies":"Snake Plant","floor":27.0,"turns":4.0},{"damage":4.0,"enemies":"Slaver and Parasite","floor":28.0,"turns":3.0},{"damage":0.0,"enemies":"Centurion and Healer","floor":30.0,"turns":4.0},{"damage":0.0,"enemies":"Snake Plant","floor":31.0,"turns":3.0},{"damage":5.0,"enemies":"Champ","floor":33.0,"turns":6.0},{"damage":9.0,"enemies":"3 Darklings","floor":35.0,"turns":3.0},{"damage":0.0,"enemies":"Orb Walker","floor":37.0,"turns":2.0},{"damage":7.0,"enemies":"4 Shapes","floor":39.0,"turns":4.0},{"damage":20.0,"enemies":"Spire Growth","floor":46.0,"turns":3.0},{"damage":0.0,"enemies":"3 Darklings","floor":47.0,"turns":3.0},{"damage":12,"enemies":"Flame Bruiser 2 Orb","floor":48,"turns":5},{"damage":52,"enemies":"Donu and Deca","floor":50,"turns":6}],"event_choices":[{"event_name":"Shining Light","player_choice":"Entered Light","floor":2.0,"damage_taken":0.0},{"event_name":"Dead Adventurer","player_choice":"Searched \u00272\u0027 times","floor":11.0,"damage_taken":0.0},{"event_name":"Beggar","player_choice":"Gave Gold","floor":20.0,"damage_taken":0.0},{"event_name":"Vampires","player_choice":"Ignored","floor":25.0,"damage_taken":0.0},{"event_name":"SensoryStone","player_choice":"Memory 1","floor":41.0,"damage_taken":0.0}],"boss_relics":[],"potions_floor_spawned":[1,6,11,12,18,21,30,31,33,35,46],"seed_played":"-7153662633400675772","ascension_level":0,"is_trial":false}