{"path_per_floor":["M","?","M","T","M","E","?","R","T","E","$","M","M","M","R","B",null,"M","?","M","$","?","R","M","R","T","M","R","M","M","E","R","B",null,"M","$","M","$","?","R","M","?","T","M","R","M","R","$","R","B"],"character_chosen":"IRONCLAD","items_purchased":["Apotheosis","Wild Strike","Blind","Flex","Dexterity Potion","Swift Potion"],"gold_per_floor":[114,114,124,150,170,226,176,176,176,208,17,28,47,65,65,164,194,176,176,192,57,57,57,77,77,100,114,114,124,134,159,159,257,257,276,177,189,40,40,40,60,60,84,101,101,118,118,68,68,68],"floor_reached":51,"campfire_rested":1,"playtime":2608,"current_hp_per_floor":[80,80,79,79,80,68,68,68,68,54,54,56,62,68,68,50,85,85,85,84,84,84,84,85,85,85,85,85,81,74,61,85,23,85,83,83,85,85,85,85,70,70,70,85,85,85,85,85,85,76],"items_purged":["Strike_R","Strike_R"],"gold":68,"score":704,"play_id":"3262906f-3e47-4b9a-9af9-3cf14263044e","local_time":"20180416233404","is_prod":false,"is_daily":false,"chose_seed":false,"is_ascension_mode":false,"campfire_upgraded":9,"timestamp":1523914444,"path_taken":["M","?","M","?","M","E","?","R","T","E","$","M","M","?","R","BOSS","M","?","M","$","?","R","M","R","T","M","R","M","M","E","R","BOSS","M","$","M","$","?","R","M","?","T","?","R","M","R","?","R","BOSS"],"build_version":"2018-04-13","seed_source_timestamp":21513672366040,"purchased_purges":5,"victory":true,"master_deck":["Strike_R+1","Strike_R","Defend_R","Defend_R","Defend_R","Bash+1","Metallicize+1","Battle Trance","Perfected Strike+1","Warcry","Impervious","Apotheosis+1","Uppercut","Flame Barrier+1","Reaper","Exhume","Inflame+1","Shrug It Off","Body Slam+1","Wild Strike+1","Blind+1","Shrug It Off","True Grit+1","Limit Break+1","Second Wind+1","Flex","Heavy Blade","Secret Weapon","Perfected Strike","Perfected Strike+1","Shrug It Off","Disarm"],"max_hp_per_floor":[80,80,80,80,80,80,80,80,80,80,80,80,80,80,80,80,85,85,85,85,85,85,85,85,85,85,85,85,85,85,85,85,85,85,85,85,85,85,85,85,85,85,85,85,85,85,85,85,85,85],"relics":["Burning Blood","Whetstone","Tiny Chest","Shuriken","Bag of Marbles","Tiny House","Prayer Wheel","Regal Pillow","Mark of Pain","Oddly Smooth Stone"],"card_choices":[{"not_picked":["Body Slam","Feel No Pain"],"picked":"Metallicize","floor":1.0},{"not_picked":["Flex","Thunderclap"],"picked":"Battle Trance","floor":3.0},{"not_picked":["Anger","Wild Strike"],"picked":"Perfected Strike","floor":5.0},{"not_picked":["Clash","Wild Strike"],"picked":"Warcry","floor":6.0},{"not_picked":["Warcry","Reckless Charge"],"picked":"Impervious","floor":10.0},{"not_picked":["Reckless Charge","Thunderclap"],"picked":"Uppercut","floor":12.0},{"not_picked":["Headbutt","Wild Strike"],"picked":"Flame Barrier","floor":13.0},{"not_picked":["Hemokinesis","Clothesline"],"picked":"Reaper","floor":14.0},{"not_picked":["Bludgeon","Limit Break"],"picked":"Exhume","floor":16.0},{"not_picked":["Infernal Blade","Dual Wield"],"picked":"Inflame","floor":17.0},{"not_picked":["Thunderclap","Flex"],"picked":"Shrug It Off","floor":18.0},{"not_picked":["Cleave","Ghostly Armor"],"picked":"Body Slam","floor":20.0},{"not_picked":["Armaments","Cleave"],"picked":"Shrug It Off","floor":30.0},{"not_picked":["Metallicize","Bludgeon"],"picked":"True Grit","floor":31.0},{"not_picked":["Immolate","Offering"],"picked":"Limit Break","floor":33.0},{"not_picked":["Searing Blow","Iron Wave"],"picked":"Second Wind","floor":35.0},{"not_picked":["Havoc","Feel No Pain"],"picked":"Heavy Blade","floor":37.0},{"not_picked":["Deep Breath","Good Instincts"],"picked":"Secret Weapon","floor":39.0},{"not_picked":["Flex","Combust"],"picked":"Perfected Strike","floor":41.0},{"not_picked":["Clothesline","Seeing Red"],"picked":"Perfected Strike","floor":43.0},{"not_picked":["Thunderclap","Headbutt"],"picked":"Shrug It Off","floor":44},{"not_picked":["Battle Trance","Dual Wield"],"picked":"Disarm","floor":46}],"player_experience":445602,"potions_floor_usage":[44,50,50,50],"damage_taken":[{"damage":3.0,"enemies":"2 Louse","floor":1.0,"turns":4.0},{"damage":7.0,"enemies":"Cultist","floor":3.0,"turns":4.0},{"damage":0.0,"enemies":"Small Slimes","floor":5.0,"turns":3.0},{"damage":18.0,"enemies":"Lagavulin","floor":6.0,"turns":5.0},{"damage":20.0,"enemies":"Gremlin Nob","floor":10.0,"turns":4.0},{"damage":4.0,"enemies":"Exordium Wildlife","floor":12.0,"turns":3.0},{"damage":0.0,"enemies":"2 Fungi Beasts","floor":13.0,"turns":2.0},{"damage":0.0,"enemies":"Exordium Thugs","floor":14.0,"turns":2.0},{"damage":28.0,"enemies":"Hexaghost","floor":16.0,"turns":10.0},{"damage":4.0,"enemies":"2 Thieves","floor":18.0,"turns":4.0},{"damage":7.0,"enemies":"3 Byrds","floor":20.0,"turns":6.0},{"damage":3.0,"enemies":"Snecko","floor":24.0,"turns":3.0},{"damage":15.0,"enemies":"3 Cultists","floor":27.0,"turns":6.0},{"damage":10.0,"enemies":"Snake Plant","floor":29.0,"turns":2.0},{"damage":22.0,"enemies":"Snecko","floor":30.0,"turns":7.0},{"damage":19.0,"enemies":"Book of Stabbing","floor":31.0,"turns":6.0},{"damage":80.0,"enemies":"Champ","floor":33.0,"turns":19.0},{"damage":8.0,"enemies":"Flame Bruiser 1 Orb","floor":35.0,"turns":4.0},{"damage":0.0,"enemies":"Orb Walker","floor":37.0,"turns":4.0},{"damage":56.0,"enemies":"Flame Bruiser 2 Orb","floor":41.0,"turns":9.0},{"damage":10,"enemies":"Spire Growth","floor":44,"turns":5},{"damage":13,"enemies":"Maw","floor":46,"turns":8},{"damage":46,"enemies":"Time Eater","floor":50,"turns":12}],"event_choices":[{"event_name":"The Lab","player_choice":"Got Potions","floor":2.0,"damage_taken":0.0},{"event_name":"The Cleric","player_choice":"Card Removal","floor":7.0,"damage_taken":0.0},{"event_name":"The Mausoleum","player_choice":"No","floor":19.0,"damage_taken":0.0},{"event_name":"Beggar","player_choice":"Ignored","floor":22.0,"damage_taken":0.0},{"event_name":"SensoryStone","player_choice":"Memory 1","floor":39.0,"damage_taken":0.0}],"boss_relics":[],"potions_floor_spawned":[1,3,10,12,14,18,20,24,31,35,37,44],"seed_played":"-720504658378702387","ascension_level":0,"is_trial":false}