{"path_per_floor":["M","?","?","M","M","E","M","R","T","M","M","M","$","M","R","B",null,"M","M","$","M","M","R","M","M","T","?","R","M","$","E","R"],"character_chosen":"IRONCLAD","items_purchased":["Self Forming Clay","Shrug It Off","Medical Kit"],"gold_per_floor":[113,63,63,84,97,138,162,162,231,246,269,294,44,67,67,197,197,221,242,119,142,161,161,174,187,187,187,187,211,10,50,50],"floor_reached":33,"campfire_rested":5,"playtime":2408,"current_hp_per_floor":[80,80,60,66,71,22,8,32,32,36,42,33,33,39,63,24,80,80,75,75,60,33,57,53,50,50,50,74,72,72,16,40],"items_purged":["Rage"],"gold":50,"score":303,"play_id":"a8d89f0d-71f7-4242-8918-85af6c59f613","is_prod":false,"is_daily":false,"is_ascension_mode":true,"campfire_upgraded":0,"path_taken":["M","?","?","M","M","E","M","R","T","M","M","M","$","M","R","BOSS","M","M","$","M","M","R","M","M","T","?","R","?","?","E","R","BOSS"],"build_version":"2018-02-15-PROD1","purchased_purges":1,"victory":false,"master_deck":["Strike_R","Strike_R","Strike_R","Defend_R","Bash","Whirlwind","Double Tap","Iron Wave","Flame Barrier","Heavy Blade","Offering","Shockwave+1","Power Through+1","Flex","Inflame","Shrug It Off","Iron Wave+1","Second Wind","Flex+1","Inflame","Metallicize+1"],"max_hp_per_floor":[80,80,80,80,80,80,80,80,80,80,80,80,80,80,80,80,80,80,80,80,80,80,80,80,80,80,80,80,80,80,80,80],"relics":["Burning Blood","Bag of Preparation","Golden Idol","Vajra","Dodecahedron","Self Forming Clay","Astrolabe","Matryoshka","Medical Kit","Ancient Tea Set"],"card_choices":[{"not_picked":["Rampage","Clash"],"picked":"Whirlwind"},{"not_picked":["Fire Breathing","Perfected Strike"],"picked":"Double Tap"},{"not_picked":["Perfected Strike","Anger"],"picked":"Iron Wave"},{"not_picked":["Rampage","Cleave"],"picked":"Flame Barrier"},{"not_picked":["Perfected Strike","Bloodletting"],"picked":"Heavy Blade"},{"not_picked":["Impervious","Barricade"],"picked":"Offering"},{"not_picked":["Anger","Reckless Charge"],"picked":"Flex"},{"not_picked":["Combust","Sword Boomerang"],"picked":"Inflame"},{"not_picked":["Power Through","Clash"],"picked":"Iron Wave"},{"not_picked":["Iron Wave","Uppercut"],"picked":"Second Wind"},{"not_picked":["Dual Wield","Thunderclap"],"picked":"Flex"},{"not_picked":["Wild Strike","Bloodletting"],"picked":"Inflame"},{"not_picked":["Second Wind","Rage"],"picked":"Metallicize"}],"player_experience":46452,"potions_floor_usage":[6,12,16,16,24,25,31,33],"damage_taken":[{"damage":2,"enemies":"Jaw Worm","floor":1,"turns":3},{"damage":0,"enemies":"Small Slimes","floor":4,"turns":4},{"damage":1,"enemies":"Cultist","floor":5,"turns":3},{"damage":55,"enemies":"Lagavulin","floor":6,"turns":9},{"damage":20,"enemies":"Red Slaver","floor":7,"turns":4},{"damage":2,"enemies":"Looter","floor":10,"turns":4},{"damage":0,"enemies":"Lots of Slimes","floor":11,"turns":1},{"damage":15,"enemies":"Large Slime","floor":12,"turns":5},{"damage":0,"enemies":"2 Fungi Beasts","floor":14,"turns":2},{"damage":45,"enemies":"Hexaghost","floor":16,"turns":8},{"damage":4,"enemies":"Spheric Guardian","floor":18,"turns":3},{"damage":11,"enemies":"2 Thieves","floor":19,"turns":4},{"damage":21,"enemies":"Centurion and Healer","floor":21,"turns":9},{"damage":33,"enemies":"Cultist and Chosen","floor":22,"turns":5},{"damage":10,"enemies":"Snecko","floor":24,"turns":4},{"damage":9,"enemies":"Centurion and Healer","floor":25,"turns":6},{"damage":8,"enemies":"3 Cultists","floor":29,"turns":5},{"damage":62,"enemies":"Gremlin Leader","floor":31,"turns":9},{"damage":50,"enemies":"Automaton","floor":33,"turns":6}],"event_choices":[{"event_name":"The Cleric","player_choice":"Card Removal","floor":2,"damage_taken":0},{"event_name":"Golden Idol","player_choice":"Take Damage","floor":3,"damage_taken":0},{"event_name":"Back to Basics","player_choice":"Elegance","floor":27,"damage_taken":0}],"boss_relics":[{"not_picked":["Velvet Choker","Snecko Eye"],"picked":"Astrolabe"}],"potions_floor_spawned":[4,6,11,12,18,22,24,29],"seed_played":"3437935793300168716","killed_by":"Automaton","ascension_level":2,"is_trial":false}