{"path_per_floor":["M","M","?","?","$","R","?","M","T","T","?","?","?","?","R","B",null,"M","$","M","?","?","R","E","M","T","?","R","?","?","M","R","B",null,"M","$","?","?","M","R","?","M","T","M","?","M","R","M","R","B"],"character_chosen":"IRONCLAD","items_purchased":["Kunai"],"gold_per_floor":[112,125,125,125,50,50,225,244,244,244,244,306,256,256,256,360,360,371,22,42,42,42,42,69,84,111,111,111,111,111,124,124,227,227,239,114,0,0,12,12,12,29,29,46,46,64,64,83,83,83],"floor_reached":51,"campfire_rested":0,"playtime":2276,"current_hp_per_floor":[77,80,73,73,73,73,73,79,79,79,84,76,76,59,59,34,85,71,71,57,57,57,57,49,55,55,55,55,55,83,80,80,25,85,85,85,85,85,88,88,88,88,88,88,77,80,80,86,86,37],"items_purged":["Strike_R","Strike_R","Regret"],"gold":83,"score":624,"play_id":"e575b6ff-1cd5-4aff-9313-a8eb0ac47e73","is_prod":false,"is_daily":false,"is_ascension_mode":true,"campfire_upgraded":5,"path_taken":["M","M","?","?","$","R","?","M","T","?","?","?","?","?","R","BOSS","M","$","M","?","?","R","E","M","T","?","R","?","?","M","R","BOSS","M","$","?","?","M","R","?","M","T","M","?","M","R","M","R","BOSS"],"build_version":"2018-02-15-PROD1","purchased_purges":3,"victory":true,"master_deck":["Strike_R","Strike_R","Strike_R+1","Defend_R+1","Defend_R","Pommel Strike+1","Heavy Blade+1","Spot Weakness","Iron Wave","Shrug It Off+1","Flex+1","Shrug It Off+1","Offering","Feed","Flex+1","Shrug It Off+1","Regret","Madness+1","Madness","Whirlwind+1"],"max_hp_per_floor":[80,80,80,80,80,80,80,80,80,80,85,85,85,85,85,85,85,85,85,85,85,85,85,85,85,85,85,85,85,85,85,85,85,85,85,85,85,85,88,88,88,88,88,91,91,94,94,94,94,97],"relics":["Burning Blood","Juzu Bracelet","Girya","Bronze Scales","Cursed Key","Kunai","Mummified Hand","Mercury Hourglass","Bag of Marbles","Runic Cube","Red Mask","Thread and Needle"],"card_choices":[{"not_picked":["Perfected Strike","Warcry"],"picked":"Pommel Strike"},{"not_picked":["Warcry","Cleave"],"picked":"Heavy Blade"},{"not_picked":["Clash","Evolve"],"picked":"Spot Weakness"},{"not_picked":["Second Wind","Cleave"],"picked":"Iron Wave"},{"not_picked":["Dual Wield","Headbutt"],"picked":"Shrug It Off"},{"not_picked":["Pummel","Sword Boomerang"],"picked":"Flex"},{"not_picked":["Body Slam","Armaments"],"picked":"Shrug It Off"},{"not_picked":["Impervious","Bludgeon"],"picked":"Feed"},{"not_picked":["Spot Weakness","Battle Trance"],"picked":"Flex"},{"not_picked":["Bloodletting","Shockwave"],"picked":"Shrug It Off"},{"not_picked":["Twin Strike","Second Wind"],"picked":"Whirlwind"}],"player_experience":52463,"potions_floor_usage":[12,16,24,33,33,44,44,46,50],"damage_taken":[{"damage":9,"enemies":"Jaw Worm","floor":1,"turns":4},{"damage":0,"enemies":"2 Louse","floor":2,"turns":2},{"damage":0,"enemies":"Cultist","floor":8,"turns":2},{"damage":14,"enemies":"Gremlin Nob","floor":12,"turns":3},{"damage":31,"enemies":"Slime Boss","floor":16,"turns":7},{"damage":20,"enemies":"2 Thieves","floor":18,"turns":3},{"damage":20,"enemies":"Spheric Guardian","floor":20,"turns":4},{"damage":14,"enemies":"Book of Stabbing","floor":24,"turns":5},{"damage":0,"enemies":"Snecko","floor":25,"turns":3},{"damage":9,"enemies":"Snake Plant","floor":31,"turns":2},{"damage":61,"enemies":"Champ","floor":33,"turns":8},{"damage":5,"enemies":"Orb Walker","floor":35,"turns":3},{"damage":0,"enemies":"3 Shapes","floor":39,"turns":3},{"damage":4,"enemies":"3 Darklings","floor":42,"turns":2},{"damage":9,"enemies":"Sphere and 2 Shapes","floor":44,"turns":2},{"damage":6,"enemies":"4 Shapes","floor":46,"turns":4},{"damage":0,"enemies":"3 Darklings","floor":48,"turns":3},{"damage":58,"enemies":"Awakened One","floor":50,"turns":8}],"event_choices":[{"event_name":"Golden Wing","player_choice":"Card Removal","floor":3,"damage_taken":0},{"event_name":"The Woman in Blue","player_choice":"Bought 0 Potions","floor":4,"damage_taken":0},{"event_name":"Liars Game","player_choice":"agreed","floor":7,"damage_taken":0},{"event_name":"Big Fish","player_choice":"Donut","floor":11,"damage_taken":0},{"event_name":"Dead Adventurer","player_choice":"Searched \u00273\u0027 times","floor":12,"damage_taken":0},{"event_name":"The Cleric","player_choice":"Card Removal","floor":13,"damage_taken":0},{"event_name":"Shining Light","player_choice":"Entered Light","floor":14,"damage_taken":0},{"event_name":"Wheel of Change","player_choice":"Relic","floor":21,"damage_taken":0},{"event_name":"Purifier","player_choice":"One Purge","floor":22,"damage_taken":0},{"event_name":"Match and Keep!","player_choice":"1 cards matched","floor":27,"damage_taken":0},{"event_name":"The Lab","player_choice":"Got Potions","floor":29,"damage_taken":0},{"event_name":"The Library","player_choice":"Heal","floor":30,"damage_taken":0},{"event_name":"Tomb of Lord Red Mask","player_choice":"Paid","floor":37,"damage_taken":0},{"event_name":"Mysterious Sphere","player_choice":"Ignore","floor":41,"damage_taken":0},{"event_name":"Winding Halls","player_choice":"Embrace Madness","floor":45,"damage_taken":0}],"boss_relics":[{"not_picked":["Runic Dome","White Beast Statue"],"picked":"Cursed Key"},{"not_picked":["Eternal Feather","Black Star"],"picked":"Runic Cube"}],"potions_floor_spawned":[1,2,20,24,25,33,35,42,44],"seed_played":"-5507687551798788562","ascension_level":2,"is_trial":false}