{"path_per_floor":["M","?","M","M","M","R","E","M","T","M","R","M","$","M","R","B",null,"M","?","$","M","?","R","E","M","T","M","?","M","$","M","R"],"character_chosen":"IRONCLAD","items_purchased":["Double Tap","Shrug It Off","Iron Wave"],"gold_per_floor":[110,110,124,138,154,154,189,210,288,311,311,329,104,117,117,245,245,258,258,106,116,116,116,149,166,219,237,537,547,372,383,383],"floor_reached":33,"campfire_rested":1,"playtime":2958,"current_hp_per_floor":[80,74,73,68,69,69,59,62,62,63,63,69,69,74,74,8,77,53,53,53,48,48,48,36,29,34,34,39,28,28,26,49],"items_purged":["Defend_R","Defend_R","Strike_R"],"gold":383,"score":273,"play_id":"8c564e2b-4f60-4a7a-9a65-319af9507085","is_prod":false,"is_daily":false,"is_ascension_mode":false,"campfire_upgraded":4,"path_taken":["M","?","M","M","?","R","E","?","T","M","R","M","$","M","R","BOSS","M","?","$","M","?","R","E","M","T","M","?","?","$","M","R","BOSS"],"build_version":"2018-02-15-PROD1","purchased_purges":3,"victory":false,"master_deck":["Strike_R","Strike_R","Strike_R","Strike_R","Defend_R","Defend_R","Bash","Headbutt","Infernal Blade+1","Shrug It Off+1","Feel No Pain","Seeing Red+1","Seeing Red","Double Tap+1","Intimidate","Double Tap","Disarm+1","Shrug It Off","Clash+1","Clash","Rampage","Iron Wave","Pommel Strike","Iron Wave","Shrug It Off"],"max_hp_per_floor":[80,74,74,74,74,74,74,74,74,74,74,74,74,77,77,77,77,77,77,77,77,77,77,77,77,77,77,77,77,77,77,77],"relics":["Burning Blood","Bloody Idol","Charon\u0027s Ashes","Question Card","Nloth\u0027s Gift","Vajra","Blood Vial","Old Coin"],"card_choices":[{"not_picked":["True Grit","Warcry"],"picked":"Headbutt"},{"not_picked":["Disarm","Searing Blow"],"picked":"Infernal Blade"},{"not_picked":["Flame Barrier","Flex"],"picked":"Shrug It Off"},{"not_picked":["Cleave","Perfected Strike"],"picked":"Feel No Pain"},{"not_picked":["Blood for Blood","Clothesline"],"picked":"Seeing Red"},{"not_picked":["Hemokinesis","Shockwave"],"picked":"Seeing Red"},{"not_picked":["Perfected Strike","Twin Strike"],"picked":"Intimidate"},{"not_picked":["Barricade","Demon Form"],"picked":"Double Tap"},{"not_picked":["True Grit","Power Through","Second Wind"],"picked":"Disarm"},{"not_picked":["Shrug It Off","Perfected Strike","Rampage"],"picked":"Clash"},{"not_picked":["Anger","Perfected Strike","Feel No Pain"],"picked":"Clash"},{"not_picked":["Rupture","Armaments","True Grit"],"picked":"Rampage"},{"not_picked":["Power Through","Anger","Sword Boomerang"],"picked":"Iron Wave"},{"not_picked":["Berserk","Clash","Thunderclap"],"picked":"Pommel Strike"},{"not_picked":["Demon Form","Dual Wield","Perfected Strike"],"picked":"Shrug It Off"}],"player_experience":0,"potions_floor_usage":[5,12,16,16,16,21,29,33],"damage_taken":[{"damage":5.0,"enemies":"2 Louse","floor":1.0,"turns":2.0},{"damage":7,"enemies":"Small Slimes","floor":3,"turns":4},{"damage":11,"enemies":"Jaw Worm","floor":4,"turns":4},{"damage":5,"enemies":"Red Slaver","floor":5,"turns":3},{"damage":16,"enemies":"3 Sentries","floor":7,"turns":9},{"damage":3,"enemies":"Lots of Slimes","floor":8,"turns":5},{"damage":5,"enemies":"Looter","floor":10,"turns":3},{"damage":0,"enemies":"Exordium Thugs","floor":12,"turns":3},{"damage":4,"enemies":"2 Fungi Beasts","floor":14,"turns":2},{"damage":87,"enemies":"The Guardian","floor":16,"turns":16},{"damage":30,"enemies":"Shell Parasite","floor":18,"turns":7},{"damage":16,"enemies":"Spheric Guardian","floor":21,"turns":4},{"damage":23,"enemies":"Book of Stabbing","floor":24,"turns":7},{"damage":18,"enemies":"Centurion and Healer","floor":25,"turns":4},{"damage":13,"enemies":"Cultist and Chosen","floor":27,"turns":5},{"damage":24,"enemies":"3 Cultists","floor":29,"turns":7},{"damage":15,"enemies":"Centurion and Healer","floor":31,"turns":5},{"damage":55,"enemies":"Champ","floor":33,"turns":10}],"event_choices":[{"event_name":"Golden Idol","player_choice":"Lose Max HP","floor":2.0,"damage_taken":0.0},{"event_name":"Forgotten Altar","player_choice":"Gave Idol","floor":19,"damage_taken":0},{"event_name":"N\u0027loth","player_choice":"Traded a Molten Egg 2","floor":22,"damage_taken":0},{"event_name":"The Mausoleum","player_choice":"Yes","floor":28,"damage_taken":0}],"boss_relics":[{"not_picked":["Philosopher\u0027s Stone","Ectoplasm"],"picked":"Question Card"}],"potions_floor_spawned":[3,4,10,12,14,18,21,27,31],"seed_played":"-605272382755671765","killed_by":"Champ","ascension_level":0,"is_trial":false}