{"path_per_floor":["M","?","M","?","M","E","R","M","T","M","R","?","?","M","R","B",null,"M","M","?","M"],"character_chosen":"IRONCLAD","items_purchased":[],"gold_per_floor":[117,67,81,81,95,135,135,150,150,169,169,169,169,190,190,311,311,336,359,459,484],"floor_reached":22,"campfire_rested":2,"playtime":1656,"current_hp_per_floor":[80,80,80,60,58,25,49,48,48,54,54,38,38,40,64,35,83,74,61,61,45],"items_purged":[],"gold":484,"score":188,"play_id":"c3fd10c5-b45b-4342-b59a-c3dd29a4f30b","is_prod":false,"is_daily":false,"is_ascension_mode":false,"campfire_upgraded":1,"path_taken":["M","?","M","?","M","E","R","?","T","M","R","?","?","M","R","BOSS","M","M","?","M","M"],"build_version":"2018-02-15-PROD1","purchased_purges":0,"victory":false,"master_deck":["Strike_R+1","Strike_R","Strike_R","Strike_R","Defend_R","Defend_R","Defend_R","Defend_R+1","Bash+1","Dropkick","Pommel Strike+1","Pommel Strike","Dropkick","Battle Trance","Infernal Blade","Intimidate","Offering","Pain","Decay","Regret","Rage"],"max_hp_per_floor":[80,80,80,80,80,80,80,80,80,80,80,80,80,83,83,83,83,83,83,83,83],"relics":["Burning Blood","Golden Idol","Sundial","Champion Belt","Calling Bell","Bronze Scales","Thread and Needle","Toolbox"],"card_choices":[{"not_picked":["Headbutt","Body Slam"],"picked":"Dropkick"},{"not_picked":["Reckless Charge","Uppercut"],"picked":"Pommel Strike"},{"not_picked":["Armaments","Sever Soul"],"picked":"Pommel Strike"},{"not_picked":["Double Tap","Heavy Blade"],"picked":"Dropkick"},{"not_picked":["Rampage","Power Through"],"picked":"Battle Trance"},{"not_picked":["Intimidate","Sword Boomerang"],"picked":"Infernal Blade"},{"not_picked":["Double Tap","Fiend Fire"],"picked":"Offering"},{"not_picked":["Pommel Strike","Armaments"],"picked":"Rage"}],"player_experience":9440,"potions_floor_usage":[18,22,22],"damage_taken":[{"damage":6,"enemies":"Cultist","floor":1,"turns":3},{"damage":5,"enemies":"Jaw Worm","floor":3,"turns":4},{"damage":8,"enemies":"Small Slimes","floor":5,"turns":3},{"damage":39,"enemies":"Lagavulin","floor":6,"turns":8},{"damage":7,"enemies":"Blue Slaver","floor":8,"turns":2},{"damage":0,"enemies":"Large Slime","floor":10,"turns":4},{"damage":7,"enemies":"Exordium Wildlife","floor":14,"turns":3},{"damage":35,"enemies":"Slime Boss","floor":16,"turns":9},{"damage":15,"enemies":"2 Thieves","floor":18,"turns":3},{"damage":19,"enemies":"Shell Parasite","floor":19,"turns":3},{"damage":22,"enemies":"Snake Plant","floor":21,"turns":4},{"damage":63,"enemies":"Cultist and Chosen","floor":22,"turns":7}],"event_choices":[{"event_name":"The Cleric","player_choice":"Card Removal","floor":2,"damage_taken":0},{"event_name":"Golden Idol","player_choice":"Take Damage","floor":4,"damage_taken":0},{"event_name":"Shining Light","player_choice":"Entered Light","floor":12,"damage_taken":0},{"event_name":"Match and Keep!","player_choice":"1 cards matched","floor":13,"damage_taken":0},{"event_name":"Golden Shrine","player_choice":"Pray","floor":20,"damage_taken":0}],"boss_relics":[{"not_picked":["Tiny House","White Beast Statue"],"picked":"Calling Bell"}],"potions_floor_spawned":[6,14,16,21],"seed_played":"-7034527978106382015","killed_by":"Cultist and Chosen","ascension_level":0,"is_trial":false}