{"path_per_floor":["M","M","$","M","M","E","?","M","T","R","?","?","M","$","R","B",null,"M","?","$","?","M","R","?","E","T","R","M","M","$","M","R","B",null,"M","M","?","M","M","R","M","R","T","?","?","?","E","M","R","B"],"character_chosen":"IRONCLAD","items_purchased":["Combust","Meat on the Bone","Headbutt","Dropkick"],"gold_per_floor":[119,137,25,42,54,381,331,346,394,394,469,469,481,102,102,204,204,204,204,11,11,11,11,11,11,11,11,11,11,11,11,11,11,11,11,11,11,11,11,11,11,11,11,11,0,0,0,0,0,0],"floor_reached":51,"campfire_rested":3,"playtime":3403,"current_hp_per_floor":[80,80,80,80,72,62,62,55,55,55,44,37,42,42,42,35,80,68,68,68,68,74,74,74,48,48,48,57,54,54,54,78,57,80,61,58,80,57,44,44,44,68,68,68,68,54,52,54,78,56],"items_purged":["Strike_R","Strike_R","Strike_R"],"gold":0,"score":549,"play_id":"c1cc3705-6e0b-4c1f-beb9-c83c6181496b","is_prod":false,"is_daily":false,"is_ascension_mode":false,"campfire_upgraded":5,"path_taken":["M","M","$","M","M","E","?","M","T","R","?","?","M","?","R","BOSS","M","?","$","?","M","R","?","E","T","R","M","M","?","M","R","BOSS","M","M","?","M","M","R","M","R","T","?","?","?","E","?","R","BOSS"],"build_version":"2018-02-15-PROD1","purchased_purges":3,"victory":true,"master_deck":["Defend_R","Defend_R","Defend_R","Bash","Pommel Strike+1","Combust","Pommel Strike+1","Flex+1","Iron Wave","Heavy Blade+1","Headbutt","Spot Weakness","Spot Weakness","Limit Break+1","Flex","Offering","Heavy Blade","Thunderclap+1","Flex+1","Limit Break+1","Heavy Blade+1"],"max_hp_per_floor":[80,80,80,80,80,80,80,80,80,80,80,80,80,80,80,80,80,80,80,80,80,80,80,80,80,80,80,80,80,80,80,80,80,80,80,80,80,80,80,80,80,80,80,80,80,80,80,80,80,80],"relics":["Burning Blood","Bag of Preparation","Meat on the Bone","Ectoplasm","Nloth\u0027s Gift","Vajra","Kunai","Runic Pyramid","Thread and Needle","Red Mask","Charon\u0027s Ashes","Toolbox"],"card_choices":[{"not_picked":["Warcry","Shrug It Off"],"picked":"Pommel Strike"},{"not_picked":["Shrug It Off","Heavy Blade"],"picked":"Pommel Strike"},{"not_picked":["Fiend Fire","Body Slam"],"picked":"Flex"},{"not_picked":["Fire Breathing","True Grit"],"picked":"Iron Wave"},{"not_picked":["Power Through","Pummel"],"picked":"Heavy Blade"},{"not_picked":["Rage","Pommel Strike"],"picked":"Spot Weakness"},{"not_picked":["True Grit","Flex"],"picked":"Limit Break"},{"not_picked":["Seeing Red","Infernal Blade"],"picked":"Flex"},{"not_picked":["Reaper","Berserk"],"picked":"Offering"},{"not_picked":["Intimidate","Clothesline"],"picked":"Heavy Blade"},{"not_picked":["Sever Soul","Anger"],"picked":"Thunderclap"},{"not_picked":["Armaments","True Grit"],"picked":"Flex"},{"not_picked":["Twin Strike","Warcry"],"picked":"Heavy Blade"}],"player_experience":6037,"potions_floor_usage":[6,16,25,33,39,41,50],"damage_taken":[{"damage":3,"enemies":"2 Louse","floor":1,"turns":4},{"damage":3,"enemies":"Jaw Worm","floor":2,"turns":4},{"damage":3,"enemies":"Cultist","floor":4,"turns":3},{"damage":14,"enemies":"Blue Slaver","floor":5,"turns":5},{"damage":16,"enemies":"Gremlin Nob","floor":6,"turns":4},{"damage":13,"enemies":"Red Slaver","floor":8,"turns":3},{"damage":1,"enemies":"2 Fungi Beasts","floor":13,"turns":2},{"damage":25,"enemies":"Slime Boss","floor":16,"turns":7},{"damage":18,"enemies":"Shell Parasite","floor":18,"turns":4},{"damage":0,"enemies":"Chosen","floor":22,"turns":2},{"damage":56,"enemies":"Slavers","floor":25,"turns":5},{"damage":9,"enemies":"Sentry and Sphere","floor":28,"turns":3},{"damage":21,"enemies":"3 Cultists","floor":29,"turns":4},{"damage":6,"enemies":"Cultist and Chosen","floor":31,"turns":3},{"damage":27,"enemies":"Collector","floor":33,"turns":3},{"damage":25,"enemies":"3 Darklings","floor":35,"turns":3},{"damage":21,"enemies":"3 Shapes","floor":36,"turns":2},{"damage":29,"enemies":"3 Darklings","floor":38,"turns":3},{"damage":31,"enemies":"4 Shapes","floor":39,"turns":3},{"damage":18,"enemies":"Sphere and 2 Shapes","floor":41,"turns":4},{"damage":20,"enemies":"Mysterious Sphere","floor":46,"turns":3},{"damage":8,"enemies":"Giant Head","floor":47,"turns":3},{"damage":16,"enemies":"Maw","floor":48,"turns":4},{"damage":40,"enemies":"Awakened One","floor":50,"turns":5}],"event_choices":[{"event_name":"The Cleric","player_choice":"Card Removal","floor":7,"damage_taken":0},{"event_name":"World of Goop","player_choice":"Gather Gold","floor":11,"damage_taken":0},{"event_name":"Golden Wing","player_choice":"Card Removal","floor":12,"damage_taken":0},{"event_name":"The Library","player_choice":"Read","floor":19,"damage_taken":0},{"event_name":"N\u0027loth","player_choice":"Traded a Old Coin","floor":21,"damage_taken":0},{"event_name":"Addict","player_choice":"Ignored","floor":24,"damage_taken":0},{"event_name":"Bonfire Elementals","player_choice":"UNCOMMON","floor":37,"damage_taken":0},{"event_name":"Duplicator","player_choice":"One dupe","floor":44,"damage_taken":0},{"event_name":"Tomb of Lord Red Mask","player_choice":"Paid","floor":45,"damage_taken":0},{"event_name":"Mysterious Sphere","player_choice":"Fight","floor":46,"damage_taken":0}],"boss_relics":[{"not_picked":["Orrery","Velvet Choker"],"picked":"Ectoplasm"},{"not_picked":["Tiny House","Runic Dome"],"picked":"Runic Pyramid"}],"potions_floor_spawned":[2,8,16,25,29,36,39,46],"seed_played":"-5690892890692191672","ascension_level":0,"is_trial":false}