{"path_per_floor":["M","?","$","?","M","R","M","R","T","M","E","R","?","M","R","B",null,"M","M","?"],"character_chosen":"IRONCLAD","items_purchased":["Shrug It Off","Regen Potion"],"gold_per_floor":[111,186,10,10,20,20,33,33,56,71,103,103,53,73,73,178,178,192,209,209],"floor_reached":21,"campfire_rested":1,"playtime":1873,"current_hp_per_floor":[80,69,69,69,75,75,80,80,80,80,34,58,58,56,56,36,80,62,55,55],"items_purged":["Defend_R"],"gold":209,"score":215,"play_id":"ae0df2f8-3acc-46df-9acb-bf1c425b1ed4","is_prod":false,"is_daily":false,"is_ascension_mode":true,"campfire_upgraded":3,"path_taken":["M","?","$","?","M","R","M","R","T","M","E","R","?","M","R","BOSS","M","M","?","M"],"build_version":"2018-02-15-PROD1","purchased_purges":1,"victory":false,"master_deck":["Strike_R","Strike_R","Strike_R","Strike_R","Strike_R","Defend_R","Defend_R","Bash","Shrug It Off+1","Shrug It Off","True Grit+1","Panacea","Metallicize+1","Parasite","Metallicize","Dark Embrace","Brutality","Pommel Strike","Offering","Pommel Strike","Flame Barrier+1","Decay"],"max_hp_per_floor":[80,80,80,80,80,80,80,80,80,80,80,80,80,80,80,80,80,80,80,80],"relics":["Burning Blood","Juzu Bracelet","Anchor","Bag of Marbles","Black Star"],"card_choices":[{"not_picked":["Rupture","Hemokinesis"],"picked":"Shrug It Off"},{"not_picked":["Burning Pact","Thunderclap"],"picked":"Metallicize"},{"not_picked":["Combust","Havoc"],"picked":"Dark Embrace"},{"not_picked":["Havoc","Wild Strike"],"picked":"Brutality"},{"not_picked":["Hemokinesis","Perfected Strike"],"picked":"Pommel Strike"},{"not_picked":["Reaper","Dark Embrace"],"picked":"Offering"},{"not_picked":["Infernal Blade","Thunderclap"],"picked":"Pommel Strike"},{"not_picked":["Infernal Blade","Warcry"],"picked":"Flame Barrier"}],"player_experience":151129,"potions_floor_usage":[7,7,14,16],"damage_taken":[{"damage":6,"enemies":"Cultist","floor":1,"turns":4},{"damage":0,"enemies":"2 Louse","floor":5,"turns":2},{"damage":0,"enemies":"Small Slimes","floor":7,"turns":2},{"damage":5,"enemies":"3 Louse","floor":10,"turns":5},{"damage":52,"enemies":"Gremlin Nob","floor":11,"turns":8},{"damage":23,"enemies":"Lots of Slimes","floor":14,"turns":6},{"damage":41,"enemies":"The Guardian","floor":16,"turns":17},{"damage":24,"enemies":"3 Byrds","floor":18,"turns":10},{"damage":13,"enemies":"Shell Parasite","floor":19,"turns":13},{"damage":61,"enemies":"Centurion and Healer","floor":21,"turns":9}],"event_choices":[{"event_name":"World of Goop","player_choice":"Gather Gold","floor":2,"damage_taken":0},{"event_name":"Match and Keep!","player_choice":"4 cards matched","floor":4,"damage_taken":0},{"event_name":"The Cleric","player_choice":"Card Removal","floor":13,"damage_taken":0},{"event_name":"Forgotten Altar","player_choice":"Smashed Altar","floor":20,"damage_taken":0}],"boss_relics":[{"not_picked":["Cursed Key","Runic Dome"],"picked":"Black Star"}],"potions_floor_spawned":[1,5,11],"seed_played":"5537761215330728614","killed_by":"Centurion and Healer","ascension_level":4,"is_trial":false}