{"path_per_floor":["M","?","M","M","M","E","R","E","T","R","M","$","R","E","R","B",null,"M","M","$","M","$","R","?","M","T","R","E","M","$","?","R","B",null,"M","?","?","M","M","R","M","E","T","M","R","M","M","$","R"],"character_chosen":"IRONCLAD","items_purchased":["Shrug It Off","Blood Vial","Magic Flower"],"gold_per_floor":[111,61,78,97,109,142,142,175,200,200,214,117,117,152,152,256,256,274,291,291,305,56,56,56,69,95,95,124,143,18,18,18,113,113,128,128,128,141,158,158,169,202,252,268,268,286,299,6,6],"floor_reached":50,"campfire_rested":2,"playtime":4219,"current_hp_per_floor":[80,80,78,80,80,74,74,52,52,76,71,71,71,70,70,34,69,70,70,70,70,70,70,70,78,78,78,80,79,79,79,79,35,69,76,80,80,80,80,80,69,39,39,38,62,80,62,62,62],"items_purged":["Defend_R","Strike_R","Bite"],"gold":6,"score":580,"play_id":"3d28df69-7ec5-455e-be7f-7bf9e886c832","is_prod":false,"is_daily":false,"is_ascension_mode":true,"campfire_upgraded":8,"path_taken":["M","?","M","?","M","E","R","E","T","R","M","$","R","E","R","BOSS","M","M","$","M","$","R","?","?","T","R","E","M","?","?","R","BOSS","M","?","?","?","M","R","M","E","T","M","R","M","?","$","R","BOSS"],"build_version":"2018-02-15-PROD1","purchased_purges":3,"victory":false,"master_deck":["Defend_R+1","Defend_R+1","Defend_R+1","Bash+1","Pommel Strike+1","Dropkick+1","Reaper+1","Whirlwind+1","Seeing Red+1","Headbutt","Shrug It Off+1","Offering","Pommel Strike+1","Bite+1","Bite","Bite","Inflame+1","Rampage+1","Shrug It Off+1","Shrug It Off+1"],"max_hp_per_floor":[80,80,80,80,80,80,80,80,80,80,80,80,80,80,80,80,80,80,80,80,80,80,80,80,80,80,80,80,80,80,80,80,80,80,80,80,80,80,80,80,80,80,80,80,80,80,80,80,80],"relics":["Burning Blood","Happy Flower","Whetstone","Pen Nib","Frozen Egg 2","Sozu","Orichalcum","Omamori","Lizard Tail","Mummified Hand","War Paint","Magic Flower"],"card_choices":[{"not_picked":["Reckless Charge","Sentinel"],"picked":"Pommel Strike"},{"not_picked":["Heavy Blade","Ghostly Armor"],"picked":"Dropkick"},{"not_picked":["Warcry","True Grit"],"picked":"Reaper"},{"not_picked":["Infernal Blade","Warcry"],"picked":"Whirlwind"},{"not_picked":["Clash","Iron Wave"],"picked":"Seeing Red"},{"not_picked":["Clothesline","Wild Strike"],"picked":"Headbutt"},{"not_picked":["Bludgeon","Reaper"],"picked":"Offering"},{"not_picked":["Burning Pact","Ghostly Armor"],"picked":"Pommel Strike"},{"not_picked":["Infernal Blade","Battle Trance"],"picked":"Inflame"},{"not_picked":["Twin Strike","Body Slam"],"picked":"Rampage"},{"not_picked":["Pommel Strike","Bludgeon"],"picked":"Shrug It Off"},{"not_picked":["True Grit","Headbutt"],"picked":"Shrug It Off"}],"player_experience":211040,"potions_floor_usage":[6,11,11],"damage_taken":[{"damage":5,"enemies":"Small Slimes","floor":1,"turns":3},{"damage":8,"enemies":"2 Louse","floor":3,"turns":3},{"damage":0,"enemies":"Cultist","floor":4,"turns":2},{"damage":4,"enemies":"3 Louse","floor":5,"turns":5},{"damage":12,"enemies":"Gremlin Nob","floor":6,"turns":4},{"damage":40,"enemies":"3 Sentries","floor":8,"turns":6},{"damage":31,"enemies":"Exordium Wildlife","floor":11,"turns":5},{"damage":7,"enemies":"Gremlin Nob","floor":14,"turns":3},{"damage":57,"enemies":"The Guardian","floor":16,"turns":11},{"damage":5,"enemies":"Spheric Guardian","floor":18,"turns":3},{"damage":12,"enemies":"3 Byrds","floor":19,"turns":3},{"damage":16,"enemies":"3 Cultists","floor":21,"turns":4},{"damage":4,"enemies":"Cultist and Chosen","floor":25,"turns":3},{"damage":5,"enemies":"Gremlin Leader","floor":28,"turns":4},{"damage":12,"enemies":"Centurion and Healer","floor":29,"turns":3},{"damage":63,"enemies":"Champ","floor":33,"turns":8},{"damage":3,"enemies":"Orb Walker","floor":35,"turns":3},{"damage":25,"enemies":"3 Shapes","floor":38,"turns":6},{"damage":4,"enemies":"Maw","floor":39,"turns":4},{"damage":42,"enemies":"Sphere and 2 Shapes","floor":41,"turns":7},{"damage":48,"enemies":"Nemesis","floor":42,"turns":5},{"damage":23,"enemies":"4 Shapes","floor":44,"turns":3},{"damage":4,"enemies":"3 Darklings","floor":46,"turns":3},{"damage":30,"enemies":"Maw","floor":47,"turns":5},{"damage":183,"enemies":"Awakened One","floor":50,"turns":15}],"event_choices":[{"event_name":"The Cleric","player_choice":"Card Removal","floor":2,"damage_taken":0},{"event_name":"Vampires","player_choice":"Became a vampire (Vial)","floor":24,"damage_taken":0},{"event_name":"Bonfire Elementals","player_choice":"SPECIAL","floor":31,"damage_taken":0},{"event_name":"Winding Halls","player_choice":"Writhe","floor":36,"damage_taken":0},{"event_name":"Mysterious Sphere","player_choice":"Ignore","floor":37,"damage_taken":0}],"boss_relics":[{"not_picked":["Runic Dome","White Beast Statue"],"picked":"Sozu"},{"not_picked":["Philosopher\u0027s Stone","Eternal Feather"],"picked":"Lizard Tail"}],"potions_floor_spawned":[1,3,5,8,11,18,19,25,29,35,41,42,47],"seed_played":"7974360582692549262","killed_by":"Awakened One","ascension_level":5,"is_trial":false}