{"path_per_floor":["M","M","$","M","M","R","E","M","T","E","?","M","R","M","R","B",null,"M","?","M","$","M","R","E","R","T"],"character_chosen":"IRONCLAD","items_purchased":["Regen Potion"],"gold_per_floor":[112,125,50,68,86,86,118,134,206,236,236,246,246,262,262,364,364,383,383,397,247,261,261,296,296,596],"floor_reached":27,"campfire_rested":3,"playtime":1992,"current_hp_per_floor":[77,80,80,80,67,67,58,51,53,33,33,27,55,57,57,45,103,58,58,43,43,36,58,18,41,43],"items_purged":["Defend_R","Bite"],"gold":596,"score":320,"play_id":"a471e39f-6309-4358-bc41-43b26b67c12f","is_prod":false,"is_daily":false,"is_ascension_mode":true,"campfire_upgraded":2,"path_taken":["M","M","$","M","M","R","E","M","T","E","?","M","R","M","R","BOSS","M","?","M","$","M","R","E","R","T","M"],"build_version":"2018-02-15-PROD1","purchased_purges":2,"victory":false,"master_deck":["Defend_R","Defend_R","Defend_R","Bash","Cleave+1","Whirlwind+1","Pommel Strike+1","Thunderclap","Seeing Red","Demon Form","Limit Break","Pommel Strike","Headbutt+1","Bite","Bite","Bite","Bite"],"max_hp_per_floor":[80,80,80,80,80,80,82,84,86,95,95,95,95,97,97,97,103,103,72,74,74,76,76,78,78,80],"relics":["Burning Blood","Prayer Wheel","Singing Bowl","Pantograph","Strawberry","Orrery","Peace Pipe","Old Coin"],"card_choices":[{"not_picked":["Havoc","Inflame"],"picked":"Cleave"},{"not_picked":["Clothesline","Shrug It Off"],"picked":"Whirlwind"},{"not_picked":["Anger","Twin Strike"],"picked":"Pommel Strike"},{"not_picked":["Pommel Strike","Uppercut"],"picked":"Thunderclap"},{"not_picked":["Reckless Charge","Dual Wield"],"picked":"Seeing Red"},{"not_picked":["Feed","Barricade"],"picked":"Demon Form"},{"not_picked":["Shockwave","Dual Wield"],"picked":"Limit Break"},{"not_picked":["Armaments","Havoc"],"picked":"Pommel Strike"},{"not_picked":["Corruption","Warcry"],"picked":"Headbutt"}],"player_experience":144974,"potions_floor_usage":[8,14,16,18,22,27],"damage_taken":[{"damage":9,"enemies":"Jaw Worm","floor":1,"turns":4},{"damage":1,"enemies":"Cultist","floor":2,"turns":3},{"damage":5,"enemies":"Small Slimes","floor":4,"turns":3},{"damage":19,"enemies":"Blue Slaver","floor":5,"turns":4},{"damage":17,"enemies":"3 Sentries","floor":7,"turns":3},{"damage":15,"enemies":"Large Slime","floor":8,"turns":6},{"damage":35,"enemies":"Lagavulin","floor":10,"turns":7},{"damage":12,"enemies":"Looter","floor":12,"turns":3},{"damage":6,"enemies":"2 Fungi Beasts","floor":14,"turns":2},{"damage":43,"enemies":"Slime Boss","floor":16,"turns":8},{"damage":51,"enemies":"Spheric Guardian","floor":18,"turns":6},{"damage":33,"enemies":"2 Thieves","floor":20,"turns":3},{"damage":28,"enemies":"3 Cultists","floor":22,"turns":4},{"damage":68,"enemies":"Gremlin Leader","floor":24,"turns":8},{"damage":54,"enemies":"Sentry and Sphere","floor":27,"turns":5}],"event_choices":[{"event_name":"Accursed Blacksmith","player_choice":"Forge","floor":11,"damage_taken":0},{"event_name":"Vampires","player_choice":"Became a vampire","floor":19,"damage_taken":0}],"boss_relics":[{"not_picked":["Astrolabe","Runic Dome"],"picked":"Orrery"}],"potions_floor_spawned":[2,8,10,14,24],"seed_played":"-3767582171211099100","killed_by":"Sentry and Sphere","ascension_level":4,"is_trial":false}