{"path_per_floor":["M","?","M","$","M","R","M","R","T","M","E","?","?","?","R","B",null,"M","?","?","M","$","R","E","$","T","?","M","?","?","M","R"],"character_chosen":"IRONCLAD","items_purchased":["Searing Blow","Battle Trance","Dexterity Potion"],"gold_per_floor":[111,61,73,0,12,12,26,26,100,120,150,150,150,150,150,255,255,271,271,271,260,117,117,148,0,0,0,19,19,19,32,32],"floor_reached":33,"campfire_rested":1,"playtime":2535,"current_hp_per_floor":[75,75,78,78,77,77,80,80,90,75,59,59,89,89,89,29,90,87,87,87,80,80,80,27,27,27,27,33,33,33,36,63],"items_purged":["Defend_R","Strike_R"],"gold":32,"score":316,"play_id":"7b160618-a94b-42af-866e-7a3d5f1157ae","is_prod":false,"is_daily":false,"is_ascension_mode":true,"campfire_upgraded":4,"path_taken":["M","?","M","$","M","R","M","R","T","M","E","?","?","?","R","BOSS","M","?","?","M","$","R","E","$","T","?","M","?","?","M","R","BOSS"],"build_version":"2018-02-15-PROD1","purchased_purges":2,"victory":false,"master_deck":["Strike_R","Bash","Shrug It Off","Pommel Strike+1","Searing Blow+4","Iron Wave","Dropkick","Bloodletting+1","Searing Blow+1","Sentinel+1","Flame Barrier+1","Pommel Strike+1","Battle Trance","Flex+1","Normality"],"max_hp_per_floor":[80,80,80,80,80,80,80,80,90,90,90,90,90,90,90,90,90,90,90,90,90,90,90,90,90,90,90,90,90,90,90,90],"relics":["Burning Blood","Pear","Juzu Bracelet","Astrolabe","Centennial Puzzle","Shovel"],"card_choices":[{"not_picked":["Warcry","Twin Strike"],"picked":"Shrug It Off"},{"not_picked":["Evolve","Clothesline"],"picked":"Pommel Strike"},{"not_picked":["Havoc","Body Slam"],"picked":"Iron Wave"},{"not_picked":["Body Slam","Sword Boomerang"],"picked":"Dropkick"},{"not_picked":["Armaments","Evolve"],"picked":"Flame Barrier"},{"not_picked":["Clothesline","Cleave"],"picked":"Pommel Strike"},{"not_picked":["Whirlwind","Spot Weakness"],"picked":"Flex"}],"player_experience":135763,"potions_floor_usage":[11,16,18,28,28,33],"damage_taken":[{"damage":11,"enemies":"2 Louse","floor":1,"turns":3},{"damage":3,"enemies":"Jaw Worm","floor":3,"turns":5},{"damage":7,"enemies":"Small Slimes","floor":5,"turns":3},{"damage":0,"enemies":"Blue Slaver","floor":7,"turns":4},{"damage":21,"enemies":"Exordium Thugs","floor":10,"turns":6},{"damage":22,"enemies":"Lagavulin","floor":11,"turns":5},{"damage":66,"enemies":"Slime Boss","floor":16,"turns":11},{"damage":9,"enemies":"Spheric Guardian","floor":18,"turns":3},{"damage":13,"enemies":"2 Thieves","floor":21,"turns":4},{"damage":59,"enemies":"Gremlin Leader","floor":24,"turns":8},{"damage":0,"enemies":"Snecko","floor":28,"turns":2},{"damage":3,"enemies":"Snake Plant","floor":31,"turns":2},{"damage":83,"enemies":"Automaton","floor":33,"turns":6}],"event_choices":[{"event_name":"The Cleric","player_choice":"Card Removal","floor":2,"damage_taken":0},{"event_name":"Transmorgrifier","player_choice":"Transform","floor":12,"damage_taken":0},{"event_name":"Big Fish","player_choice":"Banana","floor":13,"damage_taken":0},{"event_name":"Purifier","player_choice":"One Purge","floor":14,"damage_taken":0},{"event_name":"Upgrade Shrine","player_choice":"Upgraded","floor":19,"damage_taken":0},{"event_name":"Vampires","player_choice":"Ignored","floor":20,"damage_taken":0},{"event_name":"Beggar","player_choice":"Ignored","floor":27,"damage_taken":0},{"event_name":"Forgotten Altar","player_choice":"Smashed Altar","floor":29,"damage_taken":0},{"event_name":"Transmorgrifier","player_choice":"Transform","floor":30,"damage_taken":0}],"boss_relics":[{"not_picked":["Snecko Eye","Calling Bell"],"picked":"Astrolabe"}],"potions_floor_spawned":[3,7,16,24,28],"seed_played":"-3157436439439354397","killed_by":"Automaton","ascension_level":4,"is_trial":false}