{"path_per_floor":["M","?","$","M","$","E","R","$","T","R","M","E","M","M","R","B",null,"M","?","?","?","$","E","R","E","T","R","$","R","M","M","R"],"character_chosen":"IRONCLAD","items_purchased":["Bag of Marbles","Flex","Regen Potion","Shrug It Off"],"gold_per_floor":[114,289,16,29,29,60,60,8,8,8,27,54,67,81,81,186,186,203,128,128,128,28,57,57,86,86,86,35,35,54,70,70],"floor_reached":33,"campfire_rested":5,"playtime":1999,"current_hp_per_floor":[63,63,63,65,65,25,49,49,49,73,79,64,57,57,57,55,74,60,60,60,60,60,62,62,11,11,35,35,59,56,34,58],"items_purged":["Doubt","Defend_R"],"gold":70,"score":407,"play_id":"0b063382-3dea-43d4-b57a-db97a02bdc15","is_prod":false,"is_daily":false,"is_ascension_mode":true,"campfire_upgraded":2,"path_taken":["M","?","$","M","$","E","R","?","T","R","M","E","?","M","R","BOSS","M","?","?","?","?","E","R","E","T","R","$","R","?","?","R","BOSS"],"build_version":"2018-02-22-PROD1","purchased_purges":2,"victory":false,"master_deck":["Strike_R","Strike_R+1","Strike_R+1","Defend_R","Defend_R","Defend_R","Bash","Metallicize","Flex","Thunderclap","Double Tap+1","Anger+1","Pommel Strike","Offering","Warcry","Double Tap+1","True Grit+1","Shrug It Off","Warcry"],"max_hp_per_floor":[80,80,80,80,80,80,80,80,80,80,80,80,80,80,80,80,80,80,80,80,80,80,80,80,80,80,80,80,80,80,80,80],"relics":["Burning Blood","Pen Nib","Bag of Marbles","Whetstone","Shuriken","Prayer Wheel","Runic Pyramid","Dream Catcher","Anchor","Frozen Eye"],"card_choices":[{"not_picked":["True Grit","Havoc"],"picked":"Metallicize"},{"not_picked":["Pommel Strike","Searing Blow"],"picked":"Thunderclap"},{"not_picked":["Clothesline","Ghostly Armor"],"picked":"Double Tap"},{"not_picked":["Body Slam","Heavy Blade"],"picked":"Anger"},{"not_picked":["Hemokinesis","True Grit"],"picked":"Pommel Strike"},{"not_picked":["Barricade","Juggernaut"],"picked":"Offering"},{"not_picked":["Spot Weakness","Infernal Blade"],"picked":"Warcry"},{"not_picked":["Entrench","Infernal Blade"],"picked":"True Grit"},{"not_picked":["Entrench","Pommel Strike"],"picked":"Warcry"}],"player_experience":254980,"potions_floor_usage":[12,12,16,18,23,33],"damage_taken":[{"damage":15,"enemies":"Small Slimes","floor":1,"turns":4},{"damage":4,"enemies":"Jaw Worm","floor":4,"turns":4},{"damage":46,"enemies":"Lagavulin","floor":6,"turns":9},{"damage":0,"enemies":"2 Louse","floor":11,"turns":2},{"damage":21,"enemies":"Gremlin Nob","floor":12,"turns":4},{"damage":13,"enemies":"Exordium Thugs","floor":13,"turns":4},{"damage":6,"enemies":"Red Slaver","floor":14,"turns":4},{"damage":23,"enemies":"Slime Boss","floor":16,"turns":8},{"damage":29,"enemies":"Shell Parasite","floor":18,"turns":4},{"damage":4,"enemies":"Gremlin Leader","floor":23,"turns":4},{"damage":57,"enemies":"Slavers","floor":25,"turns":5},{"damage":9,"enemies":"3 Byrds","floor":30,"turns":6},{"damage":28,"enemies":"3 Cultists","floor":31,"turns":5},{"damage":100,"enemies":"Automaton","floor":33,"turns":6}],"event_choices":[{"event_name":"Liars Game","player_choice":"agreed","floor":2,"damage_taken":0},{"event_name":"Beggar","player_choice":"Gave Gold","floor":19,"damage_taken":0},{"event_name":"Bonfire Elementals","player_choice":"BASIC","floor":20,"damage_taken":0},{"event_name":"Duplicator","player_choice":"One dupe","floor":21,"damage_taken":0}],"boss_relics":[{"not_picked":["Cursed Key","Tiny House"],"picked":"Runic Pyramid"}],"potions_floor_spawned":[4,11,14,18,30,31],"seed_played":"-6176307124329782154","killed_by":"Automaton","ascension_level":8,"is_trial":false}