{"path_per_floor":["M","?","M","M","?","R","M","E","T","R","?","R","$","M","R","B",null,"M","M","M","$","?","E","M","R","T","?","M","M","R","M","R","B",null,"M","M","M","M","T","R","E","M","T","M","M","R","M","M","R","B"],"character_chosen":"IRONCLAD","items_purchased":["Lantern","Block Potion"],"gold_per_floor":[114,114,134,151,151,151,170,205,254,254,254,254,30,40,40,144,144,154,166,176,24,24,50,62,62,111,111,126,137,137,157,157,260,260,270,285,303,313,313,313,347,363,439,452,470,470,487,507,507,507],"floor_reached":51,"campfire_rested":0,"playtime":2963,"current_hp_per_floor":[80,80,80,80,85,85,82,84,84,84,67,67,67,69,69,46,85,85,85,85,85,69,81,79,79,79,79,81,83,83,85,85,87,104,104,104,104,94,94,94,96,98,98,100,102,102,104,104,104,104],"items_purged":["Strike_R","Strike_R"],"gold":507,"score":582,"play_id":"fa7c6f32-63eb-4930-8288-45c4e9f6dcfd","is_prod":false,"is_daily":false,"is_ascension_mode":false,"campfire_upgraded":10,"path_taken":["M","?","M","M","?","R","M","E","T","R","?","R","$","M","R","BOSS","M","?","M","$","?","E","M","R","T","?","M","M","R","?","R","BOSS","M","M","M","?","?","R","E","?","T","M","M","R","M","M","R","BOSS"],"build_version":"2018-02-23-BETA1","purchased_purges":2,"victory":true,"master_deck":["Strike_R+1","Defend_R+1","Defend_R+1","Defend_R+1","Bash","Entrench+1","Thunderclap","Body Slam+1","Body Slam+1","Offering+1","Shrug It Off+1","Ghostly Armor","Offering+1","Seeing Red+1","Entrench+1","True Grit+1","Body Slam+1","Barricade+1","Warcry+1"],"max_hp_per_floor":[80,80,80,80,85,85,85,85,85,85,85,85,85,85,85,85,85,85,85,85,85,90,104,104,104,104,104,104,104,104,104,104,104,104,104,104,104,104,104,104,104,104,104,104,104,104,104,104,104,104],"relics":["Burning Blood","Meat on the Bone","War Paint","Lantern","Runic Cube","Mango","Bag of Preparation","Question Card","Thread and Needle","Oddly Smooth Stone","Shuriken"],"card_choices":[{"not_picked":["Anger","Armaments"],"picked":"Body Slam"},{"not_picked":["Clothesline","Rampage"],"picked":"Body Slam"},{"not_picked":["Armaments","Body Slam"],"picked":"Offering"},{"not_picked":["Cleave","Pommel Strike"],"picked":"Shrug It Off"},{"not_picked":["Body Slam","Reckless Charge"],"picked":"Ghostly Armor"},{"not_picked":["Juggernaut","Bludgeon"],"picked":"Offering"},{"not_picked":["Carnage","Rampage"],"picked":"Seeing Red"},{"not_picked":["Perfected Strike","Twin Strike"],"picked":"Entrench"},{"not_picked":["Headbutt","Power Through"],"picked":"True Grit"},{"not_picked":["Clash","Whirlwind","Armaments"],"picked":"Body Slam"},{"not_picked":["Entrench","Flex","Body Slam"],"picked":"Barricade"},{"not_picked":["Shrug It Off","Perfected Strike","Fire Breathing"],"picked":"Warcry"}],"player_experience":29907,"potions_floor_usage":[4,24,24,37,41,48,50,50],"damage_taken":[{"damage":1,"enemies":"2 Louse","floor":1,"turns":4},{"damage":4,"enemies":"Cultist","floor":3,"turns":4},{"damage":5,"enemies":"Jaw Worm","floor":4,"turns":4},{"damage":9,"enemies":"Gremlin Gang","floor":7,"turns":5},{"damage":4,"enemies":"Gremlin Nob","floor":8,"turns":3},{"damage":4,"enemies":"Blue Slaver","floor":14,"turns":1},{"damage":41,"enemies":"Hexaghost","floor":16,"turns":7},{"damage":4,"enemies":"2 Thieves","floor":18,"turns":2},{"damage":4,"enemies":"Shell Parasite","floor":19,"turns":1},{"damage":4,"enemies":"3 Cultists","floor":20,"turns":3},{"damage":8,"enemies":"Slavers","floor":23,"turns":2},{"damage":8,"enemies":"Sentry and Sphere","floor":24,"turns":8},{"damage":4,"enemies":"Cultist and Chosen","floor":28,"turns":1},{"damage":4,"enemies":"Centurion and Healer","floor":29,"turns":3},{"damage":4,"enemies":"3 Cultists","floor":31,"turns":3},{"damage":4,"enemies":"Automaton","floor":33,"turns":3},{"damage":4,"enemies":"Flame Bruiser 1 Orb","floor":35,"turns":1},{"damage":4,"enemies":"3 Shapes","floor":36,"turns":3},{"damage":4,"enemies":"Sphere and 2 Shapes","floor":37,"turns":4},{"damage":16,"enemies":"Maw","floor":38,"turns":7},{"damage":4,"enemies":"Nemesis","floor":41,"turns":1},{"damage":4,"enemies":"Spire Growth","floor":42,"turns":1},{"damage":4,"enemies":"Flame Bruiser 2 Orb","floor":44,"turns":2},{"damage":4,"enemies":"Sphere and 2 Shapes","floor":45,"turns":2},{"damage":4,"enemies":"4 Shapes","floor":47,"turns":6},{"damage":4,"enemies":"Spire Growth","floor":48,"turns":1},{"damage":4,"enemies":"Time Eater","floor":50,"turns":5}],"event_choices":[{"event_name":"Fountain of Cleansing","player_choice":"Removed Curse","floor":2,"damage_taken":0},{"event_name":"Big Fish","player_choice":"Donut","floor":5,"damage_taken":0},{"event_name":"Shining Light","player_choice":"Entered Light","floor":11,"damage_taken":0},{"event_name":"Forgotten Altar","player_choice":"Shed Blood","floor":22,"damage_taken":0},{"event_name":"Bonfire Elementals","player_choice":"BASIC","floor":27,"damage_taken":0}],"boss_relics":[{"not_picked":["Tiny House","White Beast Statue"],"picked":"Runic Cube"},{"not_picked":["Orrery","Runic Pyramid"],"picked":"Question Card"}],"potions_floor_spawned":[3,4,20,23,31,36,37,38,41,48],"seed_played":"-7992475965024844947","ascension_level":0,"is_trial":false}