{"path_per_floor":["M","?","M","?","$","E","R","E","T","M","?","E","M","$","R","B",null,"M","M","$","?","M","R"],"character_chosen":"IRONCLAD","items_purchased":["Bronze Scales","Shrug It Off","Oddly Smooth Stone"],"gold_per_floor":[117,217,227,227,7,41,41,66,92,105,105,140,150,27,27,132,162,176,194,41,41,61,61],"floor_reached":24,"campfire_rested":1,"playtime":1732,"current_hp_per_floor":[79,79,80,80,80,68,68,64,64,69,69,55,52,52,76,43,85,85,72,72,72,59,59],"items_purged":["Defend_R","Strike_R"],"gold":61,"score":257,"play_id":"e6286078-3de8-4495-b974-0fcf61cccca4","is_prod":false,"is_daily":false,"is_ascension_mode":true,"campfire_upgraded":2,"path_taken":["M","?","M","?","$","E","R","E","T","M","?","E","M","$","R","BOSS","M","M","$","?","M","R","E"],"build_version":"2018-02-15-PROD1","purchased_purges":2,"victory":false,"master_deck":["Strike_R+1","Strike_R","Strike_R","Strike_R","Defend_R+1","Defend_R+1","Bash+1","Shrug It Off+1","Spot Weakness","Shrug It Off+1","Thunderclap","Ghostly Armor","Demon Form","Heavy Blade+1","Shrug It Off","Dual Wield"],"max_hp_per_floor":[80,80,80,80,80,80,80,80,80,80,80,80,80,80,80,80,85,85,85,85,85,85,85],"relics":["Burning Blood","Bronze Scales","Pen Nib","Frozen Eye","Bag of Preparation","War Paint","Tiny House","Oddly Smooth Stone"],"card_choices":[{"not_picked":["Rage","Reckless Charge"],"picked":"Shrug It Off"},{"not_picked":["Cleave","Clash"],"picked":"Spot Weakness"},{"not_picked":["Uppercut","Combust"],"picked":"Shrug It Off"},{"not_picked":["Shockwave","Havoc"],"picked":"Thunderclap"},{"not_picked":["Intimidate","Feed"],"picked":"Ghostly Armor"},{"not_picked":["Wild Strike","Havoc"],"picked":"Demon Form"},{"not_picked":["Armaments","Sword Boomerang"],"picked":"Heavy Blade"},{"not_picked":["Infernal Blade","Power Through"],"picked":"Dual Wield"}],"player_experience":176941,"potions_floor_usage":[6,8,18,18,22,24],"damage_taken":[{"damage":7,"enemies":"Small Slimes","floor":1,"turns":5},{"damage":3,"enemies":"Cultist","floor":3,"turns":4},{"damage":24,"enemies":"Lagavulin","floor":6,"turns":6},{"damage":19,"enemies":"Gremlin Nob","floor":8,"turns":4},{"damage":1,"enemies":"Jaw Worm","floor":10,"turns":2},{"damage":20,"enemies":"3 Sentries","floor":12,"turns":7},{"damage":9,"enemies":"Lots of Slimes","floor":13,"turns":3},{"damage":39,"enemies":"Hexaghost","floor":16,"turns":8},{"damage":0,"enemies":"3 Byrds","floor":18,"turns":4},{"damage":19,"enemies":"Spheric Guardian","floor":19,"turns":7},{"damage":19,"enemies":"Cultist and Chosen","floor":22,"turns":6},{"damage":59,"enemies":"Book of Stabbing","floor":24,"turns":7}],"event_choices":[{"event_name":"Wheel of Change","player_choice":"Gold","floor":2,"damage_taken":0},{"event_name":"Upgrade Shrine","player_choice":"Upgraded","floor":4,"damage_taken":0},{"event_name":"Purifier","player_choice":"One Purge","floor":11,"damage_taken":0},{"event_name":"Vampires","player_choice":"Ignored","floor":21,"damage_taken":0}],"boss_relics":[{"not_picked":["Calling Bell","Philosopher\u0027s Stone"],"picked":"Tiny House"}],"potions_floor_spawned":[1,3,12,16,19],"seed_played":"2352463069732525308","killed_by":"Book of Stabbing","ascension_level":4,"is_trial":false}