{"path_per_floor":["M","?","M","$","?","R","E","M","T","E","M","M","R","M","R","B",null,"M","M","?","M","?","R","E"],"character_chosen":"IRONCLAD","items_purchased":[],"gold_per_floor":[115,115,126,51,51,51,81,100,147,178,189,209,209,224,224,321,321,321,321,321,321,321,321,321],"floor_reached":25,"campfire_rested":1,"playtime":1731,"current_hp_per_floor":[80,80,80,80,85,85,85,82,82,85,81,80,80,85,85,56,78,84,74,58,33,33,60,51],"items_purged":["Strike_R"],"gold":321,"score":354,"play_id":"2a17b1e5-b136-4e21-9ed8-70238a9c56e1","is_prod":false,"is_daily":false,"is_ascension_mode":true,"campfire_upgraded":3,"path_taken":["M","?","M","$","?","R","E","?","T","E","M","M","R","M","R","BOSS","M","M","?","M","?","R","E","M"],"build_version":"2018-02-15-PROD1","purchased_purges":1,"victory":false,"master_deck":["Strike_R","Strike_R","Strike_R","Defend_R","Defend_R","Defend_R","Defend_R","Bash+1","Pommel Strike+1","Dropkick","Rampage+1","Dropkick","Warcry","Dropkick","Seeing Red","Brutality","Evolve","True Grit","Impervious"],"max_hp_per_floor":[80,80,80,80,85,85,85,85,85,85,85,85,85,85,85,85,85,85,85,90,90,90,90,90],"relics":["Burning Blood","NeowsBlessing","Paper Frog","Bronze Scales","Magic Flower","Ectoplasm","Pen Nib"],"card_choices":[{"not_picked":["Armaments","Uppercut"],"picked":"Pommel Strike"},{"not_picked":["Battle Trance","Warcry"],"picked":"Rampage"},{"not_picked":["Flame Barrier","Anger"],"picked":"Dropkick"},{"not_picked":["Demon Form","Barricade"],"picked":"Warcry"},{"not_picked":["Clash","Perfected Strike"],"picked":"Dropkick"},{"not_picked":["Berserk","Headbutt"],"picked":"Seeing Red"},{"not_picked":["Dark Embrace","Impervious"],"picked":"Brutality"},{"not_picked":["Spot Weakness","Warcry"],"picked":"Evolve"},{"not_picked":["Blood for Blood","Sword Boomerang"],"picked":"True Grit"},{"not_picked":["Shrug It Off","Heavy Blade"],"picked":"Impervious"}],"player_experience":216720,"potions_floor_usage":[7,10,12,19,19,24],"damage_taken":[{"damage":0,"enemies":"2 Louse","floor":1,"turns":1},{"damage":0,"enemies":"Cultist","floor":3,"turns":1},{"damage":0,"enemies":"Lagavulin","floor":7,"turns":1},{"damage":9,"enemies":"Jaw Worm","floor":8,"turns":5},{"damage":0,"enemies":"Gremlin Nob","floor":10,"turns":3},{"damage":13,"enemies":"Large Slime","floor":11,"turns":4},{"damage":10,"enemies":"Gremlin Gang","floor":12,"turns":5},{"damage":4,"enemies":"Exordium Wildlife","floor":14,"turns":3},{"damage":38,"enemies":"Slime Boss","floor":16,"turns":7},{"damage":3,"enemies":"3 Byrds","floor":18,"turns":4},{"damage":21,"enemies":"Spheric Guardian","floor":19,"turns":4},{"damage":34,"enemies":"Snake Plant","floor":21,"turns":3},{"damage":33,"enemies":"Book of Stabbing","floor":24,"turns":4},{"damage":51,"enemies":"3 Cultists","floor":25,"turns":6}],"event_choices":[{"event_name":"Living Wall","player_choice":"Change","floor":2,"damage_taken":0},{"event_name":"Big Fish","player_choice":"Donut","floor":5,"damage_taken":0},{"event_name":"Forgotten Altar","player_choice":"Shed Blood","floor":20,"damage_taken":0},{"event_name":"Drug Dealer","player_choice":"Ignored","floor":22,"damage_taken":0}],"boss_relics":[{"not_picked":["Black Blood","Philosopher\u0027s Stone"],"picked":"Ectoplasm"}],"potions_floor_spawned":[3,8,10,11,18,21],"seed_played":"1363793038430578787","killed_by":"3 Cultists","ascension_level":5,"is_trial":false}