{"path_per_floor":["M","M","?","M","?","R","T","E","T","M","$","?","E","?","R","B",null,"M","$","?","$","?","E","M"],"character_chosen":"IRONCLAD","items_purchased":["Medical Kit","Shrug It Off","Block Potion"],"gold_per_floor":[213,230,230,245,245,245,245,276,276,287,9,9,34,109,109,205,205,220,74,74,22,22,55,71],"floor_reached":25,"campfire_rested":1,"playtime":2134,"current_hp_per_floor":[75,77,82,85,68,68,68,63,63,70,70,63,58,47,73,54,80,53,53,53,53,82,63,60],"items_purged":["Strike_R","Defend_R"],"gold":71,"score":318,"play_id":"041d3e28-da9d-43ea-9160-4455ed3b0ff9","is_prod":false,"is_daily":false,"is_ascension_mode":true,"campfire_upgraded":1,"path_taken":["M","M","?","M","?","R","?","E","T","?","$","?","E","?","R","BOSS","M","$","?","$","?","E","M","E"],"build_version":"2018-02-22-PROD1","purchased_purges":2,"victory":false,"master_deck":["Strike_R","Strike_R","Strike_R","Defend_R+1","Defend_R","Defend_R+1","Bash+1","Seeing Red","Wild Strike+1","Feed","Warcry+1","Sever Soul+1","Rage","Dark Embrace","Evolve+1","Shrug It Off","Power Through+1","Wild Strike+1"],"max_hp_per_floor":[80,80,85,85,85,85,85,85,85,88,88,88,88,88,88,88,88,88,88,88,88,88,91,94],"relics":["Burning Blood","Thread and Needle","Dream Catcher","Molten Egg 2","Medical Kit","War Paint","Question Card","Champion Belt"],"card_choices":[{"not_picked":["Armaments","Cleave"],"picked":"Seeing Red"},{"not_picked":["Pummel","Havoc"],"picked":"Wild Strike"},{"not_picked":["Cleave","Dropkick"],"picked":"Feed"},{"not_picked":["Anger","Entrench"],"picked":"Warcry"},{"not_picked":["Armaments","Headbutt"],"picked":"Sever Soul"},{"not_picked":["Pummel","Exhume"],"picked":"Rage"},{"not_picked":["Reaper","Barricade"],"picked":"Dark Embrace"},{"not_picked":["Armaments","Whirlwind","Perfected Strike"],"picked":"Evolve"},{"not_picked":["Wild Strike","Body Slam","Intimidate"],"picked":"Power Through"},{"not_picked":["Seeing Red","Infernal Blade","Perfected Strike"],"picked":"Wild Strike"}],"player_experience":256979,"potions_floor_usage":[8,13,23,23,24],"damage_taken":[{"damage":3,"enemies":"2 Louse","floor":1,"turns":4},{"damage":4,"enemies":"Small Slimes","floor":2,"turns":4},{"damage":0,"enemies":"Cultist","floor":4,"turns":3},{"damage":11,"enemies":"Gremlin Nob","floor":8,"turns":3},{"damage":2,"enemies":"2 Fungi Beasts","floor":10,"turns":4},{"damage":11,"enemies":"Lagavulin","floor":13,"turns":5},{"damage":25,"enemies":"The Guardian","floor":16,"turns":12},{"damage":33,"enemies":"Shell Parasite","floor":18,"turns":6},{"damage":28,"enemies":"Slavers","floor":23,"turns":10},{"damage":12,"enemies":"3 Byrds","floor":24,"turns":8},{"damage":68,"enemies":"Gremlin Leader","floor":25,"turns":9}],"event_choices":[{"event_name":"Big Fish","player_choice":"Donut","floor":3,"damage_taken":0},{"event_name":"Shining Light","player_choice":"Entered Light","floor":5,"damage_taken":0},{"event_name":"Golden Wing","player_choice":"Card Removal","floor":12,"damage_taken":0},{"event_name":"World of Goop","player_choice":"Gather Gold","floor":14,"damage_taken":0},{"event_name":"Addict","player_choice":"Ignored","floor":20,"damage_taken":0},{"event_name":"The Library","player_choice":"Heal","floor":22,"damage_taken":0}],"boss_relics":[{"not_picked":["Calling Bell","White Beast Statue"],"picked":"Question Card"}],"potions_floor_spawned":[1,10,18,23],"seed_played":"-5702453187172841341","killed_by":"Gremlin Leader","ascension_level":8,"is_trial":false}