{"path_per_floor":["M","?","$","?","M","R","E","M","T","?","$","M","E","$","R","B",null,"M","?","M","?","M","E","R","?","T","R","E","R","M","M","R","B",null,"M","$","M","M","?","R","E","M","T","$","M","M","?","?","R","B"],"character_chosen":"IRONCLAD","items_purchased":["Offering","Vajra","Paper Frog","Strength Potion"],"gold_per_floor":[211,211,49,49,69,69,94,113,192,192,44,60,95,20,20,121,121,141,241,254,254,266,293,293,293,293,293,321,321,336,351,351,446,446,466,366,382,392,392,392,417,434,434,0,19,34,85,85,85,85],"floor_reached":51,"campfire_rested":3,"playtime":4053,"current_hp_per_floor":[75,59,59,59,63,63,38,47,47,47,47,51,52,52,76,41,70,64,64,65,65,60,29,53,53,53,53,31,55,36,41,41,43,71,80,80,73,67,67,67,65,77,77,77,80,80,80,80,80,63],"items_purged":["Strike_R","Strike_R","Strike_R"],"gold":85,"score":815,"play_id":"4a02f790-bfab-4569-810e-18845cae3237","is_prod":false,"is_daily":false,"is_ascension_mode":true,"campfire_upgraded":4,"path_taken":["M","?","$","?","M","R","E","M","T","?","?","M","E","$","R","BOSS","M","?","M","?","M","E","R","?","T","R","E","R","M","M","R","BOSS","M","$","M","M","?","R","E","M","T","$","M","M","?","?","R","BOSS"],"build_version":"2018-02-15-PROD1","purchased_purges":3,"victory":true,"master_deck":["Defend_R","Bash","Spot Weakness+1","Offering","Shrug It Off+1","Heavy Blade+1","Evolve+1","Limit Break+1","Flex+1","Wild Strike","Brutality","Reaper","Warcry+1","Ghostly Armor"],"max_hp_per_floor":[80,80,80,80,80,80,80,80,80,80,80,80,80,80,80,80,80,80,80,80,80,80,80,80,80,80,80,80,80,80,80,80,80,80,80,80,80,80,80,80,80,80,80,80,80,80,80,80,80,80],"relics":["Black Blood","Magic Flower","Tiny Chest","Vajra","Pen Nib","Runic Cube","Pantograph","Ginger","Juzu Bracelet","Centennial Puzzle","Charon\u0027s Ashes","Paper Frog","Peace Pipe"],"card_choices":[{"not_picked":["Heavy Blade","True Grit"],"picked":"Spot Weakness"},{"not_picked":["Pommel Strike","True Grit"],"picked":"Shrug It Off"},{"not_picked":["Cleave","Second Wind"],"picked":"Heavy Blade"},{"not_picked":["Seeing Red","Bloodletting"],"picked":"Evolve"},{"not_picked":["Bludgeon","Fiend Fire"],"picked":"Limit Break"},{"not_picked":["Evolve","Uppercut"],"picked":"Flex"},{"not_picked":["Sentinel","Havoc"],"picked":"Wild Strike"},{"not_picked":["Shockwave","Perfected Strike"],"picked":"Brutality"},{"not_picked":["Demon Form","Immolate"],"picked":"Reaper"},{"not_picked":["Iron Wave","Inflame"],"picked":"Warcry"},{"not_picked":["Anger","Body Slam"],"picked":"Ghostly Armor"}],"player_experience":224661,"potions_floor_usage":[13,16,16,20,23,33,33,35,42,46,50,50,50],"damage_taken":[{"damage":3,"enemies":"Small Slimes","floor":1,"turns":4},{"damage":2,"enemies":"2 Louse","floor":5,"turns":2},{"damage":31,"enemies":"Gremlin Nob","floor":7,"turns":4},{"damage":0,"enemies":"Cultist","floor":8,"turns":3},{"damage":5,"enemies":"3 Louse","floor":12,"turns":2},{"damage":8,"enemies":"3 Sentries","floor":13,"turns":5},{"damage":44,"enemies":"Hexaghost","floor":16,"turns":8},{"damage":15,"enemies":"Spheric Guardian","floor":18,"turns":3},{"damage":8,"enemies":"3 Byrds","floor":20,"turns":6},{"damage":14,"enemies":"Centurion and Healer","floor":22,"turns":3},{"damage":40,"enemies":"Gremlin Leader","floor":23,"turns":4},{"damage":31,"enemies":"Book of Stabbing","floor":28,"turns":4},{"damage":28,"enemies":"3 Cultists","floor":30,"turns":5},{"damage":4,"enemies":"Cultist and Chosen","floor":31,"turns":3},{"damage":45,"enemies":"Collector","floor":33,"turns":4},{"damage":20,"enemies":"3 Shapes","floor":35,"turns":2},{"damage":48,"enemies":"3 Darklings","floor":37,"turns":5},{"damage":47,"enemies":"4 Shapes","floor":38,"turns":7},{"damage":17,"enemies":"Giant Head","floor":41,"turns":4},{"damage":39,"enemies":"Maw","floor":42,"turns":6},{"damage":41,"enemies":"3 Darklings","floor":45,"turns":4},{"damage":47,"enemies":"4 Shapes","floor":46,"turns":3},{"damage":30,"enemies":"Mysterious Sphere","floor":47,"turns":3},{"damage":32,"enemies":"Time Eater","floor":50,"turns":4}],"event_choices":[{"event_name":"Shining Light","player_choice":"Entered Light","floor":2,"damage_taken":0},{"event_name":"Wheel of Change","player_choice":"Card Removal","floor":4,"damage_taken":0},{"event_name":"Golden Idol","player_choice":"Ignored","floor":10,"damage_taken":0},{"event_name":"Golden Shrine","player_choice":"Pray","floor":19,"damage_taken":0},{"event_name":"Wheel of Change","player_choice":"Card Removal","floor":21,"damage_taken":0},{"event_name":"Purifier","player_choice":"One Purge","floor":25,"damage_taken":0},{"event_name":"Tomb of Lord Red Mask","player_choice":"Ignored","floor":39,"damage_taken":0},{"event_name":"Mysterious Sphere","player_choice":"Fight","floor":47,"damage_taken":0}],"boss_relics":[{"not_picked":["Velvet Choker","White Beast Statue"],"picked":"Runic Cube"},{"not_picked":["Question Card","Tiny House"],"picked":"Black Blood"}],"potions_floor_spawned":[8,12,13,16,20,30,31,33,35,41,45,46],"seed_played":"6314127354098024187","ascension_level":6,"is_trial":false}