{"path_per_floor":["M","?","M","$","M","E","R","M","T","?","E","M","M","?","R","B",null,"M","$","M","$","M","R","?","?","T","E","$","?","E","?","R","B",null,"M","?","?","T","$","R","?","M","T","$","E","$","R","$","R","B"],"character_chosen":"IRONCLAD","items_purchased":["Trip","Thread and Needle","Shrug It Off","Bronze Scales","Block Potion"],"gold_per_floor":[113,113,132,28,46,76,76,87,112,137,172,189,207,282,282,385,385,400,1,18,18,30,30,30,30,108,133,33,33,67,67,67,166,166,182,182,182,255,130,130,130,149,197,44,75,26,26,26,26,26],"floor_reached":51,"campfire_rested":1,"playtime":4283,"current_hp_per_floor":[80,73,78,78,80,74,74,75,75,78,65,69,75,64,64,21,80,66,66,59,59,58,58,58,58,58,44,44,44,50,50,50,25,80,80,80,70,70,70,70,70,76,76,76,54,54,54,54,78,44],"items_purged":["Strike_R","Strike_R","Defend_R"],"gold":26,"score":542,"play_id":"5ccb857b-919c-44eb-89b2-d8913949630c","is_prod":false,"is_daily":false,"is_ascension_mode":false,"campfire_upgraded":6,"path_taken":["M","?","?","$","M","E","R","M","T","?","E","M","M","?","R","BOSS","M","$","M","$","M","R","?","?","T","E","?","?","E","?","R","BOSS","M","?","?","?","$","R","?","M","T","$","E","$","R","?","R","BOSS"],"build_version":"2018-02-23-BETA1","purchased_purges":3,"victory":true,"master_deck":["Strike_R","Strike_R","Defend_R","Defend_R+1","Defend_R","Body Slam+1","Armaments+1","Trip+1","Entrench+1","Body Slam+1","Juggernaut+1","Shrug It Off+1","Metallicize","Body Slam+1","Madness+1","Madness+1","Flame Barrier+1"],"max_hp_per_floor":[80,80,80,80,80,80,80,80,80,80,80,80,80,80,80,80,80,80,80,80,80,80,80,80,80,80,80,80,80,80,80,80,80,80,80,80,80,80,80,80,80,80,80,80,80,80,80,80,80,80],"relics":["Burning Blood","War Paint","Juzu Bracelet","Odd Mushroom","Toolbox","Question Card","Thread and Needle","Toxic Egg 2","Bag of Preparation","Ginger","Runic Pyramid","Mercury Hourglass","Pen Nib","Bronze Scales","Meat on the Bone"],"card_choices":[{"not_picked":["Disarm","Anger"],"picked":"Body Slam"},{"not_picked":["Flex","Perfected Strike"],"picked":"Armaments"},{"not_picked":["Twin Strike","Anger"],"picked":"Entrench"},{"not_picked":["Clothesline","Rupture"],"picked":"Body Slam"},{"not_picked":["Dark Embrace","Demon Form"],"picked":"Juggernaut"},{"not_picked":["Rage","Cleave","Thunderclap"],"picked":"Warcry"},{"not_picked":["Power Through","Clash","Infernal Blade"],"picked":"Metallicize"},{"not_picked":["Perfected Strike","Bludgeon","Power Through"],"picked":"Flame Barrier"}],"player_experience":0,"potions_floor_usage":[6,10,16,22,27,30,50,50],"damage_taken":[{"damage":2,"enemies":"Small Slimes","floor":1,"turns":4},{"damage":1,"enemies":"Jaw Worm","floor":3,"turns":3},{"damage":1,"enemies":"Cultist","floor":5,"turns":4},{"damage":12,"enemies":"3 Sentries","floor":6,"turns":8},{"damage":5,"enemies":"2 Fungi Beasts","floor":8,"turns":3},{"damage":3,"enemies":"The Mushroom Lair","floor":10,"turns":3},{"damage":19,"enemies":"Gremlin Nob","floor":11,"turns":4},{"damage":2,"enemies":"3 Louse","floor":12,"turns":2},{"damage":0,"enemies":"Looter","floor":13,"turns":2},{"damage":49,"enemies":"The Guardian","floor":16,"turns":14},{"damage":20,"enemies":"Shell Parasite","floor":18,"turns":6},{"damage":17,"enemies":"Chosen","floor":20,"turns":7},{"damage":7,"enemies":"Snake Plant","floor":22,"turns":5},{"damage":20,"enemies":"Slavers","floor":27,"turns":7},{"damage":0,"enemies":"Gremlin Leader","floor":30,"turns":8},{"damage":31,"enemies":"Champ","floor":33,"turns":9},{"damage":0,"enemies":"Flame Bruiser 1 Orb","floor":35,"turns":6},{"damage":0,"enemies":"Orb Walker","floor":42,"turns":2},{"damage":28,"enemies":"Giant Head","floor":45,"turns":7},{"damage":52,"enemies":"Awakened One","floor":50,"turns":11}],"event_choices":[{"event_name":"Golden Wing","player_choice":"Card Removal","floor":2,"damage_taken":0},{"event_name":"Mushrooms","player_choice":"Fought Mushrooms","floor":10,"damage_taken":0},{"event_name":"World of Goop","player_choice":"Gather Gold","floor":14,"damage_taken":0},{"event_name":"Drug Dealer","player_choice":"Ignored","floor":24,"damage_taken":0},{"event_name":"Bonfire Elementals","player_choice":"BASIC","floor":25,"damage_taken":0},{"event_name":"Duplicator","player_choice":"One dupe","floor":29,"damage_taken":0},{"event_name":"Cursed Tome","player_choice":"Ignored","floor":31,"damage_taken":0},{"event_name":"Winding Halls","player_choice":"Embrace Madness","floor":37,"damage_taken":0},{"event_name":"Tomb of Lord Red Mask","player_choice":"Ignored","floor":41,"damage_taken":0}],"boss_relics":[{"not_picked":["Calling Bell","Lizard Tail"],"picked":"Question Card"},{"not_picked":["Mark of Pain","Snecko Eye"],"picked":"Runic Pyramid"}],"potions_floor_spawned":[1,6,13,18,20,27,35],"seed_played":"-5801655335084794196","ascension_level":0,"is_trial":false}