{"path_per_floor":["M","M","?","$","?","E","?","$","T","M","M","?","R","M","R","B",null,"M","$","M","M","M","R","M","R","T","?","M","M","M","?","R"],"character_chosen":"IRONCLAD","items_purchased":["Flame Barrier","Shrug It Off"],"gold_per_floor":[216,228,228,79,179,213,213,66,66,84,96,96,96,106,106,202,202,217,92,103,113,127,127,137,137,137,137,150,162,178,178,178],"floor_reached":33,"campfire_rested":3,"playtime":1611,"current_hp_per_floor":[72,73,73,73,73,45,71,71,71,77,80,73,73,79,79,55,74,80,80,73,25,28,52,33,57,57,57,28,14,11,11,35],"items_purged":["Hemokinesis","Defend_R","Hemokinesis"],"gold":178,"score":326,"play_id":"dcd3e9e0-8e57-44fe-aa81-c031ca983975","local_time":"20180310000608","is_prod":false,"is_daily":false,"is_ascension_mode":true,"campfire_upgraded":2,"timestamp":1520669168,"path_taken":["M","M","?","$","?","E","?","$","T","?","M","?","R","M","R","BOSS","M","$","M","M","M","R","M","R","T","?","?","M","M","?","R","BOSS"],"build_version":"2018-03-08-BETA","purchased_purges":3,"victory":false,"master_deck":["Bash","Headbutt","Shrug It Off+1","Flame Barrier+1","Shrug It Off","Sever Soul","Rampage+1","True Grit","Searing Blow","Cleave","Cleave","Warcry"],"max_hp_per_floor":[80,80,80,80,80,80,80,80,80,80,80,80,80,80,80,80,80,80,80,80,80,80,80,80,80,80,80,80,80,80,80,80],"relics":["Burning Blood","War Paint","Peace Pipe","Pandora\u0027s Box","Bottled Lightning"],"card_choices":[{"not_picked":["Havoc","Carnage"],"picked":"Headbutt"},{"not_picked":["Burning Pact","Fire Breathing"],"picked":"Shrug It Off"},{"not_picked":["Cleave","Clothesline"],"picked":"Sever Soul"},{"not_picked":["Pommel Strike","Thunderclap"],"picked":"Rampage"},{"not_picked":["Searing Blow","Corruption"],"picked":"Warcry"}],"player_experience":92298,"potions_floor_usage":[14,16,20,21,28,30],"damage_taken":[{"damage":6,"enemies":"Cultist","floor":1,"turns":4},{"damage":5,"enemies":"Small Slimes","floor":2,"turns":4},{"damage":34,"enemies":"Lagavulin","floor":6,"turns":9},{"damage":0,"enemies":"Jaw Worm","floor":10,"turns":4},{"damage":0,"enemies":"2 Fungi Beasts","floor":11,"turns":5},{"damage":0,"enemies":"Gremlin Gang","floor":14,"turns":7},{"damage":30,"enemies":"Hexaghost","floor":16,"turns":11},{"damage":0,"enemies":"3 Byrds","floor":18,"turns":2},{"damage":13,"enemies":"Chosen","floor":20,"turns":5},{"damage":54,"enemies":"Centurion and Healer","floor":21,"turns":6},{"damage":3,"enemies":"Snecko","floor":22,"turns":6},{"damage":25,"enemies":"Snake Plant","floor":24,"turns":4},{"damage":35,"enemies":"Centurion and Healer","floor":28,"turns":8},{"damage":20,"enemies":"Snecko","floor":29,"turns":6},{"damage":9,"enemies":"Snake Plant","floor":30,"turns":5},{"damage":44,"enemies":"Champ","floor":33,"turns":13}],"event_choices":[{"event_name":"Living Wall","player_choice":"Change","floor":3,"damage_taken":0},{"event_name":"Golden Shrine","player_choice":"Pray","floor":5,"damage_taken":0},{"event_name":"Big Fish","player_choice":"Banana","floor":7,"damage_taken":0},{"event_name":"Golden Wing","player_choice":"Card Removal","floor":12,"damage_taken":0},{"event_name":"Drug Dealer","player_choice":"Ignored","floor":27,"damage_taken":0},{"event_name":"Back to Basics","player_choice":"Elegance","floor":31,"damage_taken":0}],"boss_relics":[{"not_picked":["Orrery","Ectoplasm"],"picked":"Pandora\u0027s Box"}],"potions_floor_spawned":[6,10,11,18,24,28],"seed_played":"-8576216290476986592","killed_by":"Champ","ascension_level":6,"is_trial":false}