{"path_per_floor":["M","?","M","?","$","R","M","R","T","$","E","M","R","?","R","B",null,"M","?","$","?","M","E","$","R","T","?","M","E","R","M","R","B",null,"M","?","M","M","?","R","E","M","T","R","$","R","M","M","R","B"],"character_chosen":"IRONCLAD","items_purchased":["Limit Break","Strength Potion","Battle Trance","Trip"],"gold_per_floor":[114,189,205,380,305,305,323,323,323,71,102,120,120,120,120,225,225,238,238,63,63,74,107,35,35,87,12,25,58,58,69,69,164,164,183,183,199,214,214,214,242,260,260,260,5,5,15,30,30,30],"floor_reached":51,"campfire_rested":1,"playtime":2224,"current_hp_per_floor":[80,69,75,75,75,75,80,80,80,80,75,76,76,60,60,16,80,80,80,80,80,75,79,79,79,79,79,75,68,68,63,80,76,80,72,72,65,71,71,71,64,70,70,70,70,70,76,77,77,59],"items_purged":["Doubt","Defend_R","Defend_R","Defend_R"],"gold":30,"score":866,"play_id":"5f21dee9-09c1-44f6-a9a7-aa048b618dfc","local_time":"20180308123722","is_prod":false,"is_daily":false,"is_ascension_mode":true,"campfire_upgraded":10,"timestamp":1520541442,"path_taken":["M","?","M","?","?","R","M","R","T","$","E","?","R","?","R","BOSS","M","?","?","?","?","E","$","R","T","?","?","E","R","M","R","BOSS","M","?","M","M","?","R","E","?","T","R","$","R","?","M","R","BOSS"],"build_version":"2018-03-06-BETA","purchased_purges":4,"victory":true,"master_deck":["Strike_R","Strike_R","Strike_R","Defend_R+1","Bash+1","Shrug It Off+1","Shrug It Off+1","Flex+1","Limit Break+1","Spot Weakness+1","Limit Break+1","Warcry+1","Thunderclap+1","Battle Trance+1","Impervious+1","Shrug It Off+1","Trip+1"],"max_hp_per_floor":[80,80,80,80,80,80,80,80,80,80,80,80,80,80,80,80,80,80,80,80,80,80,80,80,80,80,80,80,80,80,80,80,80,80,80,80,80,80,80,80,80,80,80,80,80,80,80,80,80,80],"relics":["Burning Blood","NeowsBlessing","Paper Frog","Self Forming Clay","Velvet Choker","Happy Flower","Pen Nib","Anchor","Bag of Preparation","Runic Cube","Mummified Hand","Frozen Eye"],"card_choices":[{"not_picked":["Iron Wave","Anger"],"picked":"Shrug It Off"},{"not_picked":["Flex","Thunderclap"],"picked":"Shrug It Off"},{"not_picked":["Headbutt","Perfected Strike"],"picked":"Flex"},{"not_picked":["Thunderclap","Sword Boomerang"],"picked":"Spot Weakness"},{"not_picked":["Double Tap","Impervious"],"picked":"Limit Break"},{"not_picked":["Wild Strike","Cleave"],"picked":"Warcry"},{"not_picked":["Spot Weakness","Berserk"],"picked":"Thunderclap"},{"not_picked":["Juggernaut","Barricade"],"picked":"Impervious"},{"not_picked":["Twin Strike","Rage"],"picked":"Shrug It Off"}],"player_experience":76157,"potions_floor_usage":[11,11,23,28,29,50,50,50],"damage_taken":[{"damage":0,"enemies":"2 Louse","floor":1,"turns":1},{"damage":0,"enemies":"Small Slimes","floor":3,"turns":1},{"damage":0,"enemies":"Jaw Worm","floor":7,"turns":1},{"damage":11,"enemies":"3 Sentries","floor":11,"turns":9},{"damage":5,"enemies":"Blue Slaver","floor":12,"turns":3},{"damage":50,"enemies":"The Guardian","floor":16,"turns":10},{"damage":2,"enemies":"Chosen","floor":18,"turns":3},{"damage":11,"enemies":"2 Thieves","floor":22,"turns":4},{"damage":2,"enemies":"Book of Stabbing","floor":23,"turns":3},{"damage":10,"enemies":"Snake Plant","floor":28,"turns":3},{"damage":13,"enemies":"Slavers","floor":29,"turns":5},{"damage":11,"enemies":"Centurion and Healer","floor":31,"turns":4},{"damage":10,"enemies":"Champ","floor":33,"turns":4},{"damage":14,"enemies":"Flame Bruiser 1 Orb","floor":35,"turns":3},{"damage":13,"enemies":"3 Darklings","floor":37,"turns":3},{"damage":0,"enemies":"Spire Growth","floor":38,"turns":3},{"damage":13,"enemies":"Giant Head","floor":41,"turns":5},{"damage":0,"enemies":"4 Shapes","floor":42,"turns":4},{"damage":0,"enemies":"Flame Bruiser 2 Orb","floor":47,"turns":4},{"damage":5,"enemies":"3 Darklings","floor":48,"turns":3},{"damage":24,"enemies":"Donu and Deca","floor":50,"turns":6}],"event_choices":[{"event_name":"World of Goop","player_choice":"Gather Gold","floor":2,"damage_taken":0},{"event_name":"Liars Game","player_choice":"agreed","floor":4,"damage_taken":0},{"event_name":"Shining Light","player_choice":"Entered Light","floor":14,"damage_taken":0},{"event_name":"The Mausoleum","player_choice":"Yes","floor":19,"damage_taken":0},{"event_name":"Accursed Blacksmith","player_choice":"Forge","floor":21,"damage_taken":0},{"event_name":"Beggar","player_choice":"Gave Gold","floor":27,"damage_taken":0},{"event_name":"Mysterious Sphere","player_choice":"Ignore","floor":36,"damage_taken":0}],"boss_relics":[{"not_picked":["Cursed Key","Eternal Feather"],"picked":"Velvet Choker"},{"not_picked":["Black Star","Lizard Tail"],"picked":"Runic Cube"}],"potions_floor_spawned":[3,7,18,28,29,33,38,41],"seed_played":"-5827933569512702704","ascension_level":3,"is_trial":false}