{"path_per_floor":["M","?","M","M","?","E","?","E","T","R","M","M","M","?","R","B",null,"M","$","?","M","M","R","M","M","T","?","E","?","M","$","R","B",null,"M","$","M","?","?","R","E","R","T","E","M","R","T","M","R","B"],"character_chosen":"IRONCLAD","items_purchased":["Lantern","War Paint","Shrug It Off","Double Tap"],"gold_per_floor":[116,116,135,153,153,184,154,188,270,270,285,297,311,311,311,415,415,431,56,56,73,88,88,101,117,169,169,199,199,213,89,89,192,192,203,56,71,71,71,71,103,103,158,190,208,208,208,222,222,222],"floor_reached":51,"campfire_rested":3,"playtime":2378,"current_hp_per_floor":[80,73,77,80,80,55,55,62,62,62,62,68,66,66,66,61,80,80,80,80,78,80,80,80,80,80,80,74,74,76,76,76,38,80,80,80,80,80,80,80,78,80,80,80,80,80,80,80,80,59],"items_purged":["Strike_R","Defend_R"],"gold":222,"score":859,"play_id":"3c6b8409-c41f-4f2d-9ce1-6852f796f532","local_time":"20180303084841","is_prod":false,"is_daily":false,"is_ascension_mode":true,"campfire_upgraded":5,"timestamp":1520095721,"path_taken":["M","?","M","M","?","E","?","E","T","R","M","M","M","?","R","BOSS","M","$","?","M","M","R","M","M","T","?","E","?","M","$","R","BOSS","M","$","M","?","?","R","E","R","T","E","M","R","?","M","R","BOSS"],"build_version":"2018-03-02-BETA2","purchased_purges":3,"victory":true,"master_deck":["Defend_R+1","Bash+1","Heavy Blade+1","Rampage+1","Rampage+1","Reaper+1","Battle Trance+1","Offering+1","Inflame+1","Thunderclap+1","Offering+1","Spot Weakness+1","Shrug It Off+1","Offering+1","Double Tap+1","Offering+1","Inflame+1"],"max_hp_per_floor":[80,80,80,80,80,80,80,80,80,80,80,80,80,80,80,80,80,80,80,80,80,80,80,80,80,80,80,80,80,80,80,80,80,80,80,80,80,80,80,80,80,80,80,80,80,80,80,80,80,80],"relics":["Burning Blood","Dream Catcher","Whetstone","Molten Egg 2","Toolbox","Astrolabe","Lantern","War Paint","Toxic Egg 2","Prayer Wheel","Happy Flower","Eternal Feather","Gambling Chip","Tiny Chest","Meat on the Bone","Calipers"],"card_choices":[{"not_picked":["Clothesline","Hemokinesis"],"picked":"Heavy Blade"},{"not_picked":["Iron Wave","Wild Strike"],"picked":"Rampage"},{"not_picked":["Pommel Strike","Headbutt"],"picked":"Rampage"},{"not_picked":["Perfected Strike","Cleave"],"picked":"Reaper"},{"not_picked":["Seeing Red","Flame Barrier"],"picked":"Battle Trance"},{"not_picked":["Brutality","Juggernaut"],"picked":"Offering"},{"not_picked":["Disarm","Iron Wave"],"picked":"Spot Weakness"},{"not_picked":["Dark Embrace","Juggernaut"],"picked":"Offering"},{"not_picked":["Anger","Second Wind"],"picked":"Inflame"}],"player_experience":66285,"potions_floor_usage":[6,8,12,13,16,16,16,24,28,33,50],"damage_taken":[{"damage":2,"enemies":"2 Louse","floor":1,"turns":3},{"damage":2,"enemies":"Jaw Worm","floor":3,"turns":3},{"damage":1,"enemies":"Cultist","floor":4,"turns":3},{"damage":31,"enemies":"Lagavulin","floor":6,"turns":5},{"damage":11,"enemies":"3 Sentries","floor":8,"turns":7},{"damage":6,"enemies":"Blue Slaver","floor":11,"turns":3},{"damage":0,"enemies":"3 Louse","floor":12,"turns":1},{"damage":20,"enemies":"Gremlin Gang","floor":13,"turns":4},{"damage":11,"enemies":"Slime Boss","floor":16,"turns":6},{"damage":11,"enemies":"3 Byrds","floor":18,"turns":3},{"damage":8,"enemies":"Shell Parasite","floor":21,"turns":1},{"damage":8,"enemies":"Sentry and Sphere","floor":22,"turns":2},{"damage":9,"enemies":"Centurion and Healer","floor":24,"turns":2},{"damage":14,"enemies":"Chosen and Byrds","floor":25,"turns":2},{"damage":16,"enemies":"Slavers","floor":28,"turns":2},{"damage":4,"enemies":"Snake Plant","floor":30,"turns":1},{"damage":44,"enemies":"Automaton","floor":33,"turns":5},{"damage":12,"enemies":"3 Shapes","floor":35,"turns":2},{"damage":0,"enemies":"Flame Bruiser 1 Orb","floor":37,"turns":1},{"damage":12,"enemies":"Nemesis","floor":41,"turns":1},{"damage":12,"enemies":"Giant Head","floor":44,"turns":1},{"damage":16,"enemies":"Sphere and 2 Shapes","floor":45,"turns":2},{"damage":12,"enemies":"Spire Growth","floor":48,"turns":1},{"damage":27,"enemies":"Time Eater","floor":50,"turns":2}],"event_choices":[{"event_name":"Golden Wing","player_choice":"Card Removal","floor":2,"damage_taken":0},{"event_name":"Bonfire Elementals","player_choice":"BASIC","floor":5,"damage_taken":0},{"event_name":"The Woman in Blue","player_choice":"Bought 2 Potions","floor":7,"damage_taken":0},{"event_name":"The Lab","player_choice":"Got Potions","floor":14,"damage_taken":0},{"event_name":"The Mausoleum","player_choice":"Yes","floor":20,"damage_taken":0},{"event_name":"Upgrade Shrine","player_choice":"Upgraded","floor":27,"damage_taken":0},{"event_name":"Back to Basics","player_choice":"Elegance","floor":29,"damage_taken":0},{"event_name":"Duplicator","player_choice":"One dupe","floor":38,"damage_taken":0},{"event_name":"Accursed Blacksmith","player_choice":"Ignore","floor":39,"damage_taken":0}],"boss_relics":[{"not_picked":["Ectoplasm","White Beast Statue"],"picked":"Astrolabe"},{"not_picked":["Snecko Eye","Mark of Pain"],"picked":"Eternal Feather"}],"potions_floor_spawned":[3,4,6,12,16,25,28,37,41,45,48],"seed_played":"-1659994288861088408","ascension_level":2,"is_trial":false}