{"path_per_floor":["M","M","?","M","?","M","R","M","T","R","?","?","M","$","R","B",null,"M","?","$","$","?","R","M","E","T","R","M","M","M","M","R"],"character_chosen":"IRONCLAD","items_purchased":["Shrug It Off","Pommel Strike","Oddly Smooth Stone","Heavy Blade"],"gold_per_floor":[20,36,36,47,47,67,67,79,79,79,254,254,270,127,127,224,224,235,235,82,32,32,32,52,77,77,77,95,109,124,144,144],"floor_reached":33,"campfire_rested":2,"playtime":1592,"current_hp_per_floor":[80,80,80,80,80,75,75,72,72,72,72,72,77,77,77,9,80,64,64,64,64,64,64,67,29,29,68,51,52,52,55,80],"items_purged":["Doubt"],"gold":144,"score":259,"play_id":"ff04dfba-b45d-4c97-8345-bd771e3e05bf","local_time":"20180313192233","is_prod":false,"is_daily":false,"is_ascension_mode":false,"campfire_upgraded":4,"timestamp":1520994153,"path_taken":["M","M","?","?","?","M","R","M","T","R","?","?","M","$","R","BOSS","M","?","?","$","?","R","M","E","T","R","M","M","M","M","R","BOSS"],"build_version":"2018-03-12v2","purchased_purges":1,"victory":false,"master_deck":["Strike_R","Strike_R","Strike_R","Defend_R","Defend_R","Defend_R","Defend_R","Bash+1","Warcry+1","Spot Weakness","Seeing Red","Barricade+1","Metallicize","Spot Weakness","Shrug It Off","Pommel Strike+1","Brutality","Heavy Blade+1","Writhe","Thunderclap","Warcry"],"max_hp_per_floor":[80,80,80,80,80,80,80,80,80,80,80,80,80,80,80,80,80,80,80,80,80,80,80,80,80,80,80,80,80,80,80,80],"relics":["Burning Blood","Gambling Chip","Sozu","Oddly Smooth Stone","Gremlin Horn","Regal Pillow","Meat on the Bone"],"card_choices":[{"not_picked":["Iron Wave","True Grit"],"picked":"Warcry"},{"not_picked":["Seeing Red","Havoc"],"picked":"Spot Weakness"},{"not_picked":["Entrench","Armaments"],"picked":"Seeing Red"},{"not_picked":["Havoc","Clash"],"picked":"Metallicize"},{"not_picked":["Berserk","Juggernaut"],"picked":"Brutality"},{"not_picked":["Headbutt","True Grit"],"picked":"Thunderclap"},{"not_picked":["Clash","Iron Wave"],"picked":"Warcry"}],"player_experience":117131,"potions_floor_usage":[13,25,33],"damage_taken":[{"damage":0,"enemies":"Small Slimes","floor":1,"turns":3},{"damage":1,"enemies":"Cultist","floor":2,"turns":3},{"damage":0,"enemies":"2 Louse","floor":4,"turns":3},{"damage":11,"enemies":"Red Slaver","floor":6,"turns":3},{"damage":9,"enemies":"Large Slime","floor":8,"turns":6},{"damage":1,"enemies":"2 Fungi Beasts","floor":13,"turns":6},{"damage":74,"enemies":"Hexaghost","floor":16,"turns":12},{"damage":22,"enemies":"Spheric Guardian","floor":18,"turns":6},{"damage":3,"enemies":"Chosen","floor":24,"turns":4},{"damage":44,"enemies":"Slavers","floor":25,"turns":5},{"damage":23,"enemies":"Snecko","floor":28,"turns":5},{"damage":17,"enemies":"Slaver and Parasite","floor":29,"turns":4},{"damage":18,"enemies":"Centurion and Healer","floor":30,"turns":5},{"damage":15,"enemies":"Snake Plant","floor":31,"turns":5},{"damage":94,"enemies":"Collector","floor":33,"turns":7}],"event_choices":[{"event_name":"Upgrade Shrine","player_choice":"Upgraded","floor":3,"damage_taken":0},{"event_name":"Living Wall","player_choice":"Change","floor":5,"damage_taken":0},{"event_name":"Liars Game","player_choice":"agreed","floor":11,"damage_taken":0},{"event_name":"Transmorgrifier","player_choice":"Transform","floor":12,"damage_taken":0},{"event_name":"The Lab","player_choice":"Got Potions","floor":19,"damage_taken":0},{"event_name":"The Mausoleum","player_choice":"Yes","floor":22,"damage_taken":0}],"boss_relics":[{"not_picked":["White Beast Statue","Calling Bell"],"picked":"Sozu"}],"potions_floor_spawned":[6,13,16,24,29],"seed_played":"-1907638245622669098","killed_by":"Collector","ascension_level":0,"is_trial":false}