{"path_per_floor":["M","?","M","?","?","R","E","M","T","R","?","R","$","M","R","B",null,"M","T","M","T","?","R","?","R","T","R","?","M","M","M","R","B",null,"M","?","M","T","M"],"character_chosen":"IRONCLAD","items_purchased":["Heavy Blade"],"gold_per_floor":[115,65,75,75,75,75,108,120,143,143,143,143,21,34,34,133,133,150,150,163,188,188,188,216,216,242,242,292,305,324,343,343,446,446,462,462,475,501,517],"floor_reached":40,"campfire_rested":3,"playtime":1560,"current_hp_per_floor":[76,76,77,77,77,77,59,61,61,61,45,80,80,64,64,41,70,58,58,49,49,25,64,60,60,67,67,67,73,60,37,78,32,73,59,48,45,45,36],"items_purged":["Strike_R"],"gold":517,"score":532,"play_id":"2b05e4dd-cb8c-4542-954e-653be9373ac8","local_time":"20180309233900","is_prod":false,"is_daily":false,"is_ascension_mode":true,"campfire_upgraded":5,"timestamp":1520667540,"path_taken":["M","?","M","?","?","R","E","M","T","R","?","R","?","M","R","BOSS","M","?","M","?","?","R","?","R","T","R","?","M","M","M","R","BOSS","M","?","M","?","M","E"],"build_version":"2018-03-08-BETA","purchased_purges":1,"victory":false,"master_deck":["Defend_R","Defend_R","Defend_R+1","Bash+1","Bloodletting+1","Rupture+1","Rupture+1","Heavy Blade+1","Thunderclap","Warcry+1","Inflame+1","Seeing Red+1","Double Tap","Sentinel+1","Combust+1","Sentinel+1","Rupture+1","Madness","Madness","Shrug It Off"],"max_hp_per_floor":[80,80,80,80,80,80,80,80,80,80,80,80,80,80,80,80,80,80,80,80,80,80,80,80,80,87,87,87,87,87,87,87,87,87,87,87,87,87,87],"relics":["Burning Blood","Regal Pillow","Blood Vial","Art of War","Runic Cube","Bird Faced Urn","Juzu Bracelet","Red Mask","Strawberry","Astrolabe","Lantern"],"card_choices":[{"not_picked":["Dual Wield","Rage"],"picked":"Bloodletting"},{"not_picked":["Thunderclap","Headbutt"],"picked":"Rupture"},{"not_picked":["Seeing Red","Iron Wave"],"picked":"Rupture"},{"not_picked":["Rage","Flex"],"picked":"Thunderclap"},{"not_picked":["Clothesline","Clash"],"picked":"Warcry"},{"not_picked":["Perfected Strike","Power Through"],"picked":"Inflame"},{"not_picked":["Power Through","Pommel Strike"],"picked":"Seeing Red"},{"not_picked":["Dark Embrace","Reaper"],"picked":"Double Tap"},{"not_picked":["Combust","Anger"],"picked":"Rupture"},{"not_picked":["Thunderclap","Armaments"],"picked":"Shrug It Off"}],"player_experience":90738,"potions_floor_usage":[7,7,18,24,24,24,33,37,39],"damage_taken":[{"damage":2,"enemies":"Jaw Worm","floor":1,"turns":3},{"damage":5,"enemies":"2 Louse","floor":3,"turns":3},{"damage":24,"enemies":"Gremlin Nob","floor":7,"turns":4},{"damage":6,"enemies":"Cultist","floor":8,"turns":4},{"damage":22,"enemies":"3 Louse","floor":14,"turns":3},{"damage":31,"enemies":"The Guardian","floor":16,"turns":7},{"damage":20,"enemies":"2 Thieves","floor":18,"turns":2},{"damage":21,"enemies":"3 Byrds","floor":20,"turns":4},{"damage":16,"enemies":"Masked Bandits","floor":24,"turns":3},{"damage":8,"enemies":"Snake Plant","floor":29,"turns":3},{"damage":25,"enemies":"Snecko","floor":30,"turns":4},{"damage":37,"enemies":"Cultist and Chosen","floor":31,"turns":5},{"damage":60,"enemies":"Collector","floor":33,"turns":5},{"damage":30,"enemies":"Flame Bruiser 1 Orb","floor":35,"turns":4},{"damage":19,"enemies":"Orb Walker","floor":37,"turns":3},{"damage":42,"enemies":"Maw","floor":39,"turns":6},{"damage":60,"enemies":"Nemesis","floor":40,"turns":5}],"event_choices":[{"event_name":"The Cleric","player_choice":"Card Removal","floor":2,"damage_taken":0},{"event_name":"Bonfire Elementals","player_choice":"BASIC","floor":4,"damage_taken":0},{"event_name":"Upgrade Shrine","player_choice":"Upgraded","floor":5,"damage_taken":0},{"event_name":"Shining Light","player_choice":"Entered Light","floor":11,"damage_taken":0},{"event_name":"Knowing Skull","player_choice":"POTION POTION ","floor":22,"damage_taken":0},{"event_name":"Masked Bandits","player_choice":"Fought over 188 gold","floor":24,"damage_taken":0},{"event_name":"The Joust","player_choice":"Bet on Murderer","floor":28,"damage_taken":0},{"event_name":"Winding Halls","player_choice":"Embrace Madness","floor":36,"damage_taken":0}],"boss_relics":[{"not_picked":["Black Star","Runic Dome"],"picked":"Runic Cube"},{"not_picked":["White Beast Statue","Tiny House"],"picked":"Astrolabe"}],"potions_floor_spawned":[1,3,14,18,24,33,35],"seed_played":"-8125313942987961071","killed_by":"Nemesis","ascension_level":6,"is_trial":false}