{"path_per_floor":["M","?","$","M","M","R","?","E","T","?","?","$","R","E","R","B",null,"M","M","$","?","?","R","?","M","T","?","E","R","M","M","R","B",null,"M","?","?","?","M","R","E","?","T","?","M","M","R","$","R","B"],"character_chosen":"IRONCLAD","items_purchased":["Strength Potion","Shrug It Off","Heavy Blade","Oddly Smooth Stone","Pantograph"],"gold_per_floor":[118,118,43,63,74,74,74,99,99,174,124,23,23,56,56,158,158,172,192,63,63,63,63,63,75,75,75,106,106,122,137,137,233,233,251,251,251,551,561,561,596,596,596,596,611,628,628,178,178,178],"floor_reached":51,"campfire_rested":2,"playtime":2612,"current_hp_per_floor":[77,77,77,80,80,80,77,57,57,46,46,46,70,65,65,40,80,72,58,58,58,42,66,66,70,70,70,57,57,54,64,64,12,88,92,92,92,92,92,92,84,92,92,92,90,80,80,80,80,35],"items_purged":["Pain","Strike_R","Defend_R","Writhe"],"gold":178,"score":724,"play_id":"ce7d3493-d1d8-4938-9f80-aa6e1dfd1aba","local_time":"20180323005314","is_prod":false,"is_daily":false,"is_ascension_mode":false,"campfire_upgraded":7,"timestamp":1521791594,"path_taken":["M","?","$","M","M","R","?","E","T","?","?","?","R","E","R","BOSS","M","M","$","?","?","R","?","M","T","?","E","R","M","M","R","BOSS","M","?","?","?","M","R","E","?","T","?","M","M","R","$","R","BOSS"],"build_version":"2018-03-22","purchased_purges":5,"victory":true,"master_deck":["Strike_R","Strike_R","Defend_R+1","Defend_R","Bash+1","Flex+1","Sword Boomerang+1","Heavy Blade+1","Impervious","Flex+1","Shrug It Off+1","Shrug It Off+1","Heavy Blade+1","Feed+1","Bloodletting+1","Demon Form+1","Warcry","Thunderclap+1","Inflame+1"],"max_hp_per_floor":[80,80,80,80,80,80,80,80,80,80,80,80,80,80,80,80,80,80,80,80,80,80,80,80,80,80,80,80,80,84,88,88,88,88,92,92,92,92,92,92,92,92,92,92,92,92,92,92,92,92],"relics":["Burning Blood","Ginger","Juzu Bracelet","Letter Opener","Smiling Mask","War Paint","Runic Cube","Enchiridion","Gremlin Horn","Red Skull","Sozu","Pen Nib","Bottled Tornado","Oddly Smooth Stone","Pantograph"],"card_choices":[{"not_picked":["Body Slam","Twin Strike"],"picked":"Flex","floor":1},{"not_picked":["Disarm","Clothesline"],"picked":"Sword Boomerang","floor":4},{"not_picked":["Combust","Disarm"],"picked":"Heavy Blade","floor":5},{"not_picked":["Dark Embrace","Berserk"],"picked":"Impervious","floor":16},{"not_picked":["Sever Soul","Blood for Blood"],"picked":"Flex","floor":18},{"not_picked":["Thunderclap","Searing Blow"],"picked":"Shrug It Off","floor":19},{"not_picked":["Whirlwind","Twin Strike"],"picked":"Feed","floor":25},{"not_picked":["Reckless Charge","Sentinel"],"picked":"Bloodletting","floor":28},{"not_picked":["Barricade","Bludgeon"],"picked":"Demon Form","floor":33},{"not_picked":["Dropkick","Twin Strike"],"picked":"Warcry","floor":35},{"not_picked":["Havoc","Anger"],"picked":"Thunderclap","floor":41},{"not_picked":["Flex","Barricade"],"picked":"Inflame","floor":45}],"player_experience":170863,"potions_floor_usage":[14,16,16,18,25,33,35,50],"damage_taken":[{"damage":9,"enemies":"Jaw Worm","floor":1,"turns":5},{"damage":2,"enemies":"2 Louse","floor":4,"turns":3},{"damage":5,"enemies":"Small Slimes","floor":5,"turns":3},{"damage":26,"enemies":"Lagavulin","floor":8,"turns":6},{"damage":11,"enemies":"3 Sentries","floor":14,"turns":5},{"damage":31,"enemies":"Slime Boss","floor":16,"turns":9},{"damage":14,"enemies":"3 Byrds","floor":18,"turns":4},{"damage":20,"enemies":"2 Thieves","floor":19,"turns":4},{"damage":2,"enemies":"Cultist and Chosen","floor":25,"turns":6},{"damage":19,"enemies":"Gremlin Leader","floor":28,"turns":7},{"damage":13,"enemies":"Snake Plant","floor":30,"turns":3},{"damage":0,"enemies":"Snecko","floor":31,"turns":5},{"damage":73,"enemies":"Champ","floor":33,"turns":10},{"damage":3,"enemies":"3 Darklings","floor":35,"turns":3},{"damage":4,"enemies":"Orb Walker","floor":39,"turns":2},{"damage":14,"enemies":"Giant Head","floor":41,"turns":6},{"damage":8,"enemies":"Maw","floor":45,"turns":4},{"damage":16,"enemies":"Spire Growth","floor":46,"turns":4},{"damage":63,"enemies":"Time Eater","floor":50,"turns":5}],"event_choices":[{"event_name":"Living Wall","player_choice":"Grow","floor":2,"damage_taken":0},{"event_name":"Scrap Ooze","player_choice":"success","floor":7,"damage_taken":3},{"event_name":"World of Goop","player_choice":"Gather Gold","floor":10,"damage_taken":0},{"event_name":"The Cleric","player_choice":"Card Removal","floor":11,"damage_taken":0},{"event_name":"Accursed Blacksmith","player_choice":"Forge","floor":21,"damage_taken":0},{"event_name":"Cursed Tome","player_choice":"Obtained Book","floor":22,"damage_taken":0},{"event_name":"Drug Dealer","player_choice":"Ignored","floor":24,"damage_taken":0},{"event_name":"Back to Basics","player_choice":"Elegance","floor":27,"damage_taken":0},{"event_name":"Mysterious Sphere","player_choice":"Ignore","floor":36,"damage_taken":0},{"event_name":"Wheel of Change","player_choice":"Gold","floor":38,"damage_taken":0},{"event_name":"Winding Halls","player_choice":"Writhe","floor":42,"damage_taken":0},{"event_name":"Tomb of Lord Red Mask","player_choice":"Ignored","floor":44,"damage_taken":0}],"boss_relics":[{"not_picked":["Tiny House","Lizard Tail"],"picked":"Runic Cube"},{"not_picked":["Pandora\u0027s Box","Snecko Eye"],"picked":"Sozu"}],"potions_floor_spawned":[5,8,14,16,18,30,33,35,39],"seed_played":"-3365464513886046626","ascension_level":0,"is_trial":false}