{"path_per_floor":["M","M","M","$","?","R","M","?","T","R","M","M","T","M","R","B",null,"M","?","M","M","T","R","M","R","T","?","M","$","M","$","R","B",null,"M","?","?","M","M","R","?","M","T","$","R","M","R","M","R","B"],"character_chosen":"IRONCLAD","items_purchased":["Bronze Scales","Shrug It Off","Oddly Smooth Stone","Regal Pillow","Finesse","Shrug It Off"],"gold_per_floor":[111,128,147,72,147,147,162,162,162,162,181,191,191,210,210,305,305,318,350,361,372,372,372,390,390,442,802,814,533,544,16,16,115,115,131,131,131,144,162,162,384,403,403,231,231,243,243,258,258,258],"floor_reached":51,"campfire_rested":1,"playtime":6610,"current_hp_per_floor":[80,80,82,82,71,71,74,62,62,62,70,78,78,84,84,13,88,90,75,83,88,102,102,96,96,96,56,59,59,65,65,112,63,112,114,114,100,90,96,96,96,102,102,102,102,110,110,118,118,118],"items_purged":["Defend_R","Strike_R","Strike_R","Strike_R"],"gold":258,"score":768,"play_id":"14e90069-0e6a-47c0-8765-874b62a7a713","local_time":"20180313211304","is_prod":false,"is_daily":false,"is_ascension_mode":false,"campfire_upgraded":8,"timestamp":1521000784,"path_taken":["M","?","M","$","?","R","?","?","T","R","M","?","?","M","R","BOSS","M","?","?","M","?","R","M","R","T","?","M","$","M","$","R","BOSS","M","?","?","?","M","R","?","?","T","$","R","?","R","M","R","BOSS"],"build_version":"2018-03-12v2","purchased_purges":4,"victory":true,"master_deck":["Strike_R","Defend_R","Defend_R","Defend_R","Bash+1","Ghostly Armor+1","Battle Trance","Body Slam+1","Juggernaut+1","Body Slam+1","Shrug It Off","Finesse","Juggernaut+1","Barricade+1","Madness+1","Madness","Body Slam+1","True Grit+1","Feel No Pain+1","Shrug It Off"],"max_hp_per_floor":[80,80,82,82,82,82,82,82,82,82,84,86,86,88,88,88,88,90,90,92,94,108,108,108,108,108,108,110,110,112,112,112,112,112,114,114,114,114,114,114,114,114,114,114,114,116,116,118,118,118],"relics":["Burning Blood","Singing Bowl","Toolbox","Thread and Needle","Charon\u0027s Ashes","Velvet Choker","Red Mask","Mango","Pen Nib","Bronze Scales","Oddly Smooth Stone","Regal Pillow","Runic Cube","Shovel","Kunai"],"card_choices":[{"not_picked":["True Grit","Perfected Strike"],"picked":"Ghostly Armor"},{"not_picked":["Iron Wave","Havoc"],"picked":"Battle Trance"},{"not_picked":["Sever Soul","Rupture"],"picked":"Body Slam"},{"not_picked":["Reaper","Exhume"],"picked":"Juggernaut"},{"not_picked":["Flame Barrier","Sentinel"],"picked":"Body Slam"},{"not_picked":["Immolate","Impervious"],"picked":"Juggernaut"},{"not_picked":["Fire Breathing","Warcry"],"picked":"Body Slam"},{"not_picked":["Sentinel","Heavy Blade"],"picked":"True Grit"},{"not_picked":["Anger","Bloodletting"],"picked":"Feel No Pain"}],"player_experience":118723,"potions_floor_usage":[7,18,19,21,24,33,33,50,50,50],"damage_taken":[{"damage":1,"enemies":"Cultist","floor":1,"turns":4},{"damage":1,"enemies":"Jaw Worm","floor":2,"turns":3},{"damage":0,"enemies":"Small Slimes","floor":3,"turns":3},{"damage":3,"enemies":"Gremlin Gang","floor":7,"turns":8},{"damage":0,"enemies":"Exordium Thugs","floor":11,"turns":5},{"damage":0,"enemies":"Looter","floor":12,"turns":3},{"damage":2,"enemies":"3 Louse","floor":14,"turns":4},{"damage":77,"enemies":"The Guardian","floor":16,"turns":17},{"damage":0,"enemies":"3 Byrds","floor":18,"turns":4},{"damage":21,"enemies":"Masked Bandits","floor":19,"turns":5},{"damage":0,"enemies":"Chosen","floor":20,"turns":4},{"damage":7,"enemies":"Centurion and Healer","floor":21,"turns":4},{"damage":12,"enemies":"3 Cultists","floor":24,"turns":5},{"damage":5,"enemies":"Snecko","floor":28,"turns":4},{"damage":2,"enemies":"Chosen and Byrds","floor":30,"turns":3},{"damage":55,"enemies":"Champ","floor":33,"turns":9},{"damage":4,"enemies":"Flame Bruiser 1 Orb","floor":35,"turns":4},{"damage":16,"enemies":"3 Darklings","floor":38,"turns":3},{"damage":0,"enemies":"Maw","floor":39,"turns":5},{"damage":0,"enemies":"4 Shapes","floor":42,"turns":4},{"damage":0,"enemies":"Spire Growth","floor":46,"turns":3},{"damage":0,"enemies":"3 Darklings","floor":48,"turns":4},{"damage":0,"enemies":"Donu and Deca","floor":50,"turns":6}],"event_choices":[{"event_name":"World of Goop","player_choice":"Gather Gold","floor":5,"damage_taken":0},{"event_name":"Scrap Ooze","player_choice":"success","floor":8,"damage_taken":12},{"event_name":"Masked Bandits","player_choice":"Fought over 318 gold","floor":19,"damage_taken":0},{"event_name":"Knowing Skull","player_choice":"GOLD GOLD GOLD GOLD ","floor":27,"damage_taken":0},{"event_name":"Transmorgrifier","player_choice":"Transform","floor":36,"damage_taken":0},{"event_name":"Winding Halls","player_choice":"Embrace Madness","floor":37,"damage_taken":0},{"event_name":"Tomb of Lord Red Mask","player_choice":"Wore Mask","floor":41,"damage_taken":0}],"boss_relics":[{"not_picked":["Runic Dome","Snecko Eye"],"picked":"Velvet Choker"},{"not_picked":["Mark of Pain","Orrery"],"picked":"Runic Cube"}],"potions_floor_spawned":[3,7,16,19,20,24,30,38,39,46],"seed_played":"-3834970389163077045","ascension_level":0,"is_trial":false}