{"path_per_floor":["M","M","M","?","M","R","$","R","T","M","R","?","R","E","R","B",null,"M","M","?","$","M","M","R","M","T","R","E","M","T","$","R","B",null,"M","?","$","M","M","?","R","?","T","M","R","M","M","E","R"],"character_chosen":"IRONCLAD","items_purchased":["Self Forming Clay","Gremlin Horn","Heavy Blade","Inflame","Strength Potion","War Paint","Seeing Red"],"gold_per_floor":[214,226,239,239,263,263,2,2,78,91,91,91,91,134,134,263,263,283,297,297,44,59,79,79,95,147,147,181,205,228,19,19,144,144,159,492,163,181,194,194,194,194,194,213,213,231,246,280,280],"floor_reached":50,"campfire_rested":4,"playtime":2451,"current_hp_per_floor":[80,80,80,60,52,52,52,52,52,58,58,42,66,59,59,23,80,75,71,71,71,37,36,60,57,57,57,36,34,34,34,58,41,80,72,72,72,77,71,71,71,71,71,77,77,80,35,39,63],"items_purged":["Strike_R","Strike_R"],"gold":280,"score":544,"play_id":"fa22bfc1-53c6-4447-ab10-05eef7b76617","local_time":"20180316234643","is_prod":false,"is_daily":false,"is_ascension_mode":false,"campfire_upgraded":7,"timestamp":1521269203,"path_taken":["M","M","M","?","M","R","$","R","T","?","R","?","R","E","R","BOSS","M","M","?","$","?","M","R","M","T","R","E","M","?","$","R","BOSS","M","?","$","?","M","?","R","?","T","M","R","M","M","E","R","BOSS"],"build_version":"2018-03-16","purchased_purges":2,"victory":false,"master_deck":["Strike_R+1","Strike_R+1","Strike_R+1","Defend_R+1","Defend_R+1","Defend_R+1","Defend_R+1","Bash+1","Heavy Blade+1","Inflame+1","Thunderclap+1","Limit Break+1","Armaments+1","Whirlwind+1","Warcry+1","Headbutt","Heavy Blade+1","Inflame+1","Double Tap+1","Flex+1","Seeing Red","Shrug It Off+1","Battle Trance"],"max_hp_per_floor":[80,80,80,80,80,80,80,80,80,80,80,80,80,80,80,80,80,80,80,80,80,80,80,80,80,80,80,80,80,80,80,80,80,80,80,80,80,80,80,80,80,80,80,80,80,80,80,80,80],"relics":["Burning Blood","Self Forming Clay","Shuriken","Prayer Wheel","Mark of Pain","Gremlin Horn","Pen Nib","Bronze Scales","Orichalcum","Sozu","War Paint","Ancient Tea Set","Ornamental Fan"],"card_choices":[{"not_picked":["Warcry","Twin Strike"],"picked":"Heavy Blade"},{"not_picked":["Heavy Blade","True Grit"],"picked":"Inflame"},{"not_picked":["Twin Strike","Ghostly Armor"],"picked":"Thunderclap"},{"not_picked":["Feed","Barricade"],"picked":"Limit Break"},{"not_picked":["Heavy Blade","Perfected Strike"],"picked":"Armaments"},{"not_picked":["Shrug It Off","Wild Strike"],"picked":"Whirlwind"},{"not_picked":["Heavy Blade","Iron Wave"],"picked":"Warcry"},{"not_picked":["Clash","Perfected Strike"],"picked":"Headbutt"},{"not_picked":["Feed","Bludgeon"],"picked":"Double Tap"},{"not_picked":["Combust","Searing Blow"],"picked":"Flex"},{"not_picked":["Iron Wave","Flex"],"picked":"Shrug It Off"},{"not_picked":["Iron Wave","Flex"],"picked":"Battle Trance"}],"player_experience":155503,"potions_floor_usage":[5,10,14,19,23,33,50],"damage_taken":[{"damage":5,"enemies":"Jaw Worm","floor":1,"turns":5},{"damage":1,"enemies":"2 Louse","floor":2,"turns":4},{"damage":5,"enemies":"Small Slimes","floor":3,"turns":4},{"damage":23,"enemies":"Exordium Thugs","floor":5,"turns":4},{"damage":0,"enemies":"Large Slime","floor":10,"turns":4},{"damage":13,"enemies":"Lagavulin","floor":14,"turns":6},{"damage":42,"enemies":"The Guardian","floor":16,"turns":9},{"damage":11,"enemies":"3 Byrds","floor":18,"turns":5},{"damage":10,"enemies":"2 Thieves","floor":19,"turns":3},{"damage":40,"enemies":"Cultist and Chosen","floor":22,"turns":5},{"damage":7,"enemies":"Centurion and Healer","floor":23,"turns":3},{"damage":9,"enemies":"Snake Plant","floor":25,"turns":3},{"damage":27,"enemies":"Slavers","floor":28,"turns":5},{"damage":8,"enemies":"Cultist and Chosen","floor":29,"turns":4},{"damage":23,"enemies":"Collector","floor":33,"turns":7},{"damage":14,"enemies":"3 Darklings","floor":35,"turns":4},{"damage":1,"enemies":"Flame Bruiser 1 Orb","floor":38,"turns":3},{"damage":12,"enemies":"Maw","floor":39,"turns":5},{"damage":0,"enemies":"Flame Bruiser 2 Orb","floor":44,"turns":3},{"damage":0,"enemies":"Spire Growth","floor":46,"turns":2},{"damage":51,"enemies":"Sphere and 2 Shapes","floor":47,"turns":4},{"damage":2,"enemies":"Giant Head","floor":48,"turns":4},{"damage":101,"enemies":"Time Eater","floor":50,"turns":7}],"event_choices":[{"event_name":"Golden Idol","player_choice":"Take Damage","floor":4,"damage_taken":0},{"event_name":"Shining Light","player_choice":"Entered Light","floor":12,"damage_taken":0},{"event_name":"Back to Basics","player_choice":"Simplicity","floor":20,"damage_taken":0},{"event_name":"The Moai Head","player_choice":"Gave Idol","floor":36,"damage_taken":0},{"event_name":"Accursed Blacksmith","player_choice":"Forge","floor":40,"damage_taken":0},{"event_name":"Mysterious Sphere","player_choice":"Ignore","floor":42,"damage_taken":0}],"boss_relics":[{"not_picked":["Question Card","Cursed Key"],"picked":"Mark of Pain"},{"not_picked":["Philosopher\u0027s Stone","Tiny House"],"picked":"Sozu"}],"potions_floor_spawned":[2,3,5,10,22,33,39,44],"seed_played":"-6960694534065725178","killed_by":"Time Eater","ascension_level":0,"is_trial":false}