{"path_per_floor":["M","?","$","M","?","R","E","R","T","M","$","R","M","?","R","B",null,"M","$","?","?","$","R","M","M","T","R","M","M","?","M","R"],"character_chosen":"IRONCLAD","items_purchased":[],"gold_per_floor":[116,116,41,59,59,59,93,93,147,158,58,58,77,107,107,206,206,217,92,0,0,0,0,11,30,57,57,67,87,87,100,100,100],"floor_reached":33,"campfire_rested":3,"playtime":1288,"current_hp_per_floor":[80,80,80,80,80,80,61,61,61,61,61,87,87,87,87,65,87,44,44,44,44,44,70,51,51,51,51,28,25,25,8,34,0],"items_purged":["Strike_R","Strike_R","Strike_R"],"gold":100,"score":245,"play_id":"3e11906c-9cb9-46dd-a112-809d0e0a12e9","local_time":"20180330120857","is_prod":false,"is_daily":false,"is_ascension_mode":false,"campfire_upgraded":4,"timestamp":1522436937,"path_taken":["M","?","$","M","?","R","E","R","T","M","?","R","M","?","R","BOSS","M","$","?","?","?","R","M","M","T","R","M","M","?","M","R","BOSS"],"build_version":"2018-03-29","purchased_purges":3,"victory":false,"master_deck":["Strike_R+1","Strike_R+1","Defend_R","Defend_R","Defend_R","Defend_R","Bash+1","Pommel Strike+1","Warcry+1","Thunderclap","Rampage+1","Double Tap+1","Flex+1","Shrug It Off"],"max_hp_per_floor":[80,80,80,80,80,80,87,87,87,87,87,87,87,87,87,87,87,87,87,87,87,87,87,87,87,87,87,87,87,87,87,87,87],"relics":["Burning Blood","Strawberry","Juzu Bracelet","Runic Cube","Whetstone"],"card_choices":[{"not_picked":["Twin Strike","Cleave"],"picked":"Pommel Strike","floor":0},{"not_picked":["Ghostly Armor","Uppercut"],"picked":"Warcry","floor":1},{"not_picked":["Pommel Strike","Uppercut"],"picked":"Thunderclap","floor":4},{"not_picked":["Armaments","Feel No Pain"],"picked":"Rampage","floor":7},{"not_picked":["Bludgeon","Fiend Fire"],"picked":"Double Tap","floor":16},{"not_picked":["Pummel","Twin Strike"],"picked":"Flex","floor":18},{"not_picked":["True Grit","Thunderclap"],"picked":"Shrug It Off","floor":31}],"player_experience":185650,"potions_floor_usage":[16,25,29,31,33,33],"damage_taken":[{"damage":6,"enemies":"2 Louse","floor":1,"turns":3},{"damage":1,"enemies":"Cultist","floor":4,"turns":3},{"damage":32,"enemies":"Gremlin Nob","floor":7,"turns":4},{"damage":6,"enemies":"Jaw Worm","floor":10,"turns":2},{"damage":6,"enemies":"Blue Slaver","floor":13,"turns":4},{"damage":28,"enemies":"The Guardian","floor":16,"turns":9},{"damage":49,"enemies":"Shell Parasite","floor":18,"turns":7},{"damage":25,"enemies":"Spheric Guardian","floor":24,"turns":4},{"damage":6,"enemies":"Cultist and Chosen","floor":25,"turns":4},{"damage":29,"enemies":"Chosen and Byrds","floor":28,"turns":4},{"damage":18,"enemies":"Snake Plant","floor":29,"turns":4},{"damage":23,"enemies":"Snecko","floor":31,"turns":5},{"damage":48,"enemies":"Champ","floor":33,"turns":10}],"event_choices":[{"event_name":"Upgrade Shrine","player_choice":"Upgraded","floor":2,"damage_taken":0},{"event_name":"Liars Game","player_choice":"disagreed","floor":5,"damage_taken":0},{"event_name":"Dead Adventurer","player_choice":"Searched \u00272\u0027 times","floor":14,"damage_taken":0},{"event_name":"Masked Bandits","player_choice":"Paid Bandits 92 gold","floor":20,"damage_taken":0},{"event_name":"Cursed Tome","player_choice":"Ignored","floor":21,"damage_taken":0},{"event_name":"Match and Keep!","player_choice":"0 cards matched","floor":30,"damage_taken":0}],"boss_relics":[{"not_picked":["Snecko Eye","Ectoplasm"],"picked":"Runic Cube"}],"potions_floor_spawned":[4,10,13,24,28,29],"seed_played":"-1008741526826319943","killed_by":"Champ","ascension_level":0,"is_trial":false}