{"path_per_floor":["M","?","M","?","$","R","?","R","T","M","R","M","T","M","R","B",null,"M","?","M","M","$","R","M","R","T","?","?","$","?","M","R","B",null,"M","?","M","M","$","R","?","?","T","M","R","M","M"],"character_chosen":"IRONCLAD","items_purchased":["Inflame","Thunderclap","Thread and Needle","Warcry"],"gold_per_floor":[110,185,198,198,2,2,2,2,2,22,22,36,36,48,48,151,151,169,169,179,195,95,95,111,111,411,336,336,24,24,38,38,136,136,151,151,162,179,54,54,54,54,123,141,141,152,168,168],"floor_reached":48,"campfire_rested":0,"playtime":1845,"current_hp_per_floor":[80,69,68,68,68,68,56,56,56,62,62,64,64,66,66,14,80,72,72,59,51,51,51,50,50,50,50,50,50,50,53,53,54,80,80,80,80,80,80,80,80,70,70,55,55,39,17,0],"items_purged":["Strike_R","Strike_R","Strike_R"],"gold":168,"score":472,"play_id":"f96cf11e-e4b5-43b6-a46b-4a61eed6f2e0","local_time":"20180331024836","is_prod":false,"is_daily":false,"is_ascension_mode":false,"campfire_upgraded":3,"timestamp":1522489716,"path_taken":["M","?","M","?","$","R","?","R","T","?","R","M","?","M","R","BOSS","M","?","M","M","?","R","?","R","T","?","?","$","?","M","R","BOSS","M","?","M","M","$","R","?","?","T","M","R","M","?","M"],"build_version":"2018-03-29","purchased_purges":3,"victory":false,"master_deck":["Defend_R","Defend_R","Defend_R+1","Defend_R+1","Bash+1","Headbutt","Inflame+1","Thunderclap","Shrug It Off","Flex+1","Limit Break+1","Heavy Blade","Shrug It Off","Warcry","Inflame","Warcry","Armaments+1","Burning Pact+1","Heavy Blade+1","Warcry","Madness","Madness","Feel No Pain+1","Inflame+1","True Grit+1"],"max_hp_per_floor":[80,80,80,80,80,80,80,80,80,80,80,80,80,80,80,80,80,80,80,80,80,80,80,80,80,80,80,80,80,80,80,80,80,80,80,80,80,80,80,80,80,80,80,80,80,80,80,80],"relics":["Burning Blood","Ancient Tea Set","Shovel","Du-Vu Doll","Unceasing Top","Art of War","Prayer Wheel","Bag of Marbles","Sozu","Bag of Preparation","Old Coin","Thread and Needle","Orrery","Omamori","Pantograph","War Paint"],"card_choices":[{"not_picked":["Carnage","Sever Soul"],"picked":"Headbutt","floor":1},{"not_picked":["Dark Embrace","Warcry"],"picked":"Ghostly Armor","floor":3},{"not_picked":["Iron Wave","Cleave"],"picked":"Shrug It Off","floor":10},{"not_picked":["Sword Boomerang","Rupture"],"picked":"Flex","floor":12},{"not_picked":["Berserk","Double Tap"],"picked":"Limit Break","floor":16},{"not_picked":["Clash","Flex"],"picked":"Heavy Blade","floor":18},{"not_picked":["Feel No Pain","Clothesline"],"picked":"Inflame","floor":34},{"not_picked":["Wild Strike","Second Wind"],"picked":"Warcry","floor":34},{"not_picked":["Disarm","Perfected Strike"],"picked":"Armaments","floor":34},{"not_picked":["Iron Wave","Immolate"],"picked":"Burning Pact","floor":35},{"not_picked":["Burning Pact","Perfected Strike"],"picked":"Heavy Blade","floor":37},{"not_picked":["Metallicize","Dual Wield"],"picked":"Warcry","floor":38},{"not_picked":["Pommel Strike","Juggernaut"],"picked":"Feel No Pain","floor":44},{"not_picked":["True Grit","Shrug It Off"],"picked":"Inflame","floor":46},{"not_picked":["Headbutt","Sword Boomerang"],"picked":"True Grit","floor":47}],"player_experience":207202,"potions_floor_usage":[18,33],"damage_taken":[{"damage":6,"enemies":"Jaw Worm","floor":1,"turns":3},{"damage":7,"enemies":"Small Slimes","floor":3,"turns":4},{"damage":0,"enemies":"Cultist","floor":10,"turns":2},{"damage":4,"enemies":"3 Louse","floor":12,"turns":4},{"damage":4,"enemies":"2 Fungi Beasts","floor":14,"turns":3},{"damage":58,"enemies":"The Guardian","floor":16,"turns":14},{"damage":14,"enemies":"Spheric Guardian","floor":18,"turns":4},{"damage":19,"enemies":"Shell Parasite","floor":20,"turns":5},{"damage":14,"enemies":"3 Cultists","floor":21,"turns":6},{"damage":7,"enemies":"Snecko","floor":24,"turns":3},{"damage":3,"enemies":"Snake Plant","floor":31,"turns":4},{"damage":5,"enemies":"Champ","floor":33,"turns":6},{"damage":5,"enemies":"Flame Bruiser 1 Orb","floor":35,"turns":5},{"damage":3,"enemies":"Orb Walker","floor":37,"turns":3},{"damage":0,"enemies":"Maw","floor":38,"turns":6},{"damage":21,"enemies":"3 Darklings","floor":44,"turns":5},{"damage":22,"enemies":"Spire Growth","floor":46,"turns":3},{"damage":28,"enemies":"Flame Bruiser 2 Orb","floor":47,"turns":5},{"damage":27,"enemies":"Sphere and 2 Shapes","floor":48,"turns":3}],"event_choices":[{"event_name":"World of Goop","player_choice":"Gather Gold","floor":2,"damage_taken":0},{"event_name":"Upgrade Shrine","player_choice":"Upgraded","floor":4,"damage_taken":0},{"event_name":"Scrap Ooze","player_choice":"success","floor":7,"damage_taken":12},{"event_name":"The Library","player_choice":"Read","floor":19,"damage_taken":0},{"event_name":"Beggar","player_choice":"Gave Gold","floor":27,"damage_taken":0},{"event_name":"Purifier","player_choice":"One Purge","floor":28,"damage_taken":0},{"event_name":"Drug Dealer","player_choice":"Ignored","floor":30,"damage_taken":0},{"event_name":"Mysterious Sphere","player_choice":"Ignore","floor":36,"damage_taken":0},{"event_name":"Winding Halls","player_choice":"Embrace Madness","floor":42,"damage_taken":0}],"boss_relics":[{"not_picked":["Astrolabe","Runic Dome"],"picked":"Sozu"},{"not_picked":["Velvet Choker","Snecko Eye"],"picked":"Orrery"}],"potions_floor_spawned":[14,16,18,24,37,46,47],"seed_played":"-3887938596205562887","killed_by":"Sphere and 2 Shapes","ascension_level":0,"is_trial":false}