{"path_per_floor":["M","M","?","M","M","R","M","R","T","R","M","M","M","$","R","B",null,"M","?","?","?","M","R","$","M","T","M","$","M","M","T","R","B",null,"M","?","$","?","M","?","$","R","T","E","M","M","M","E","R","B"],"character_chosen":"IRONCLAD","items_purchased":["Body Slam","Shrug It Off","Warcry"],"gold_per_floor":[10,20,20,32,51,51,67,67,113,113,124,137,156,1,1,106,106,121,121,46,0,15,15,15,33,60,72,72,91,106,157,157,252,252,265,265,116,116,128,128,3,3,28,61,77,90,100,128,128,128],"floor_reached":51,"campfire_rested":0,"playtime":3435,"current_hp_per_floor":[80,80,80,80,80,80,80,80,80,80,77,79,81,81,81,53,83,83,67,67,67,63,63,63,62,62,71,71,74,88,88,88,81,91,91,91,91,91,91,81,81,81,81,87,94,94,94,94,94,94],"items_purged":["Strike_R","Strike_R","Strike_R"],"gold":128,"score":778,"play_id":"f3fcb844-0418-4160-bb16-92d70e83316c","local_time":"20180330130640","is_prod":false,"is_daily":false,"is_ascension_mode":false,"campfire_upgraded":8,"timestamp":1522440400,"path_taken":["M","M","?","M","M","R","M","R","T","R","M","M","M","$","R","BOSS","M","?","?","?","M","R","$","?","T","M","?","M","M","?","R","BOSS","M","?","$","?","?","?","$","R","T","E","M","M","M","E","R","BOSS"],"build_version":"2018-03-29","purchased_purges":3,"victory":true,"master_deck":["Strike_R","Defend_R","Defend_R","Defend_R","Bash+1","True Grit+1","Sentinel+1","Headbutt+1","Corruption+1","Armaments+1","Intimidate","True Grit+1","Body Slam+1","Shrug It Off","Reaper+1","Spot Weakness","True Grit+1","Barricade+1","Warcry","Madness","Jack Of All Trades","Panacea","Parasite","Feel No Pain+1","Infernal Blade+1","Second Wind+1"],"max_hp_per_floor":[80,80,80,80,80,80,80,80,80,80,80,83,83,83,83,83,83,83,88,88,88,88,88,88,88,88,88,88,88,88,88,88,91,91,91,91,91,91,91,91,91,91,91,94,94,94,94,94,94,94],"relics":["Burning Blood","Dead Branch","Art of War","Runic Cube","Oddly Smooth Stone","Prayer Wheel","Cursed Key","Whetstone","Anchor","Orichalcum"],"card_choices":[{"not_picked":["Clothesline","Thunderclap"],"picked":"True Grit","floor":1},{"not_picked":["Barricade","Clash"],"picked":"Sentinel","floor":2},{"not_picked":["Anger","Power Through"],"picked":"Headbutt","floor":4},{"not_picked":["Sword Boomerang","Flex"],"picked":"Corruption","floor":5},{"not_picked":["Berserk","Carnage"],"picked":"Armaments","floor":7},{"not_picked":["Uppercut","Burning Pact"],"picked":"Intimidate","floor":12},{"not_picked":["Dual Wield","Barricade"],"picked":"True Grit","floor":13},{"not_picked":["Juggernaut","Immolate"],"picked":"Reaper","floor":16},{"not_picked":["Corruption","Iron Wave"],"picked":"Spot Weakness","floor":25},{"not_picked":["Cleave","Clash"],"picked":"True Grit","floor":27},{"not_picked":["Fiend Fire","Dark Embrace"],"picked":"Barricade","floor":33},{"not_picked":["Panache","Blind"],"picked":"Madness","floor":40},{"not_picked":["Transmutation","Dark Shackles"],"picked":"Jack Of All Trades","floor":40},{"not_picked":["Dark Shackles","Madness"],"picked":"Panacea","floor":40},{"not_picked":["Twin Strike","Cleave"],"picked":"Feel No Pain","floor":43},{"not_picked":["Pommel Strike","Twin Strike"],"picked":"Infernal Blade","floor":45},{"not_picked":["Clothesline","Heavy Blade"],"picked":"Second Wind","floor":46}],"player_experience":186938,"potions_floor_usage":[5,7,12,12,29,33,39,50],"damage_taken":[{"damage":0,"enemies":"Small Slimes","floor":1,"turns":3},{"damage":2,"enemies":"Cultist","floor":2,"turns":6},{"damage":0,"enemies":"2 Louse","floor":4,"turns":3},{"damage":3,"enemies":"Lots of Slimes","floor":5,"turns":4},{"damage":5,"enemies":"2 Fungi Beasts","floor":7,"turns":2},{"damage":9,"enemies":"Looter","floor":11,"turns":2},{"damage":7,"enemies":"Exordium Thugs","floor":12,"turns":2},{"damage":4,"enemies":"2 Fungi Beasts","floor":13,"turns":2},{"damage":34,"enemies":"Slime Boss","floor":16,"turns":4},{"damage":5,"enemies":"Chosen","floor":18,"turns":5},{"damage":10,"enemies":"2 Thieves","floor":22,"turns":2},{"damage":7,"enemies":"Centurion and Healer","floor":25,"turns":4},{"damage":9,"enemies":"3 Cultists","floor":27,"turns":5},{"damage":3,"enemies":"Sentry and Sphere","floor":29,"turns":3},{"damage":7,"enemies":"Centurion and Healer","floor":30,"turns":2},{"damage":16,"enemies":"Champ","floor":33,"turns":6},{"damage":5,"enemies":"3 Darklings","floor":35,"turns":2},{"damage":10,"enemies":"Flame Bruiser 1 Orb","floor":39,"turns":5},{"damage":3,"enemies":"Giant Head","floor":44,"turns":3},{"damage":0,"enemies":"4 Shapes","floor":45,"turns":2},{"damage":4,"enemies":"Spire Growth","floor":46,"turns":5},{"damage":0,"enemies":"Maw","floor":47,"turns":5},{"damage":1,"enemies":"Nemesis","floor":48,"turns":3},{"damage":12,"enemies":"Time Eater","floor":50,"turns":8}],"event_choices":[{"event_name":"The Lab","player_choice":"Got Potions","floor":3,"damage_taken":0},{"event_name":"Forgotten Altar","player_choice":"Shed Blood","floor":19,"damage_taken":0},{"event_name":"Beggar","player_choice":"Gave Gold","floor":20,"damage_taken":0},{"event_name":"Masked Bandits","player_choice":"Paid Bandits 46 gold","floor":21,"damage_taken":0},{"event_name":"Tomb of Lord Red Mask","player_choice":"Ignored","floor":36,"damage_taken":0},{"event_name":"SensoryStone","player_choice":"Memory 3","floor":40,"damage_taken":0}],"boss_relics":[{"not_picked":["Black Star","Tiny House"],"picked":"Runic Cube"},{"not_picked":["Calling Bell","Runic Pyramid"],"picked":"Cursed Key"}],"potions_floor_spawned":[2,4,5,13,16,22,25,27,30,35,45,46,47],"seed_played":"6469242497230647788","ascension_level":0,"is_trial":false}