{"path_per_floor":["M","M","?","M","?","R","E","R","T","$","M","?","M","M","R","B",null,"M","$","?","M","$","R","M","?","T","?","M","M","?","?","R"],"character_chosen":"IRONCLAD","items_purchased":["Art of War"],"gold_per_floor":[109,122,222,238,238,238,268,268,268,91,101,101,115,128,128,233,263,280,280,280,291,211,211,223,323,323,323,343,363,363,363,363,363],"floor_reached":33,"campfire_rested":1,"playtime":1105,"current_hp_per_floor":[80,80,80,80,68,68,50,50,50,50,54,38,42,45,69,10,85,85,85,85,85,85,85,70,70,70,70,50,39,39,39,39,0],"items_purged":["Strike_R","Strike_R"],"gold":363,"score":247,"play_id":"3066ba47-3d13-482b-a638-75d8987bd3a8","local_time":"20180412141238","is_prod":false,"is_daily":false,"chose_seed":false,"is_ascension_mode":false,"campfire_upgraded":3,"timestamp":1523567558,"path_taken":["M","M","?","?","?","R","E","R","T","$","M","?","M","M","R","BOSS","M","$","?","M","$","R","?","?","T","?","M","?","?","?","R","BOSS"],"build_version":"2018-04-11","seed_source_timestamp":614178124047808,"purchased_purges":2,"victory":false,"master_deck":["Strike_R+1","Strike_R+1","Strike_R+1","Defend_R+1","Defend_R+1","Defend_R+1","Defend_R+1","Bash+1","Heavy Blade","Thunderclap","Pommel Strike+1","Limit Break+1","Seeing Red+1","Offering","Flame Barrier+1","Limit Break","Flex"],"max_hp_per_floor":[80,80,80,80,80,80,80,80,80,80,80,80,80,80,80,80,85,85,85,85,85,85,85,85,85,85,85,85,85,85,85,85,85],"relics":["Burning Blood","NeowsBlessing","The Courier","Torii","Art of War","Tiny House","Girya","Nloth\u0027s Gift"],"card_choices":[{"not_picked":["Armaments","Warcry"],"picked":"Heavy Blade","floor":1},{"not_picked":["Armaments","Body Slam"],"picked":"Thunderclap","floor":2},{"not_picked":["Anger","Uppercut"],"picked":"Pommel Strike","floor":4},{"not_picked":["Pommel Strike","Corruption"],"picked":"Limit Break","floor":7},{"not_picked":["Fire Breathing","Sentinel"],"picked":"Seeing Red","floor":11},{"not_picked":["Reaper","Barricade"],"picked":"Offering","floor":16},{"not_picked":["Cleave","Body Slam"],"picked":"Flame Barrier","floor":17},{"not_picked":["Clash","Perfected Strike"],"picked":"Limit Break","floor":21}],"player_experience":258906,"potions_floor_usage":[7,11,24,29,33,33],"damage_taken":[{"damage":0,"enemies":"Small Slimes","floor":1,"turns":1},{"damage":0,"enemies":"Cultist","floor":2,"turns":1},{"damage":0,"enemies":"Jaw Worm","floor":4,"turns":1},{"damage":24,"enemies":"3 Sentries","floor":7,"turns":7},{"damage":2,"enemies":"Gremlin Gang","floor":11,"turns":3},{"damage":2,"enemies":"Looter","floor":13,"turns":3},{"damage":3,"enemies":"3 Louse","floor":14,"turns":3},{"damage":65,"enemies":"Slime Boss","floor":16,"turns":12},{"damage":5,"enemies":"3 Byrds","floor":18,"turns":4},{"damage":5,"enemies":"2 Thieves","floor":21,"turns":3},{"damage":21,"enemies":"Snecko","floor":24,"turns":5},{"damage":26,"enemies":"Cultist and Chosen","floor":28,"turns":7},{"damage":17,"enemies":"Centurion and Healer","floor":29,"turns":3},{"damage":55,"enemies":"Collector","floor":33,"turns":5}],"event_choices":[{"event_name":"Golden Shrine","player_choice":"Pray","floor":3,"damage_taken":0},{"event_name":"Scrap Ooze","player_choice":"success","floor":5,"damage_taken":12},{"event_name":"Shining Light","player_choice":"Entered Light","floor":12,"damage_taken":0},{"event_name":"Upgrade Shrine","player_choice":"Upgraded","floor":20,"damage_taken":0},{"event_name":"Golden Shrine","player_choice":"Pray","floor":25,"damage_taken":0},{"event_name":"The Library","player_choice":"Read","floor":27,"damage_taken":0},{"event_name":"N\u0027loth","player_choice":"Traded a Dodecahedron","floor":30,"damage_taken":0},{"event_name":"Back to Basics","player_choice":"Simplicity","floor":31,"damage_taken":0}],"boss_relics":[{"not_picked":["Velvet Choker","Snecko Eye"],"picked":"Tiny House"}],"potions_floor_spawned":[2,7,16,18,29],"seed_played":"-3320524535544397349","killed_by":"Collector","ascension_level":0,"is_trial":false}