{"path_per_floor":["M","?","?","M","$","M","E","R","T","M","R","$","E","M","R","B",null,"M","$","M","M","?","E","M","?","T","R","M","M","M","$","R","B",null,"M","?","?","M","M","E","R","M","T","E","M","E","M","M","R","B"],"character_chosen":"IRONCLAD","items_purchased":["Feel No Pain","Havoc","Warcry","Havoc"],"gold_per_floor":[109,109,184,204,94,107,140,140,196,211,211,87,117,132,132,227,227,239,64,80,94,94,123,141,141,168,168,184,195,213,10,10,111,111,128,128,128,144,160,188,188,203,203,233,249,275,289,305,305,305],"floor_reached":51,"campfire_rested":1,"playtime":3197,"current_hp_per_floor":[80,77,66,72,72,77,69,69,69,72,72,72,78,80,80,76,80,78,78,80,80,80,83,72,72,72,72,65,68,57,57,83,63,83,83,83,83,89,90,96,96,94,94,86,88,91,93,96,96,90],"items_purged":["Strike_R","Strike_R","Strike_R","Strike_R"],"gold":305,"score":1048,"play_id":"64a3af1f-4274-4b0b-9e0a-b6f57b950af9","local_time":"20180417201457","is_prod":false,"is_daily":false,"chose_seed":true,"is_ascension_mode":false,"campfire_upgraded":6,"timestamp":1524021297,"path_taken":["M","?","?","M","$","M","E","R","T","M","R","$","E","M","R","BOSS","M","$","?","M","?","E","M","?","T","R","M","M","M","$","R","BOSS","M","?","?","M","M","E","R","M","T","E","M","E","M","M","R","BOSS"],"build_version":"2018-04-16","seed_source_timestamp":1065806174649952,"purchased_purges":4,"victory":true,"master_deck":["Defend_R","Defend_R","Defend_R","Defend_R","Bash","Exhume","Corruption+1","Flex","Feel No Pain+1","Bloodletting+1","Havoc+1","Havoc","Warcry","True Grit+1","Feel No Pain+1","Havoc+1","Seeing Red+1","True Grit+1","Havoc","Offering+1","Warcry+1","Seeing Red+1","Intimidate+1","True Grit+1","Havoc","Feel No Pain+1","Body Slam+1"],"max_hp_per_floor":[80,80,80,80,80,80,80,80,80,80,80,80,80,80,80,80,80,80,80,80,80,80,83,83,83,83,83,83,83,83,83,83,83,83,83,83,83,90,90,96,96,96,96,96,96,96,96,96,96,96],"relics":["Burning Blood","Dead Branch","Omamori","Tiny Chest","Vajra","Cursed Key","Regal Pillow","Oddly Smooth Stone","Snecko Eye","Prayer Wheel","Molten Egg 2","Juzu Bracelet","Bag of Preparation"],"card_choices":[{"not_picked":["Inflame","Iron Wave"],"picked":"Corruption","floor":1},{"not_picked":["Twin Strike","Anger"],"picked":"Flex","floor":4},{"not_picked":["Sword Boomerang","Anger"],"picked":"Bloodletting","floor":6},{"not_picked":["Intimidate","Clash"],"picked":"Havoc","floor":7},{"not_picked":["Uppercut","Flex"],"picked":"True Grit","floor":21},{"not_picked":["Hemokinesis","Cleave"],"picked":"Feel No Pain","floor":23},{"not_picked":["Shrug It Off","Wild Strike"],"picked":"Havoc","floor":24},{"not_picked":["Sword Boomerang","Flame Barrier"],"picked":"True Grit","floor":29},{"not_picked":["Dark Embrace","Berserk"],"picked":"Offering","floor":33},{"not_picked":["Flex","Pommel Strike"],"picked":"Warcry","floor":38},{"not_picked":["Barricade","Warcry"],"picked":"Seeing Red","floor":39},{"not_picked":["Burning Pact","Power Through"],"picked":"Intimidate","floor":40},{"not_picked":["Rupture","Flex"],"picked":"True Grit","floor":42},{"not_picked":["Warcry","Rupture"],"picked":"Havoc","floor":44},{"not_picked":["Entrench","Headbutt"],"picked":"Feel No Pain","floor":46},{"not_picked":["Rage","Cleave"],"picked":"Body Slam","floor":48}],"player_experience":283214,"potions_floor_usage":[23,30,50,50],"damage_taken":[{"damage":1,"enemies":"Cultist","floor":1,"turns":4},{"damage":0,"enemies":"2 Louse","floor":4,"turns":3},{"damage":1,"enemies":"Jaw Worm","floor":6,"turns":5},{"damage":14,"enemies":"Gremlin Nob","floor":7,"turns":3},{"damage":3,"enemies":"Gremlin Gang","floor":10,"turns":2},{"damage":0,"enemies":"3 Sentries","floor":13,"turns":3},{"damage":0,"enemies":"Looter","floor":14,"turns":1},{"damage":10,"enemies":"Slime Boss","floor":16,"turns":3},{"damage":8,"enemies":"Shell Parasite","floor":18,"turns":4},{"damage":4,"enemies":"Spheric Guardian","floor":20,"turns":1},{"damage":0,"enemies":"Snake Plant","floor":21,"turns":3},{"damage":4,"enemies":"Slavers","floor":23,"turns":3},{"damage":17,"enemies":"Cultist and Chosen","floor":24,"turns":6},{"damage":13,"enemies":"Centurion and Healer","floor":28,"turns":3},{"damage":3,"enemies":"Snake Plant","floor":29,"turns":2},{"damage":17,"enemies":"Slaver and Parasite","floor":30,"turns":3},{"damage":26,"enemies":"Collector","floor":33,"turns":7},{"damage":11,"enemies":"Orb Walker","floor":35,"turns":1},{"damage":7,"enemies":"3 Shapes","floor":38,"turns":1},{"damage":4,"enemies":"3 Darklings","floor":39,"turns":1},{"damage":0,"enemies":"2 Orb Walkers","floor":40,"turns":1},{"damage":8,"enemies":"Flame Bruiser 2 Orb","floor":42,"turns":3},{"damage":15,"enemies":"Nemesis","floor":44,"turns":5},{"damage":4,"enemies":"Sphere and 2 Shapes","floor":45,"turns":2},{"damage":3,"enemies":"2 Orb Walkers","floor":46,"turns":1},{"damage":4,"enemies":"4 Shapes","floor":47,"turns":1},{"damage":0,"enemies":"Flame Bruiser 2 Orb","floor":48,"turns":2},{"damage":12,"enemies":"Donu and Deca","floor":50,"turns":3}],"event_choices":[{"event_name":"Scrap Ooze","player_choice":"success","floor":2,"damage_taken":3},{"event_name":"World of Goop","player_choice":"Gather Gold","floor":3,"damage_taken":0},{"event_name":"Ghosts","player_choice":"Ignored","floor":22,"damage_taken":0},{"event_name":"The Library","player_choice":"Read","floor":25,"damage_taken":0},{"event_name":"Upgrade Shrine","player_choice":"Upgraded","floor":36,"damage_taken":0},{"event_name":"The Lab","player_choice":"Got Potions","floor":37,"damage_taken":0}],"boss_relics":[{"not_picked":["White Beast Statue","Orrery"],"picked":"Cursed Key"},{"not_picked":["Lizard Tail","Pandora\u0027s Box"],"picked":"Snecko Eye"}],"potions_floor_spawned":[1,6,7,16,18,21,28,33,38,47,48],"seed_played":"6951512934499831015","ascension_level":0,"is_trial":false}