{"path_per_floor":["M","M","$","T","M","M","M","M","T","?","M","M","R","E","R","B",null,"M","?","?","?","M","E","R","M","T","$","?","M","?","?","R","B",null,"M","?","?","M","M","R","M","M","T","M","M","$","?","M","R"],"character_chosen":"IRONCLAD","items_purchased":["Feed","Flex"],"gold_per_floor":[114,130,55,103,121,137,149,161,186,186,202,217,217,250,250,351,351,361,361,286,286,306,334,334,351,378,116,31,42,42,42,42,142,142,159,0,0,18,29,29,43,62,62,82,98,53,53,72,72,72],"floor_reached":50,"campfire_rested":4,"playtime":6411,"current_hp_per_floor":[80,79,79,79,80,73,63,56,56,31,39,41,41,39,39,15,80,67,67,67,51,58,21,45,45,45,45,45,52,52,37,62,26,85,88,88,77,67,62,89,91,91,91,91,81,81,81,73,94,0],"items_purged":["Strike_R","Strike_R"],"gold":72,"score":546,"play_id":"66690f85-bedf-49ab-8394-e2948685cefd","local_time":"20180324205734","is_prod":false,"is_daily":false,"is_ascension_mode":false,"campfire_upgraded":2,"timestamp":1521939454,"path_taken":["M","M","?","?","?","M","M","M","T","?","?","?","R","E","R","BOSS","M","?","?","?","M","E","R","M","T","$","?","?","?","?","R","BOSS","M","?","?","?","M","R","M","M","T","M","M","$","?","M","R","BOSS"],"build_version":"2018-03-22v2","purchased_purges":2,"victory":false,"master_deck":["Defend_R","Defend_R","Defend_R","Defend_R","Bash","Metallicize","Flex+1","Combust","Headbutt","Blood for Blood","Inflame+1","Flex","Juggernaut","Twin Strike","Shrug It Off","Armaments+1","Whirlwind","Feed","Thunderclap+1","Bite","Bite","Bite","Bite","Bite","Sword Boomerang+1","Demon Form","Headbutt+1","Madness","Madness","Disarm+1","Intimidate+1","Battle Trance","Flame Barrier+1","Whirlwind+1","Flex","Whirlwind"],"max_hp_per_floor":[80,80,80,80,80,80,80,80,80,80,80,80,80,80,80,80,80,80,80,80,80,80,80,80,80,80,80,80,80,80,85,85,85,85,88,88,88,88,91,91,91,91,91,91,94,94,94,94,94,94],"relics":["Burning Blood","Bag of Preparation","Orichalcum","Anchor","Sozu","Nilry\u0027s Codex","Gremlin Horn","Dream Catcher","Bag of Marbles","Cursed Key","Red Mask"],"card_choices":[{"not_picked":["Cleave","Corruption"],"picked":"Metallicize","floor":1},{"not_picked":["Cleave","Thunderclap"],"picked":"Flex","floor":2},{"not_picked":["Twin Strike","Armaments"],"picked":"Combust","floor":6},{"not_picked":["Fire Breathing","Shrug It Off"],"picked":"Headbutt","floor":8},{"not_picked":["Warcry","Metallicize"],"picked":"Blood for Blood","floor":11},{"not_picked":["Intimidate","Sword Boomerang"],"picked":"Inflame","floor":12},{"not_picked":["Twin Strike","Hemokinesis"],"picked":"Flex","floor":14},{"not_picked":["Impervious","Barricade"],"picked":"Juggernaut","floor":16},{"not_picked":["Inflame","Entrench"],"picked":"Twin Strike","floor":18},{"not_picked":["Twin Strike","Clash"],"picked":"Armaments","floor":22},{"not_picked":["Shrug It Off","Pommel Strike"],"picked":"Whirlwind","floor":23},{"not_picked":["Headbutt","Hemokinesis"],"picked":"Thunderclap","floor":29},{"not_picked":["Second Wind","Flex"],"picked":"Sword Boomerang","floor":32},{"not_picked":["Bludgeon","Juggernaut"],"picked":"Demon Form","floor":33},{"not_picked":["Searing Blow","Anger"],"picked":"Headbutt","floor":35},{"not_picked":["Second Wind","Uppercut"],"picked":"Disarm","floor":39},{"not_picked":["Entrench","Inflame"],"picked":"Intimidate","floor":40},{"not_picked":["Anger","Headbutt"],"picked":"Battle Trance","floor":41},{"not_picked":["Blood for Blood","Body Slam"],"picked":"Flame Barrier","floor":42},{"not_picked":["Juggernaut","Sword Boomerang"],"picked":"Whirlwind","floor":45},{"not_picked":["Anger","Inflame"],"picked":"Whirlwind","floor":49}],"player_experience":0,"potions_floor_usage":[6,16,16,22],"damage_taken":[{"damage":5,"enemies":"Cultist","floor":1,"turns":4},{"damage":7,"enemies":"2 Louse","floor":2,"turns":4},{"damage":4,"enemies":"Jaw Worm","floor":5,"turns":5},{"damage":13,"enemies":"Large Slime","floor":6,"turns":8},{"damage":16,"enemies":"Lots of Slimes","floor":7,"turns":3},{"damage":13,"enemies":"Gremlin Gang","floor":8,"turns":4},{"damage":0,"enemies":"Large Slime","floor":11,"turns":5},{"damage":6,"enemies":"2 Fungi Beasts","floor":12,"turns":3},{"damage":10,"enemies":"3 Sentries","floor":14,"turns":6},{"damage":47,"enemies":"The Guardian","floor":16,"turns":10},{"damage":19,"enemies":"2 Thieves","floor":18,"turns":4},{"damage":1,"enemies":"Spheric Guardian","floor":22,"turns":3},{"damage":45,"enemies":"Gremlin Leader","floor":23,"turns":6},{"damage":8,"enemies":"Centurion and Healer","floor":25,"turns":6},{"damage":1,"enemies":"Snake Plant","floor":29,"turns":2},{"damage":64,"enemies":"Champ","floor":33,"turns":10},{"damage":0,"enemies":"Orb Walker","floor":35,"turns":3},{"damage":20,"enemies":"3 Darklings","floor":38,"turns":3},{"damage":22,"enemies":"Sphere and 2 Shapes","floor":39,"turns":5},{"damage":10,"enemies":"Maw","floor":41,"turns":7},{"damage":1,"enemies":"3 Darklings","floor":42,"turns":3},{"damage":4,"enemies":"Sphere and 2 Shapes","floor":44,"turns":3},{"damage":23,"enemies":"Maw","floor":45,"turns":7},{"damage":14,"enemies":"4 Shapes","floor":48,"turns":1},{"damage":101,"enemies":"Awakened One","floor":50,"turns":5}],"event_choices":[{"event_name":"Scrap Ooze","player_choice":"success","floor":10,"damage_taken":25},{"event_name":"The Library","player_choice":"Read","floor":19,"damage_taken":0},{"event_name":"Beggar","player_choice":"Gave Gold","floor":20,"damage_taken":0},{"event_name":"Cursed Tome","player_choice":"Obtained Book","floor":21,"damage_taken":0},{"event_name":"Addict","player_choice":"Obtained Relic","floor":28,"damage_taken":0},{"event_name":"Vampires","player_choice":"Became a vampire (Vial)","floor":30,"damage_taken":0},{"event_name":"Forgotten Altar","player_choice":"Shed Blood","floor":31,"damage_taken":0},{"event_name":"Tomb of Lord Red Mask","player_choice":"Paid","floor":36,"damage_taken":0},{"event_name":"Winding Halls","player_choice":"Embrace Madness","floor":37,"damage_taken":0},{"event_name":"Mysterious Sphere","player_choice":"Ignore","floor":47,"damage_taken":0}],"boss_relics":[{"not_picked":["Calling Bell","Eternal Feather"],"picked":"Sozu"},{"not_picked":["Question Card","Black Blood"],"picked":"Cursed Key"}],"potions_floor_spawned":[2,5,8,11,12,14,18,22,25,33,41,42,45],"seed_played":"-7469443937638767768","killed_by":"Awakened One","ascension_level":0,"is_trial":false}