{"path_per_floor":["M","?","M","?","$","R","$","R","T","M","M","$","M","M","R","B",null,"M","?","T","M","M","R","?","?","T","M","M","M","R","M","R","B",null,"M","M","?","?","?","$","R","?","T","M","R","M","R","M","R"],"character_chosen":"IRONCLAD","items_purchased":["Finesse"],"gold_per_floor":[99,99,99,99,99,99,4,4,4,4,0,0,0,0,0,0,0,0,0,0,0,0,0,0,0,0,0,0,0,0,0,0,0,0,0,0,0,0,0,0,0,0,0,0,0,0,0,0,0,0],"floor_reached":50,"campfire_rested":4,"playtime":2119,"current_hp_per_floor":[74,74,73,40,40,40,40,64,64,57,57,57,57,57,57,29,80,68,68,68,62,49,49,49,49,49,49,28,13,37,33,57,41,80,79,78,78,60,50,50,50,80,80,49,49,19,43,40,40,28],"items_purged":[],"gold":0,"score":461,"play_id":"e370c558-305b-40e1-8b55-897e007733ac","local_time":"20180328191316","is_prod":false,"is_daily":false,"is_ascension_mode":false,"campfire_upgraded":6,"timestamp":1522278796,"path_taken":["M","?","M","?","?","R","$","R","T","?","M","$","M","M","R","BOSS","M","?","?","?","M","R","?","?","T","M","?","?","R","M","R","BOSS","M","M","?","?","?","?","R","?","T","?","R","M","R","M","R","BOSS"],"build_version":"2018-03-22v2","purchased_purges":0,"victory":false,"master_deck":["Defend_R","Defend_R","Defend_R","Anger+1","Pommel Strike+1","Finesse","Warcry","Warcry+1","Pommel Strike+1","Fiend Fire","Warcry","Ghostly Armor+1","Searing Blow+1","Metallicize+1","Dual Wield+1","Seeing Red","Madness","Madness+1","Offering+1"],"max_hp_per_floor":[80,80,80,80,80,80,80,80,80,80,80,80,80,80,80,80,80,80,80,80,80,80,80,80,80,80,80,80,80,80,80,80,80,80,80,80,80,80,80,80,80,80,80,80,80,80,80,80,80,80],"relics":["Ectoplasm","Anchor","Charon\u0027s Ashes","Philosopher\u0027s Stone","Ancient Tea Set","Mercury Hourglass","Astrolabe","Bird Faced Urn","Happy Flower"],"card_choices":[{"not_picked":["Infernal Blade","True Grit"],"picked":"Anger","floor":1},{"not_picked":["Twin Strike","Havoc"],"picked":"Pommel Strike","floor":3},{"not_picked":["Anger","Perfected Strike"],"picked":"Warcry","floor":11},{"not_picked":["Immolate","Fire Breathing"],"picked":"Warcry","floor":14},{"not_picked":["Inflame","Twin Strike"],"picked":"Pommel Strike","floor":18},{"not_picked":["True Grit","Pommel Strike"],"picked":"Fiend Fire","floor":22},{"not_picked":["Uppercut","Entrench"],"picked":"Warcry","floor":28},{"not_picked":["Twin Strike","Metallicize"],"picked":"Dual Wield","floor":35},{"not_picked":["Anger","True Grit"],"picked":"Seeing Red","floor":36},{"not_picked":["Headbutt","Anger"],"picked":"Offering","floor":44}],"player_experience":150016,"potions_floor_usage":[16,18,28,29,33,36,44],"damage_taken":[{"damage":6,"enemies":"Jaw Worm","floor":1,"turns":2},{"damage":1,"enemies":"Cultist","floor":3,"turns":3},{"damage":7,"enemies":"Small Slimes","floor":10,"turns":3},{"damage":0,"enemies":"Looter","floor":11,"turns":2},{"damage":0,"enemies":"Large Slime","floor":13,"turns":3},{"damage":0,"enemies":"Exordium Wildlife","floor":14,"turns":3},{"damage":28,"enemies":"Slime Boss","floor":16,"turns":11},{"damage":12,"enemies":"Spheric Guardian","floor":18,"turns":3},{"damage":6,"enemies":"3 Byrds","floor":21,"turns":4},{"damage":13,"enemies":"Cultist and Chosen","floor":22,"turns":5},{"damage":0,"enemies":"Sentry and Sphere","floor":27,"turns":2},{"damage":21,"enemies":"Snake Plant","floor":28,"turns":3},{"damage":15,"enemies":"Chosen and Byrds","floor":29,"turns":3},{"damage":4,"enemies":"Centurion and Healer","floor":31,"turns":3},{"damage":16,"enemies":"Collector","floor":33,"turns":3},{"damage":1,"enemies":"Orb Walker","floor":35,"turns":3},{"damage":1,"enemies":"3 Shapes","floor":36,"turns":3},{"damage":18,"enemies":"Mysterious Sphere","floor":38,"turns":4},{"damage":31,"enemies":"Maw","floor":44,"turns":8},{"damage":32,"enemies":"3 Darklings","floor":46,"turns":5},{"damage":5,"enemies":"4 Shapes","floor":48,"turns":4},{"damage":14,"enemies":"Donu and Deca","floor":50,"turns":3}],"event_choices":[{"event_name":"Purifier","player_choice":"One Purge","floor":2,"damage_taken":0},{"event_name":"Scrap Ooze","player_choice":"success","floor":4,"damage_taken":33},{"event_name":"Accursed Blacksmith","player_choice":"Ignore","floor":19,"damage_taken":0},{"event_name":"Back to Basics","player_choice":"Elegance","floor":24,"damage_taken":0},{"event_name":"Purifier","player_choice":"One Purge","floor":25,"damage_taken":0},{"event_name":"Mysterious Sphere","player_choice":"Fight","floor":38,"damage_taken":0},{"event_name":"Winding Halls","player_choice":"Embrace Madness","floor":39,"damage_taken":0},{"event_name":"Wheel of Change","player_choice":"Full Heal","floor":42,"damage_taken":0}],"boss_relics":[{"not_picked":["Mark of Pain","Runic Cube"],"picked":"Philosopher\u0027s Stone"},{"not_picked":["Black Star","Eternal Feather"],"picked":"Astrolabe"}],"potions_floor_spawned":[10,14,16,22,27,28,36,44],"seed_played":"8648692211884826110","killed_by":"Donu and Deca","ascension_level":0,"is_trial":false}