{"path_per_floor":["M","M","?","?","M","E","$","M","T","?","R","?","E","M","R","B",null,"M","?","?","?","M","E","$","E","T","M","E","R","?","M","R","B",null,"M","M","?","M","$","E","M","M","T","?","E","M","$","M","R","B"],"character_chosen":"IRONCLAD","items_purchased":["Whirlwind","Juzu Bracelet","Tiny Chest","Toxic Egg 2","Ancient Tea Set","Happy Flower","Madness"],"gold_per_floor":[112,124,124,124,142,186,111,130,154,224,224,174,208,222,222,352,352,368,368,368,293,316,360,320,351,351,364,408,408,408,423,423,554,554,573,596,596,610,88,127,140,159,159,492,526,546,43,63,63,63],"floor_reached":51,"campfire_rested":1,"playtime":2162,"current_hp_per_floor":[80,75,55,39,44,19,19,25,25,25,49,49,48,54,54,60,87,90,90,63,63,67,74,74,53,53,67,69,69,53,70,70,54,86,89,94,94,77,77,81,81,96,98,98,111,115,115,117,117,62],"items_purged":["Defend_R","Bite"],"gold":63,"score":967,"play_id":"8ff87268-0c31-484d-9cad-906ef4b7ebb8","local_time":"20180402231739","is_prod":false,"is_daily":false,"is_ascension_mode":true,"campfire_upgraded":4,"timestamp":1522725459,"path_taken":["M","M","?","?","M","E","$","M","T","?","R","?","E","M","R","BOSS","M","?","?","?","?","E","$","E","T","M","E","R","?","M","R","BOSS","M","?","?","M","$","E","M","M","T","?","E","M","$","M","R","BOSS"],"build_version":"2018-03-29v2","purchased_purges":3,"victory":true,"master_deck":["Carnage+1","Sword Boomerang+1","Pommel Strike","Ghostly Armor","Seeing Red+1","Feed+1","Feed+1","Flame Barrier+1","Bite","Bite+1","Bite","Bite","Thunderclap+1","Whirlwind+1","Flex+1","Battle Trance","Clash+1","Clash+1","Shrug It Off","Clash+1","Madness+1"],"max_hp_per_floor":[80,80,80,80,80,80,80,80,80,80,80,80,87,87,87,87,87,90,90,63,63,67,74,74,74,74,78,82,82,82,86,86,86,86,90,94,94,94,94,94,96,106,108,108,113,115,115,117,117,117],"relics":["Burning Blood","Vajra","Centennial Puzzle","Pen Nib","Strawberry","Astrolabe","Prayer Wheel","Orichalcum","Anchor","Whetstone","Nilry\u0027s Codex","Sozu","Juzu Bracelet","Tiny Chest","Toxic Egg 2","Singing Bowl","Bag of Marbles","Bronze Scales","Ancient Tea Set","Happy Flower"],"card_choices":[{"not_picked":["Dual Wield","Headbutt"],"picked":"Carnage","floor":2},{"not_picked":["Clothesline","Shrug It Off"],"picked":"Sword Boomerang","floor":5},{"not_picked":["Inflame","Uppercut"],"picked":"Pommel Strike","floor":6},{"not_picked":["Sword Boomerang","Spot Weakness"],"picked":"Ghostly Armor","floor":8},{"not_picked":["Rage","Burning Pact"],"picked":"Seeing Red","floor":14},{"not_picked":["Double Tap","Fiend Fire"],"picked":"Feed","floor":16},{"not_picked":["Havoc","Wild Strike"],"picked":"Thunderclap","floor":22},{"not_picked":["Anger","Sword Boomerang"],"picked":"Flex","floor":25},{"not_picked":["Twin Strike","Iron Wave"],"picked":"Battle Trance","floor":26},{"not_picked":["Blood for Blood","Intimidate"],"picked":"Clash","floor":31},{"not_picked":["Feed","Heavy Blade"],"picked":"Clash","floor":36},{"not_picked":["Pommel Strike","Dropkick"],"picked":"Clash","floor":40}],"player_experience":100382,"potions_floor_usage":[23,23,25,28,40],"damage_taken":[{"damage":3,"enemies":"Small Slimes","floor":1,"turns":3},{"damage":11,"enemies":"Jaw Worm","floor":2,"turns":4},{"damage":1,"enemies":"2 Louse","floor":5,"turns":2},{"damage":31,"enemies":"Lagavulin","floor":6,"turns":4},{"damage":0,"enemies":"Exordium Wildlife","floor":8,"turns":3},{"damage":14,"enemies":"Gremlin Nob","floor":13,"turns":3},{"damage":0,"enemies":"Large Slime","floor":14,"turns":2},{"damage":0,"enemies":"Slime Boss","floor":16,"turns":8},{"damage":5,"enemies":"3 Byrds","floor":18,"turns":5},{"damage":10,"enemies":"2 Thieves","floor":22,"turns":3},{"damage":7,"enemies":"Slavers","floor":23,"turns":3},{"damage":37,"enemies":"Gremlin Leader","floor":25,"turns":7},{"damage":0,"enemies":"Snake Plant","floor":27,"turns":2},{"damage":10,"enemies":"Slavers","floor":28,"turns":3},{"damage":0,"enemies":"Snecko","floor":31,"turns":2},{"damage":31,"enemies":"Collector","floor":33,"turns":6},{"damage":7,"enemies":"3 Shapes","floor":35,"turns":3},{"damage":6,"enemies":"3 Darklings","floor":36,"turns":4},{"damage":29,"enemies":"Maw","floor":38,"turns":5},{"damage":9,"enemies":"2 Orb Walkers","floor":40,"turns":3},{"damage":8,"enemies":"4 Shapes","floor":41,"turns":1},{"damage":1,"enemies":"Sphere and 2 Shapes","floor":42,"turns":2},{"damage":14,"enemies":"Giant Head","floor":45,"turns":5},{"damage":0,"enemies":"3 Darklings","floor":46,"turns":2},{"damage":2,"enemies":"4 Shapes","floor":48,"turns":1},{"damage":74,"enemies":"Donu and Deca","floor":50,"turns":7}],"event_choices":[{"event_name":"Golden Idol","player_choice":"Take Damage","floor":3,"damage_taken":0},{"event_name":"Shining Light","player_choice":"Entered Light","floor":4,"damage_taken":0},{"event_name":"Golden Wing","player_choice":"Gained Gold","floor":10,"damage_taken":0},{"event_name":"The Cleric","player_choice":"Card Removal","floor":12,"damage_taken":0},{"event_name":"The Lab","player_choice":"Got Potions","floor":19,"damage_taken":0},{"event_name":"Vampires","player_choice":"Became a vampire","floor":20,"damage_taken":0},{"event_name":"Beggar","player_choice":"Gave Gold","floor":21,"damage_taken":0},{"event_name":"Cursed Tome","player_choice":"Obtained Book","floor":30,"damage_taken":0},{"event_name":"Transmorgrifier","player_choice":"Transform","floor":37,"damage_taken":0},{"event_name":"The Moai Head","player_choice":"Gave Idol","floor":44,"damage_taken":0}],"boss_relics":[{"not_picked":["Velvet Choker","White Beast Statue"],"picked":"Astrolabe"},{"not_picked":["Eternal Feather","Runic Pyramid"],"picked":"Sozu"}],"potions_floor_spawned":[2,6,8,13,25,33,38,40,42,46],"seed_played":"-3034362687739425845","ascension_level":1,"is_trial":false}