{"path_per_floor":["M","?","M","M","M","R","E","R","T","M","E","R","E","M","R","B",null,"M","$","?","?","M","E","R","E","T","E","?","$","$","?","R","B",null,"M","M","$","M","?","E","R","E","T","M","M","?","R","M","R"],"character_chosen":"IRONCLAD","items_purchased":["Bronze Scales","Flex","Orichalcum","Gambling Chip"],"gold_per_floor":[116,66,83,101,115,115,142,142,442,456,491,491,521,535,535,636,636,636,235,235,235,235,235,235,235,235,235,235,235,7,7,7,7,7,7,7,7,7,7,7,7,7,7,7,7,7,7,7,7,7],"floor_reached":50,"campfire_rested":5,"playtime":2274,"current_hp_per_floor":[75,75,74,61,53,53,36,60,60,44,27,51,35,37,61,2,80,75,75,75,75,77,65,65,77,77,61,43,43,43,74,74,32,95,95,77,77,75,75,62,62,65,65,69,59,59,89,46,76,0],"items_purged":["Strike_R"],"gold":7,"score":684,"play_id":"06d6979e-094d-48da-805b-f69800867fc1","local_time":"20180326195402","is_prod":false,"is_daily":false,"is_ascension_mode":true,"campfire_upgraded":4,"timestamp":1522108442,"path_taken":["M","?","?","M","M","R","E","R","T","M","E","R","E","M","R","BOSS","M","$","?","?","M","E","R","E","T","E","?","?","$","?","R","BOSS","M","M","$","M","?","E","R","E","T","?","M","?","R","M","R","BOSS"],"build_version":"2018-03-22v2","purchased_purges":2,"victory":false,"master_deck":["Strike_R+1","Strike_R+1","Strike_R+1","Defend_R+1","Defend_R+1","Defend_R+1","Defend_R+1","Bash","Clash+1","Whirlwind","Iron Wave","Iron Wave","Pommel Strike","Clash+1","Pommel Strike","Clash","Flex+1","Offering+1","Whirlwind+1","Pommel Strike","Clash","Shrug It Off+1","Cleave+1","Headbutt+1"],"max_hp_per_floor":[80,80,80,80,80,80,80,80,80,80,80,80,80,80,80,80,80,80,80,80,80,80,80,80,90,90,90,95,95,95,95,95,95,95,95,95,95,95,95,97,97,97,97,99,101,101,101,103,103,103],"relics":["Lizard Tail","Vajra","Old Coin","Smiling Mask","Blood Vial","Ectoplasm","Orichalcum","Nloth\u0027s Gift","Blue Candle","Pear","The Courier","Oddly Smooth Stone","Gambling Chip","Question Card","Singing Bowl","Frozen Egg 2","Lantern"],"card_choices":[{"not_picked":["Pommel Strike","Havoc"],"picked":"Clash","floor":1},{"not_picked":["Power Through","Anger"],"picked":"Whirlwind","floor":4},{"not_picked":["Wild Strike","Clothesline"],"picked":"Iron Wave","floor":5},{"not_picked":["Clothesline","Corruption"],"picked":"Iron Wave","floor":7},{"not_picked":["Spot Weakness","Heavy Blade"],"picked":"Pommel Strike","floor":10},{"not_picked":["Sever Soul","Offering"],"picked":"Clash","floor":11},{"not_picked":["Dropkick","Anger"],"picked":"Pommel Strike","floor":14},{"not_picked":["Sword Boomerang","True Grit"],"picked":"Clash","floor":18},{"not_picked":["Iron Wave","Twin Strike"],"picked":"Offering","floor":22},{"not_picked":["Flex","Headbutt"],"picked":"Whirlwind","floor":23},{"not_picked":["Perfected Strike","Limit Break"],"picked":"Pommel Strike","floor":25},{"not_picked":["Spot Weakness","Immolate"],"picked":"Clash","floor":27},{"not_picked":["Power Through","Heavy Blade","Second Wind"],"picked":"Shrug It Off","floor":36},{"not_picked":["Wild Strike","Demon Form","Iron Wave"],"picked":"Cleave","floor":38},{"not_picked":["Bludgeon","Thunderclap","Havoc"],"picked":"Headbutt","floor":42}],"player_experience":98286,"potions_floor_usage":[16,23,25,25,33,42,42,50],"damage_taken":[{"damage":5,"enemies":"Cultist","floor":1,"turns":4},{"damage":1,"enemies":"Jaw Worm","floor":3,"turns":3},{"damage":13,"enemies":"2 Louse","floor":4,"turns":2},{"damage":8,"enemies":"Lots of Slimes","floor":5,"turns":3},{"damage":17,"enemies":"Lagavulin","floor":7,"turns":6},{"damage":16,"enemies":"Red Slaver","floor":10,"turns":4},{"damage":17,"enemies":"Gremlin Nob","floor":11,"turns":4},{"damage":16,"enemies":"Lagavulin","floor":13,"turns":4},{"damage":0,"enemies":"3 Louse","floor":14,"turns":1},{"damage":61,"enemies":"Hexaghost","floor":16,"turns":9},{"damage":5,"enemies":"3 Byrds","floor":18,"turns":5},{"damage":0,"enemies":"Spheric Guardian","floor":22,"turns":2},{"damage":14,"enemies":"Book of Stabbing","floor":23,"turns":4},{"damage":0,"enemies":"Slavers","floor":25,"turns":2},{"damage":18,"enemies":"Book of Stabbing","floor":27,"turns":4},{"damage":92,"enemies":"Champ","floor":33,"turns":9},{"damage":0,"enemies":"Orb Walker","floor":35,"turns":2},{"damage":18,"enemies":"3 Shapes","floor":36,"turns":1},{"damage":4,"enemies":"Maw","floor":38,"turns":6},{"damage":17,"enemies":"2 Orb Walkers","floor":40,"turns":4},{"damage":11,"enemies":"Giant Head","floor":42,"turns":6},{"damage":0,"enemies":"3 Darklings","floor":44,"turns":2},{"damage":14,"enemies":"4 Shapes","floor":45,"turns":2},{"damage":47,"enemies":"Maw","floor":48,"turns":6},{"damage":87,"enemies":"Time Eater","floor":50,"turns":7}],"event_choices":[{"event_name":"The Cleric","player_choice":"Card Removal","floor":2,"damage_taken":0},{"event_name":"N\u0027loth","player_choice":"Traded a Bronze Scales","floor":20,"damage_taken":0},{"event_name":"Back to Basics","player_choice":"Simplicity","floor":21,"damage_taken":0},{"event_name":"Forgotten Altar","player_choice":"Shed Blood","floor":28,"damage_taken":0},{"event_name":"The Library","player_choice":"Heal","floor":31,"damage_taken":0},{"event_name":"Purifier","player_choice":"One Purge","floor":39,"damage_taken":0},{"event_name":"Accursed Blacksmith","player_choice":"Ignore","floor":46,"damage_taken":0}],"boss_relics":[{"not_picked":["Velvet Choker","Astrolabe"],"picked":"Ectoplasm"},{"not_picked":["Runic Pyramid","White Beast Statue"],"picked":"Question Card"}],"potions_floor_spawned":[5,7,10,13,22,23,27,36,38,42],"seed_played":"6357098113075655640","killed_by":"Time Eater","ascension_level":1,"is_trial":false}