{"path_per_floor":["M","$","?","?","T","?","$","M","T","M","E","M","$","M","R","B",null,"M","$","M","?","$","R","M","R","T","R","?","M","M","M","R"],"character_chosen":"IRONCLAD","items_purchased":["Perfected Strike","Pantograph","Prayer Wheel","Perfected Strike"],"gold_per_floor":[117,117,67,67,67,242,182,202,202,213,244,262,19,29,29,125,125,144,29,46,46,3,3,16,16,16,16,16,32,49,60,60,60],"floor_reached":33,"campfire_rested":1,"playtime":748,"current_hp_per_floor":[80,80,80,80,80,80,80,79,79,73,59,59,59,52,52,28,80,75,75,71,54,54,54,38,38,38,38,38,31,31,15,43,0],"items_purged":["Doubt"],"gold":60,"score":273,"play_id":"2f1e1620-dff8-427a-917a-2efe0bd62930","local_time":"20180328012951","is_prod":false,"is_daily":false,"is_ascension_mode":false,"campfire_upgraded":4,"timestamp":1522214991,"path_taken":["M","$","?","?","?","?","$","M","T","?","E","?","$","M","R","BOSS","M","$","M","?","?","R","M","R","T","R","?","M","M","M","R","BOSS"],"build_version":"2018-03-22v2","purchased_purges":1,"victory":false,"master_deck":["Strike_R","Strike_R","Strike_R","Strike_R","Strike_R","Defend_R","Defend_R","Defend_R","Defend_R","Perfected Strike","Heavy Blade","Twin Strike","Perfected Strike","Searing Blow+5","Feed","Dual Wield","Perfected Strike","Perfected Strike"],"max_hp_per_floor":[80,80,80,80,80,80,80,80,80,80,80,80,80,80,80,80,80,83,83,86,91,91,91,91,91,91,91,91,91,91,94,94,94],"relics":["Velvet Choker","The Courier","Magic Flower","Bronze Scales","Du-Vu Doll","Pantograph","Sozu","Prayer Wheel","Red Skull"],"card_choices":[{"not_picked":["Ghostly Armor","Evolve"],"picked":"Perfected Strike","floor":1},{"not_picked":["Iron Wave","Clothesline"],"picked":"Heavy Blade","floor":8},{"not_picked":["Iron Wave","Immolate"],"picked":"Twin Strike","floor":11},{"not_picked":["Heavy Blade","Entrench"],"picked":"Searing Blow","floor":14},{"not_picked":["Brutality","Dark Embrace"],"picked":"Feed","floor":16},{"not_picked":["Battle Trance","Clash"],"picked":"Dual Wield","floor":18},{"not_picked":["Heavy Blade","Thunderclap"],"picked":"Perfected Strike","floor":31}],"player_experience":139861,"potions_floor_usage":[12,16,29],"damage_taken":[{"damage":0,"enemies":"Small Slimes","floor":1,"turns":3},{"damage":1,"enemies":"Jaw Worm","floor":8,"turns":2},{"damage":6,"enemies":"Cultist","floor":10,"turns":2},{"damage":14,"enemies":"Gremlin Nob","floor":11,"turns":3},{"damage":0,"enemies":"2 Fungi Beasts","floor":12,"turns":1},{"damage":7,"enemies":"Blue Slaver","floor":14,"turns":2},{"damage":52,"enemies":"Hexaghost","floor":16,"turns":8},{"damage":10,"enemies":"Chosen","floor":18,"turns":3},{"damage":9,"enemies":"Shell Parasite","floor":20,"turns":3},{"damage":16,"enemies":"Snake Plant","floor":24,"turns":2},{"damage":7,"enemies":"Centurion and Healer","floor":29,"turns":2},{"damage":0,"enemies":"Snecko","floor":30,"turns":2},{"damage":21,"enemies":"Snake Plant","floor":31,"turns":2},{"damage":88,"enemies":"Collector","floor":33,"turns":5}],"event_choices":[{"event_name":"The Cleric","player_choice":"Card Removal","floor":3,"damage_taken":0},{"event_name":"Wheel of Change","player_choice":"Relic","floor":4,"damage_taken":0},{"event_name":"Liars Game","player_choice":"agreed","floor":6,"damage_taken":0},{"event_name":"Forgotten Altar","player_choice":"Shed Blood","floor":21,"damage_taken":0},{"event_name":"Upgrade Shrine","player_choice":"Upgraded","floor":28,"damage_taken":0}],"boss_relics":[{"not_picked":["Ectoplasm","Runic Pyramid"],"picked":"Sozu"}],"potions_floor_spawned":[1,8,10,12,24,30],"seed_played":"-7471133127192153096","killed_by":"Collector","ascension_level":0,"is_trial":false}