{"path_per_floor":["M","?","M","$","?","?","R","M","T","M","E","M","M","M","R","B",null,"M","M","M","M"],"character_chosen":"IRONCLAD","items_purchased":[],"gold_per_floor":[114,114,128,128,203,203,203,220,220,237,269,287,299,314,314,413,413,432,420,430,447,447],"floor_reached":22,"campfire_rested":0,"playtime":1095,"current_hp_per_floor":[68,68,72,72,61,61,61,67,67,68,59,65,64,61,61,15,82,46,37,35,10,5],"items_purged":[],"gold":447,"score":192,"play_id":"6ec0be0c-0eb1-45e1-a1a0-0ec82586bbef","local_time":"20180327105634","is_prod":false,"is_daily":false,"is_ascension_mode":false,"campfire_upgraded":2,"timestamp":1522162594,"path_taken":["M","?","M","?","?","?","R","M","T","M","E","M","M","M","R","BOSS","M","M","M","?","M"],"build_version":"2018-03-22v2","purchased_purges":0,"victory":false,"master_deck":["Strike_R","Strike_R","Strike_R","Defend_R","Defend_R","Defend_R","Defend_R","Perfected Strike+1","Infernal Blade","Armaments+1","Reaper","Ghostly Armor+1"],"max_hp_per_floor":[72,72,72,72,72,72,72,72,72,72,82,82,82,82,82,82,82,82,82,82,82,82],"relics":["Burning Blood","Bird Faced Urn","Pear","Sozu"],"card_choices":[{"not_picked":["Bloodletting","Reckless Charge"],"picked":"Perfected Strike","floor":1},{"not_picked":["Rage","Pommel Strike"],"picked":"Armaments","floor":8},{"not_picked":["Berserk","Dark Embrace"],"picked":"Reaper","floor":16},{"not_picked":["Sword Boomerang","Iron Wave"],"picked":"Ghostly Armor","floor":21}],"player_experience":111508,"potions_floor_usage":[12,16],"damage_taken":[{"damage":10,"enemies":"Jaw Worm","floor":1,"turns":5},{"damage":1,"enemies":"Cultist","floor":3,"turns":3},{"damage":0,"enemies":"2 Louse","floor":8,"turns":2},{"damage":5,"enemies":"Large Slime","floor":10,"turns":6},{"damage":25,"enemies":"3 Sentries","floor":11,"turns":10},{"damage":0,"enemies":"2 Fungi Beasts","floor":12,"turns":2},{"damage":7,"enemies":"Looter","floor":13,"turns":4},{"damage":9,"enemies":"Red Slaver","floor":14,"turns":4},{"damage":52,"enemies":"Slime Boss","floor":16,"turns":14},{"damage":45,"enemies":"Chosen","floor":18,"turns":7},{"damage":23,"enemies":"2 Thieves","floor":19,"turns":4},{"damage":12,"enemies":"Snecko","floor":20,"turns":5},{"damage":46,"enemies":"3 Cultists","floor":21,"turns":8},{"damage":5,"enemies":"Sentry and Sphere","floor":22,"turns":3}],"event_choices":[{"event_name":"Match and Keep!","player_choice":"0 cards matched","floor":2,"damage_taken":0},{"event_name":"World of Goop","player_choice":"Gather Gold","floor":5,"damage_taken":0},{"event_name":"Transmorgrifier","player_choice":"Transform","floor":6,"damage_taken":0}],"boss_relics":[{"not_picked":["Question Card","Runic Cube"],"picked":"Sozu"}],"potions_floor_spawned":[11,13,20,21],"seed_played":"-1380877501801814209","killed_by":"Sentry and Sphere","ascension_level":0,"is_trial":false}