{"path_per_floor":["M","?","?","M","$","E","R","E","T","M","M","$","T","?","R","B",null],"character_chosen":"IRONCLAD","items_purchased":["Tiny Chest","Power Through","Evolve"],"gold_per_floor":[364,364,314,331,55,82,82,112,112,123,135,63,114,114,114,114,114,114],"floor_reached":18,"campfire_rested":0,"playtime":649,"current_hp_per_floor":[76,76,76,76,76,35,35,20,20,26,30,30,30,50,50,30,80,0],"items_purged":["Regret"],"gold":114,"score":202,"play_id":"b6c39b30-2014-4315-814d-150a0487c0f5","local_time":"20180405195108","is_prod":false,"is_daily":false,"is_ascension_mode":true,"campfire_upgraded":2,"timestamp":1522972268,"path_taken":["M","?","?","?","$","E","R","E","T","M","M","?","?","?","R","BOSS","M"],"build_version":"2018-03-29v2","purchased_purges":2,"victory":false,"master_deck":["Strike_R","Strike_R","Strike_R","Strike_R+1","Strike_R","Defend_R","Defend_R","Defend_R","Defend_R","Bash+1","Dual Wield","Evolve","Power Through","Clash+1","Intimidate","Fiend Fire","Evolve+1","Parasite"],"max_hp_per_floor":[80,80,80,80,80,80,80,80,80,80,80,80,80,80,80,80,80,80],"relics":["Burning Blood","Anchor","Tiny Chest","Whetstone","Blue Candle","Champion Belt","Oddly Smooth Stone","Philosopher\u0027s Stone"],"card_choices":[{"not_picked":["Heavy Blade","Shrug It Off"],"picked":"Dual Wield","floor":1},{"not_picked":["Pummel","Blood for Blood"],"picked":"Evolve","floor":4},{"not_picked":["Burning Pact","Thunderclap"],"picked":"Clash","floor":6},{"not_picked":["Shockwave","Carnage"],"picked":"Intimidate","floor":10},{"not_picked":["Rupture","Havoc"],"picked":"Fiend Fire","floor":11}],"player_experience":174922,"potions_floor_usage":[16,16],"damage_taken":[{"damage":10,"enemies":"Jaw Worm","floor":1,"turns":3},{"damage":6,"enemies":"2 Louse","floor":4,"turns":3},{"damage":47,"enemies":"Lagavulin","floor":6,"turns":10},{"damage":21,"enemies":"3 Sentries","floor":8,"turns":10},{"damage":0,"enemies":"Cultist","floor":10,"turns":2},{"damage":2,"enemies":"Large Slime","floor":11,"turns":4},{"damage":26,"enemies":"Slime Boss","floor":16,"turns":5},{"damage":85,"enemies":"Spheric Guardian","floor":18,"turns":7}],"event_choices":[{"event_name":"Big Fish","player_choice":"Box","floor":2,"damage_taken":0},{"event_name":"The Cleric","player_choice":"Card Removal","floor":3,"damage_taken":0},{"event_name":"Mushrooms","player_choice":"Healed and dodged fight","floor":14,"damage_taken":0}],"boss_relics":[{"not_picked":["Velvet Choker","Black Blood"],"picked":"Philosopher\u0027s Stone"}],"potions_floor_spawned":[6,11],"seed_played":"-6292351759083078805","killed_by":"Spheric Guardian","ascension_level":4,"is_trial":false}