{"path_per_floor":["M","$","?","M","M","R","?","R","T","R","M","R","?","$","R","B",null,"M","$","?","M","?","R","E","M","T","R","E","M","?","M","R"],"character_chosen":"IRONCLAD","items_purchased":[],"gold_per_floor":[112,37,37,57,70,70,134,134,134,134,152,152,152,52,52,153,153,164,39,39,51,51,51,83,95,170,170,195,211,211,227,227,227],"floor_reached":33,"campfire_rested":2,"playtime":1970,"current_hp_per_floor":[77,77,74,72,68,68,63,63,63,63,67,67,67,67,67,52,80,59,59,44,45,45,45,27,20,20,45,51,44,44,19,44,0],"items_purged":["Strike_R","Strike_R","Clash"],"gold":227,"score":313,"play_id":"d85764a6-8deb-4f58-87b6-b2d1ebb76ee1","local_time":"20180325182205","is_prod":false,"is_daily":false,"is_ascension_mode":true,"campfire_upgraded":6,"timestamp":1522016525,"path_taken":["M","$","?","M","?","R","?","R","T","R","?","R","?","?","R","BOSS","M","$","?","M","?","R","E","?","T","R","E","M","?","M","R","BOSS"],"build_version":"2018-03-22v2","purchased_purges":3,"victory":false,"master_deck":["Bash+1","Warcry+1","Metallicize+1","Thunderclap+1","Armaments+1","Demon Form","Clothesline","Inflame","Headbutt","Uppercut","Pommel Strike","Flex+1","Whirlwind+1","Disarm+1","Flex","Metallicize+1"],"max_hp_per_floor":[80,80,80,80,80,80,80,80,80,80,80,80,80,80,80,80,80,80,80,85,85,85,85,85,85,85,85,85,85,85,85,85,85],"relics":["Burning Blood","Ancient Tea Set","Ornamental Fan","Charon\u0027s Ashes","Pandora\u0027s Box","Bottled Flame","Bottled Lightning","Nloth\u0027s Gift"],"card_choices":[{"not_picked":["Entrench","Heavy Blade"],"picked":"Warcry","floor":4},{"not_picked":["Searing Blow","Rampage"],"picked":"Metallicize","floor":5},{"not_picked":["Twin Strike","Shrug It Off"],"picked":"Thunderclap","floor":7},{"not_picked":["Clothesline","Pummel"],"picked":"Armaments","floor":11},{"not_picked":["Double Tap","Limit Break"],"picked":"Demon Form","floor":16},{"not_picked":["Anger","Pommel Strike"],"picked":"Flex","floor":18},{"not_picked":["Clash","Pommel Strike"],"picked":"Disarm","floor":24},{"not_picked":["Clash","Body Slam"],"picked":"Flex","floor":25},{"not_picked":["Sever Soul","Anger"],"picked":"Metallicize","floor":28}],"player_experience":50716,"potions_floor_usage":[7,18,18,24,25,33,33],"damage_taken":[{"damage":9,"enemies":"2 Louse","floor":1,"turns":3},{"damage":8,"enemies":"Cultist","floor":4,"turns":6},{"damage":10,"enemies":"Jaw Worm","floor":5,"turns":4},{"damage":11,"enemies":"3 Sentries","floor":7,"turns":12},{"damage":2,"enemies":"3 Louse","floor":11,"turns":3},{"damage":21,"enemies":"Slime Boss","floor":16,"turns":13},{"damage":27,"enemies":"2 Thieves","floor":18,"turns":4},{"damage":5,"enemies":"Shell Parasite","floor":21,"turns":4},{"damage":24,"enemies":"Slavers","floor":24,"turns":3},{"damage":13,"enemies":"Snake Plant","floor":25,"turns":5},{"damage":0,"enemies":"Gremlin Leader","floor":28,"turns":5},{"damage":13,"enemies":"Centurion and Healer","floor":29,"turns":7},{"damage":31,"enemies":"Slaver and Parasite","floor":31,"turns":7},{"damage":49,"enemies":"Champ","floor":33,"turns":12}],"event_choices":[{"event_name":"Scrap Ooze","player_choice":"success","floor":3,"damage_taken":3},{"event_name":"Dead Adventurer","player_choice":"Searched \u00271\u0027 times","floor":7,"damage_taken":0},{"event_name":"The Lab","player_choice":"Got Potions","floor":13,"damage_taken":0},{"event_name":"Forgotten Altar","player_choice":"Shed Blood","floor":20,"damage_taken":0},{"event_name":"The Library","player_choice":"Read","floor":22,"damage_taken":0},{"event_name":"N\u0027loth","player_choice":"Traded a Bronze Scales","floor":30,"damage_taken":0}],"boss_relics":[{"not_picked":["Runic Dome","Orrery"],"picked":"Pandora\u0027s Box"}],"potions_floor_spawned":[1,4,7,16,18,24,29,31],"seed_played":"8218162431262388643","killed_by":"Champ","ascension_level":1,"is_trial":false}