{"path_per_floor":["M","?","M","?","?","R","E","R","T","R","E","$","?","E","R","B",null,"M","?","M","?","M","E","M","E","T","?","R","?","E","M","R","B",null,"M","?","$","?","$","E","R","T","T","R","E","M","R","M","R"],"character_chosen":"IRONCLAD","items_purchased":["Juzu Bracelet","Girya","Kunai"],"gold_per_floor":[110,110,121,121,121,121,146,146,173,173,201,47,47,75,75,175,175,194,109,128,128,138,171,191,220,295,295,295,295,326,340,340,443,443,463,763,397,397,43,77,77,77,77,77,107,126,126,146,146,146],"floor_reached":50,"campfire_rested":3,"playtime":1513,"current_hp_per_floor":[80,80,80,80,80,80,80,80,80,80,78,78,88,67,67,26,90,80,80,79,61,63,35,28,19,19,52,97,97,52,56,101,40,105,63,63,63,63,63,50,50,50,50,50,36,40,40,40,87,0],"items_purged":["Regret","Regret"],"gold":146,"score":705,"play_id":"ae4d06b6-2bd5-49d2-81b9-5504cb00e9c2","local_time":"20180402235112","is_prod":false,"is_daily":false,"is_ascension_mode":true,"campfire_upgraded":4,"timestamp":1522727472,"path_taken":["M","?","M","?","?","R","E","R","T","R","E","?","?","E","R","BOSS","M","?","M","?","M","E","M","E","T","?","R","?","E","M","R","BOSS","M","?","$","?","$","E","R","?","T","R","E","M","R","M","R","BOSS"],"build_version":"2018-03-29v2","purchased_purges":2,"victory":false,"master_deck":["Strike_R","Strike_R","Strike_R+1","Strike_R","Strike_R","Defend_R","Defend_R","Bash","Twin Strike+1","Sword Boomerang+1","Flex+1","Pommel Strike+1","Offering","Flex+1","Sword Boomerang+1","Thunderclap","Injury","Clumsy","Flex","Armaments+1","Whirlwind+1"],"max_hp_per_floor":[80,80,80,80,80,80,80,80,80,80,80,80,90,90,90,90,90,90,90,90,95,95,97,99,101,101,101,101,101,101,103,103,105,105,105,105,105,105,105,107,107,107,107,107,107,109,109,109,109,109],"relics":["Burning Blood","NeowsBlessing","Orichalcum","Oddly Smooth Stone","Ginger","Juzu Bracelet","Pear","Regal Pillow","Philosopher\u0027s Stone","Art of War","Singing Bowl","Vajra","Ornamental Fan","Bottled Lightning","Calling Bell","Dodecahedron","Calipers","Omamori","Girya","Kunai","Shovel","Smiling Mask","Matryoshka","Toolbox"],"card_choices":[{"not_picked":["Pummel","Corruption"],"picked":"Twin Strike","floor":3.0},{"not_picked":["Sentinel","True Grit"],"picked":"Flex","floor":7},{"not_picked":["Twin Strike","Searing Blow"],"picked":"Pommel Strike","floor":11},{"not_picked":["Fiend Fire","Impervious"],"picked":"Offering","floor":16},{"not_picked":["Dropkick","Fire Breathing"],"picked":"Flex","floor":18},{"not_picked":["Anger","Dropkick"],"picked":"Sword Boomerang","floor":20},{"not_picked":["Heavy Blade","Ghostly Armor"],"picked":"Thunderclap","floor":22},{"not_picked":["Dropkick","Metallicize"],"picked":"Flex","floor":35},{"not_picked":["Headbutt","Battle Trance"],"picked":"Armaments","floor":45},{"not_picked":["Heavy Blade","Inflame"],"picked":"Whirlwind","floor":48}],"player_experience":102544,"potions_floor_usage":[16,20,24,25,30,30,33,40,50],"damage_taken":[{"damage":0.0,"enemies":"Small Slimes","floor":1.0,"turns":1.0},{"damage":0.0,"enemies":"Cultist","floor":3.0,"turns":1.0},{"damage":0.0,"enemies":"3 Sentries","floor":7.0,"turns":1.0},{"damage":8,"enemies":"3 Sentries","floor":11,"turns":6},{"damage":27,"enemies":"Lagavulin","floor":14,"turns":4},{"damage":47,"enemies":"The Guardian","floor":16,"turns":8},{"damage":16,"enemies":"Shell Parasite","floor":18,"turns":2},{"damage":7,"enemies":"2 Thieves","floor":20,"turns":2},{"damage":4,"enemies":"Snecko","floor":22,"turns":1},{"damage":36,"enemies":"Slavers","floor":23,"turns":2},{"damage":18,"enemies":"Slaver and Parasite","floor":24,"turns":2},{"damage":17,"enemies":"Gremlin Leader","floor":25,"turns":5},{"damage":51,"enemies":"Slavers","floor":30,"turns":5},{"damage":4,"enemies":"Centurion and Healer","floor":31,"turns":1},{"damage":69,"enemies":"Champ","floor":33,"turns":7},{"damage":48,"enemies":"3 Shapes","floor":35,"turns":3},{"damage":21,"enemies":"Nemesis","floor":40,"turns":3},{"damage":20,"enemies":"2 Orb Walkers","floor":45,"turns":3},{"damage":4,"enemies":"3 Darklings","floor":46,"turns":2},{"damage":6,"enemies":"4 Shapes","floor":48,"turns":1},{"damage":105,"enemies":"Donu and Deca","floor":50,"turns":4}],"event_choices":[{"event_name":"Upgrade Shrine","player_choice":"Upgraded","floor":2.0,"damage_taken":0.0},{"event_name":"Transmorgrifier","player_choice":"Transform","floor":4.0,"damage_taken":0.0},{"event_name":"Purifier","player_choice":"One Purge","floor":5.0,"damage_taken":0.0},{"event_name":"Big Fish","player_choice":"Box","floor":13,"damage_taken":0},{"event_name":"Addict","player_choice":"Obtained Relic","floor":19,"damage_taken":0},{"event_name":"Forgotten Altar","player_choice":"Shed Blood","floor":21,"damage_taken":0},{"event_name":"The Library","player_choice":"Heal","floor":27,"damage_taken":0},{"event_name":"The Lab","player_choice":"Got Potions","floor":29,"damage_taken":0},{"event_name":"Wheel of Change","player_choice":"Gold","floor":36,"damage_taken":0},{"event_name":"SecretPortal","player_choice":"Rejected Portal.","floor":38,"damage_taken":0}],"boss_relics":[{"not_picked":["Mark of Pain","Orrery"],"picked":"Philosopher\u0027s Stone"},{"not_picked":["Eternal Feather","Tiny House"],"picked":"Calling Bell"}],"potions_floor_spawned":[1,7,11,14,18,23,25,31,40,46,48],"seed_played":"6447913913682466433","killed_by":"Donu and Deca","ascension_level":2,"is_trial":false}