{"path_per_floor":["M","$","M","M","?","R","T","R","T","E","R","M","?","$","R","B",null,"M","M","?","?","M","R","E","?","T","?","$","E","R","M","R"],"character_chosen":"IRONCLAD","items_purchased":["War Paint"],"gold_per_floor":[110,35,51,71,146,146,146,146,172,206,206,220,220,66,66,164,194,210,230,130,130,146,146,179,179,179,179,79,138,138,158,158,158],"floor_reached":33,"campfire_rested":2,"playtime":1043,"current_hp_per_floor":[80,80,80,80,69,69,69,69,69,70,70,72,72,72,72,25,85,80,78,78,78,73,73,44,72,72,72,72,14,39,37,62,0],"items_purged":["Strike_R","Strike_R"],"gold":158,"score":281,"play_id":"e762b9e4-6933-4f40-ab9c-5f9e48a5528d","local_time":"20180327103750","is_prod":false,"is_daily":false,"is_ascension_mode":false,"campfire_upgraded":5,"timestamp":1522161470,"path_taken":["M","$","?","M","?","R","?","R","T","E","R","M","?","$","R","BOSS","M","?","?","?","M","R","E","?","T","?","$","E","R","M","R","BOSS"],"build_version":"2018-03-22v2","purchased_purges":2,"victory":false,"master_deck":["Strike_R","Strike_R+1","Defend_R","Defend_R+1","Defend_R","Defend_R+1","Bash+1","Anger+1","Cleave+1","Offering+1","Offering","Headbutt","Anger+1"],"max_hp_per_floor":[80,80,80,80,80,80,80,80,80,80,80,80,80,80,80,80,85,85,85,85,85,85,85,85,85,85,85,85,85,85,85,85,85],"relics":["Burning Blood","Calipers","Oddly Smooth Stone","Ornamental Fan","War Paint","Tiny House","Dodecahedron","Du-Vu Doll","Juzu Bracelet","Tiny Chest"],"card_choices":[{"not_picked":["Battle Trance","Entrench"],"picked":"Anger","floor":1},{"not_picked":["Shrug It Off","Heavy Blade"],"picked":"Cleave","floor":4},{"not_picked":["Headbutt","Heavy Blade"],"picked":"Offering","floor":10},{"not_picked":["Berserk","Immolate"],"picked":"Offering","floor":16},{"not_picked":["Sword Boomerang","Twin Strike"],"picked":"Headbutt","floor":17},{"not_picked":["Twin Strike","Wild Strike"],"picked":"Anger","floor":19}],"player_experience":110465,"potions_floor_usage":[10,29,33,33],"damage_taken":[{"damage":1,"enemies":"Cultist","floor":1,"turns":3},{"damage":3,"enemies":"Small Slimes","floor":3,"turns":3},{"damage":0,"enemies":"2 Louse","floor":4,"turns":3},{"damage":20,"enemies":"3 Sentries","floor":10,"turns":8},{"damage":4,"enemies":"Blue Slaver","floor":12,"turns":2},{"damage":53,"enemies":"The Guardian","floor":16,"turns":8},{"damage":11,"enemies":"2 Thieves","floor":18,"turns":3},{"damage":8,"enemies":"3 Byrds","floor":19,"turns":3},{"damage":11,"enemies":"Snake Plant","floor":22,"turns":2},{"damage":35,"enemies":"Slavers","floor":24,"turns":5},{"damage":64,"enemies":"Gremlin Leader","floor":29,"turns":9},{"damage":8,"enemies":"Chosen and Byrds","floor":31,"turns":4},{"damage":62,"enemies":"Automaton","floor":33,"turns":8}],"event_choices":[{"event_name":"World of Goop","player_choice":"Gather Gold","floor":5,"damage_taken":0},{"event_name":"Purifier","player_choice":"One Purge","floor":13,"damage_taken":0},{"event_name":"Drug Dealer","player_choice":"Got JAXXED","floor":20,"damage_taken":0},{"event_name":"Vampires","player_choice":"Ignored","floor":21,"damage_taken":0},{"event_name":"The Library","player_choice":"Heal","floor":25,"damage_taken":0},{"event_name":"Addict","player_choice":"Gave JAX","floor":27,"damage_taken":0}],"boss_relics":[{"not_picked":["Ectoplasm","Calling Bell"],"picked":"Tiny House"}],"potions_floor_spawned":[1,10,31],"seed_played":"2702363852371184890","killed_by":"Automaton","ascension_level":0,"is_trial":false}