{"path_per_floor":["M","?","$","M","M","E","$","M","T","R","?","E","$","M","R","B",null,"M","M","$","?","M"],"character_chosen":"IRONCLAD","items_purchased":["Madness"],"gold_per_floor":[118,118,43,60,80,112,8,26,52,52,152,186,86,103,103,203,203,221,235,110,110,122,122],"floor_reached":23,"campfire_rested":1,"playtime":1185,"current_hp_per_floor":[45,45,45,50,53,44,44,41,41,41,41,27,27,34,58,16,80,39,22,22,7,10,0],"items_purged":["Defend_R","Strike_R","Defend_R"],"gold":122,"score":201,"play_id":"f4a8b5e9-b37d-4f74-af9d-b44095af46bf","local_time":"20180327194824","is_prod":false,"is_daily":false,"is_ascension_mode":false,"campfire_upgraded":1,"timestamp":1522194504,"path_taken":["M","?","$","M","M","E","$","M","T","R","?","E","$","M","R","BOSS","M","M","$","?","M","E"],"build_version":"2018-03-22v2","purchased_purges":3,"victory":false,"master_deck":["Strike_R","Defend_R","Defend_R","Bash","Infernal Blade","Dual Wield+1","Madness","Dropkick+1","Pommel Strike"],"max_hp_per_floor":[80,80,80,80,80,80,80,80,80,80,80,80,80,80,80,80,80,80,80,80,85,85,85],"relics":["Burning Blood","Pantograph","Bag of Preparation","Blood Vial","Eternal Feather"],"card_choices":[{"not_picked":["Shockwave","Burning Pact"],"picked":"Infernal Blade","floor":1},{"not_picked":["Pummel","Metallicize"],"picked":"Dual Wield","floor":6},{"not_picked":["Spot Weakness","Clothesline"],"picked":"Dropkick","floor":18},{"not_picked":["Havoc","Dropkick"],"picked":"Pommel Strike","floor":19}],"player_experience":122428,"potions_floor_usage":[6,12,14,16,22,23],"damage_taken":[{"damage":1,"enemies":"2 Louse","floor":1,"turns":4},{"damage":1,"enemies":"Cultist","floor":4,"turns":4},{"damage":3,"enemies":"Small Slimes","floor":5,"turns":3},{"damage":15,"enemies":"Gremlin Nob","floor":6,"turns":4},{"damage":9,"enemies":"Red Slaver","floor":8,"turns":5},{"damage":20,"enemies":"3 Sentries","floor":12,"turns":7},{"damage":1,"enemies":"Exordium Wildlife","floor":14,"turns":5},{"damage":70,"enemies":"The Guardian","floor":16,"turns":8},{"damage":47,"enemies":"Shell Parasite","floor":18,"turns":10},{"damage":25,"enemies":"Spheric Guardian","floor":19,"turns":4},{"damage":11,"enemies":"Snecko","floor":22,"turns":3},{"damage":26,"enemies":"Book of Stabbing","floor":23,"turns":3}],"event_choices":[{"event_name":"Bonfire Elementals","player_choice":"BASIC","floor":2,"damage_taken":0},{"event_name":"Golden Shrine","player_choice":"Pray","floor":11,"damage_taken":0},{"event_name":"Forgotten Altar","player_choice":"Shed Blood","floor":21,"damage_taken":0}],"boss_relics":[{"not_picked":["Mark of Pain","Lizard Tail"],"picked":"Eternal Feather"}],"potions_floor_spawned":[1,5,12,14,19,22],"seed_played":"-4684312634513639903","killed_by":"Book of Stabbing","ascension_level":0,"is_trial":false}