{"path_per_floor":["M","?","?","$","M","R","?","M","T","M","R","M","E","T","R","B",null,"M","?","M","?","M"],"character_chosen":"IRONCLAD","items_purchased":["Lantern"],"gold_per_floor":[11,11,186,37,51,51,51,69,69,82,82,94,126,156,156,255,255,272,272,288,288,303,303],"floor_reached":23,"campfire_rested":0,"playtime":874,"current_hp_per_floor":[80,80,80,80,80,80,64,68,68,68,68,66,59,59,59,54,80,80,80,64,48,44,0],"items_purged":[],"gold":303,"score":191,"play_id":"384571fb-b82b-463c-b545-96dce807531d","local_time":"20180328001046","is_prod":false,"is_daily":false,"is_ascension_mode":false,"campfire_upgraded":3,"timestamp":1522210246,"path_taken":["M","?","?","$","M","R","?","?","T","M","R","?","E","?","R","BOSS","M","?","M","?","?","E"],"build_version":"2018-03-22v2","purchased_purges":0,"victory":false,"master_deck":["Strike_R","Strike_R","Strike_R","Defend_R","Defend_R+1","Defend_R","Defend_R","Bash+1","Warcry","Twin Strike+1","Anger+1","Doubt","Flex+1","Clash","Reaper","Flex+1"],"max_hp_per_floor":[80,80,80,80,80,80,80,80,80,80,80,80,80,80,80,80,80,80,80,80,80,80,80],"relics":["Burning Blood","Centennial Puzzle","Lantern","Darkstone Periapt","Happy Flower","Tiny Chest","Question Card","Sundial","Enchiridion"],"card_choices":[{"not_picked":["Shockwave","Sentinel"],"picked":"Anger","floor":1},{"not_picked":["Ghostly Armor","Wild Strike"],"picked":"Flex","floor":5},{"not_picked":["Havoc","Wild Strike"],"picked":"Clash","floor":10},{"not_picked":["Exhume","Limit Break"],"picked":"Reaper","floor":16},{"not_picked":["Dropkick","Twin Strike","Wild Strike"],"picked":"Flex","floor":22}],"player_experience":137190,"potions_floor_usage":[18,18,20,23],"damage_taken":[{"damage":2,"enemies":"Small Slimes","floor":1,"turns":3},{"damage":1,"enemies":"Cultist","floor":5,"turns":3},{"damage":2,"enemies":"2 Louse","floor":8,"turns":2},{"damage":6,"enemies":"2 Fungi Beasts","floor":10,"turns":2},{"damage":8,"enemies":"Large Slime","floor":12,"turns":2},{"damage":13,"enemies":"Gremlin Nob","floor":13,"turns":3},{"damage":11,"enemies":"Slime Boss","floor":16,"turns":7},{"damage":25,"enemies":"2 Thieves","floor":18,"turns":3},{"damage":22,"enemies":"3 Byrds","floor":20,"turns":8},{"damage":24,"enemies":"3 Cultists","floor":22,"turns":6},{"damage":66,"enemies":"Gremlin Leader","floor":23,"turns":5}],"event_choices":[{"event_name":"Accursed Blacksmith","player_choice":"Rummage","floor":2,"damage_taken":0},{"event_name":"Liars Game","player_choice":"agreed","floor":3,"damage_taken":0},{"event_name":"Shining Light","player_choice":"Entered Light","floor":7,"damage_taken":0},{"event_name":"The Mausoleum","player_choice":"Yes","floor":19,"damage_taken":0},{"event_name":"Cursed Tome","player_choice":"Obtained Book","floor":21,"damage_taken":0}],"boss_relics":[{"not_picked":["Astrolabe","Black Blood"],"picked":"Question Card"}],"potions_floor_spawned":[5,8,12,16,22],"seed_played":"-2801661053730914993","killed_by":"Gremlin Leader","ascension_level":0,"is_trial":false}