{"path_per_floor":["M","$","?","$","M","R","?","E","T","E","R","M","E","M","R","B",null,"M","?","M","M"],"character_chosen":"IRONCLAD","items_purchased":["Searing Blow"],"gold_per_floor":[115,46,146,146,160,160,160,185,185,212,212,228,257,274,274,374,374,390,390,407,419,419],"floor_reached":22,"campfire_rested":1,"playtime":989,"current_hp_per_floor":[63,63,63,63,68,68,73,62,62,19,19,18,10,16,41,20,85,69,69,62,20,2],"items_purged":[],"gold":419,"score":224,"play_id":"1e08698f-279f-4dbf-9164-edd9f0ae904c","local_time":"20180404021049","is_prod":false,"is_daily":false,"is_ascension_mode":true,"campfire_upgraded":2,"timestamp":1522822249,"path_taken":["M","$","?","$","M","R","?","E","T","E","R","M","E","M","R","BOSS","M","?","M","?","M"],"build_version":"2018-03-29v2","purchased_purges":0,"victory":false,"master_deck":["Strike_R","Strike_R+1","Defend_R","Defend_R","Defend_R","Defend_R","Bash+1","Cleave","Searing Blow+2","Battle Trance","Disarm","Battle Trance","Double Tap","Clothesline+1","Brutality+1","Cleave+1","Warcry"],"max_hp_per_floor":[80,80,80,80,80,80,85,85,85,85,85,85,85,85,85,85,85,85,85,85,85,85],"relics":["Burning Blood","Molten Egg 2","Charon\u0027s Ashes","Blue Candle","Whetstone","Astrolabe"],"card_choices":[{"not_picked":["Warcry","Twin Strike"],"picked":"Cleave","floor":1},{"not_picked":["Twin Strike","Dropkick"],"picked":"Battle Trance","floor":12},{"not_picked":["Headbutt","Blood for Blood"],"picked":"Disarm","floor":13},{"not_picked":["Warcry","Heavy Blade"],"picked":"Battle Trance","floor":14},{"not_picked":["Feed","Demon Form"],"picked":"Double Tap","floor":16},{"not_picked":["Inflame","Clothesline"],"picked":"Warcry","floor":20}],"player_experience":121245,"potions_floor_usage":[8,13],"damage_taken":[{"damage":23,"enemies":"Small Slimes","floor":1,"turns":4},{"damage":1,"enemies":"Cultist","floor":5,"turns":4},{"damage":17,"enemies":"3 Sentries","floor":8,"turns":7},{"damage":49,"enemies":"Lagavulin","floor":10,"turns":8},{"damage":7,"enemies":"Jaw Worm","floor":12,"turns":3},{"damage":14,"enemies":"Gremlin Nob","floor":13,"turns":3},{"damage":0,"enemies":"2 Fungi Beasts","floor":14,"turns":4},{"damage":27,"enemies":"The Guardian","floor":16,"turns":13},{"damage":22,"enemies":"Chosen","floor":18,"turns":4},{"damage":13,"enemies":"Spheric Guardian","floor":20,"turns":3},{"damage":48,"enemies":"Centurion and Healer","floor":21,"turns":7},{"damage":18,"enemies":"Snake Plant","floor":22,"turns":2}],"event_choices":[{"event_name":"Wheel of Change","player_choice":"Gold","floor":3,"damage_taken":0},{"event_name":"Big Fish","player_choice":"Donut","floor":7,"damage_taken":0},{"event_name":"Vampires","player_choice":"Ignored","floor":19,"damage_taken":0}],"boss_relics":[{"not_picked":["Runic Dome","Pandora\u0027s Box"],"picked":"Astrolabe"}],"potions_floor_spawned":[5,10,12,21],"seed_played":"5298604595889063920","killed_by":"Snake Plant","ascension_level":2,"is_trial":false}