{"path_per_floor":["M","M","?","M","M","E","M","E","T","$","M","?","?","T","R"],"character_chosen":"IRONCLAD","items_purchased":[],"gold_per_floor":[118,134,94,109,122,156,167,198,198,198,215,215,215,215,215,215],"floor_reached":16,"campfire_rested":1,"playtime":634,"current_hp_per_floor":[74,76,76,80,80,41,38,35,35,35,32,25,30,30,55,0],"items_purged":[],"gold":215,"score":134,"play_id":"7f5731b9-d859-48b4-b69c-5d03c263748e","local_time":"20180405181145","is_prod":false,"is_daily":false,"is_ascension_mode":true,"campfire_upgraded":0,"timestamp":1522966305,"path_taken":["M","M","?","M","M","E","?","E","T","$","M","?","?","?","R","BOSS"],"build_version":"2018-03-29v2","purchased_purges":0,"victory":false,"master_deck":["Strike_R","Strike_R","Strike_R","Strike_R","Strike_R","Defend_R","Defend_R","Defend_R","Defend_R","Bash","Intimidate","Dual Wield","Clothesline","Headbutt","Limit Break","True Grit"],"max_hp_per_floor":[80,80,80,80,80,80,80,80,80,80,80,80,85,85,85,85],"relics":["Burning Blood","Mercury Hourglass","Toolbox","Kunai","Dream Catcher","Dead Branch"],"card_choices":[{"not_picked":["Cleave","Seeing Red"],"picked":"Intimidate","floor":1},{"not_picked":["Bloodletting","Heavy Blade"],"picked":"Dual Wield","floor":2},{"not_picked":["True Grit","Hemokinesis"],"picked":"Clothesline","floor":5},{"not_picked":["Seeing Red","Exhume"],"picked":"Headbutt","floor":6},{"not_picked":["Headbutt","Dropkick"],"picked":"Limit Break","floor":8},{"not_picked":["Thunderclap","Rupture"],"picked":"True Grit","floor":15}],"player_experience":172107,"potions_floor_usage":[6,8,16,16],"damage_taken":[{"damage":12,"enemies":"Jaw Worm","floor":1,"turns":3},{"damage":4,"enemies":"Cultist","floor":2,"turns":3},{"damage":0,"enemies":"2 Louse","floor":4,"turns":2},{"damage":6,"enemies":"2 Fungi Beasts","floor":5,"turns":4},{"damage":45,"enemies":"Lagavulin","floor":6,"turns":7},{"damage":9,"enemies":"Blue Slaver","floor":7,"turns":3},{"damage":18,"enemies":"Gremlin Nob","floor":8,"turns":4},{"damage":9,"enemies":"Looter","floor":11,"turns":4},{"damage":61,"enemies":"Slime Boss","floor":16,"turns":14}],"event_choices":[{"event_name":"The Woman in Blue","player_choice":"Bought 3 Potions","floor":3,"damage_taken":0},{"event_name":"Scrap Ooze","player_choice":"success","floor":12,"damage_taken":7},{"event_name":"Big Fish","player_choice":"Donut","floor":13,"damage_taken":0}],"boss_relics":[],"potions_floor_spawned":[2,5,6,7,11],"seed_played":"6104508136223036140","killed_by":"Slime Boss","ascension_level":4,"is_trial":false}