{"path_per_floor":["M","M","?","T","M","E","M","M","T","E","$","M","?","M","R","B",null,"M","?","?","M","?","E","R"],"character_chosen":"IRONCLAD","items_purchased":["Bag of Marbles"],"gold_per_floor":[116,135,135,158,171,212,233,258,258,297,67,82,82,95,95,224,224,248,173,173,197,197,232,232,232],"floor_reached":25,"campfire_rested":1,"playtime":888,"current_hp_per_floor":[80,80,60,60,67,44,42,33,33,16,16,22,22,28,52,19,80,70,70,70,62,62,32,32,34],"items_purged":["Strike_R"],"gold":232,"score":245,"play_id":"3de97449-4a97-4e0f-8ea7-a7381a3a6787","local_time":"20180402183233","is_prod":false,"is_daily":false,"is_ascension_mode":true,"campfire_upgraded":0,"timestamp":1522708353,"path_taken":["M","M","?","?","M","E","M","M","T","E","$","?","?","M","R","BOSS","M","?","?","M","?","E","R","E"],"build_version":"2018-03-29v2","purchased_purges":1,"victory":false,"master_deck":["Strike_R+1","Strike_R+1","Strike_R+1","Defend_R+1","Defend_R+1","Defend_R+1","Defend_R+1","Bash","Thunderclap","Flex","Clash","Flex","Clash+1","Offering","Flex"],"max_hp_per_floor":[80,80,80,80,80,80,80,80,80,80,80,80,80,80,80,80,80,80,80,80,80,80,80,80,80],"relics":["Burning Blood","Golden Idol","Blood Vial","Peace Pipe","Unceasing Top","Dream Catcher","Bag of Marbles","Orrery","Shovel","Art of War"],"card_choices":[{"not_picked":["Second Wind","Iron Wave"],"picked":"Thunderclap","floor":1},{"not_picked":["Shockwave","Entrench"],"picked":"Flex","floor":2},{"not_picked":["Sword Boomerang","Corruption"],"picked":"Clash","floor":8},{"not_picked":["Ghostly Armor","Perfected Strike"],"picked":"Flex","floor":17},{"not_picked":["Sword Boomerang","Warcry"],"picked":"Clash","floor":21},{"not_picked":["Dropkick","Entrench"],"picked":"Flex","floor":23}],"player_experience":98301,"potions_floor_usage":[6,16,16,18,23],"damage_taken":[{"damage":6,"enemies":"Jaw Worm","floor":1,"turns":4},{"damage":0,"enemies":"2 Louse","floor":2,"turns":3},{"damage":1,"enemies":"Cultist","floor":5,"turns":3},{"damage":31,"enemies":"Lagavulin","floor":6,"turns":6},{"damage":10,"enemies":"Exordium Wildlife","floor":7,"turns":3},{"damage":17,"enemies":"Exordium Thugs","floor":8,"turns":5},{"damage":25,"enemies":"3 Sentries","floor":10,"turns":8},{"damage":2,"enemies":"3 Louse","floor":12,"turns":2},{"damage":2,"enemies":"2 Fungi Beasts","floor":14,"turns":3},{"damage":56,"enemies":"The Guardian","floor":16,"turns":13},{"damage":16,"enemies":"3 Byrds","floor":18,"turns":5},{"damage":16,"enemies":"Shell Parasite","floor":21,"turns":6},{"damage":47,"enemies":"Book of Stabbing","floor":23,"turns":5},{"damage":0,"enemies":"Slavers","floor":25,"turns":1}],"event_choices":[{"event_name":"Golden Idol","player_choice":"Take Damage","floor":3,"damage_taken":0},{"event_name":"The Lab","player_choice":"Got Potions","floor":13,"damage_taken":0},{"event_name":"Beggar","player_choice":"Gave Gold","floor":19,"damage_taken":0},{"event_name":"Back to Basics","player_choice":"Simplicity","floor":20,"damage_taken":0},{"event_name":"The Library","player_choice":"Read","floor":22,"damage_taken":0}],"boss_relics":[{"not_picked":["Calling Bell","Runic Pyramid"],"picked":"Orrery"}],"potions_floor_spawned":[1,8,10,12,14,16],"seed_played":"-131385614321040619","killed_by":"Slavers","ascension_level":1,"is_trial":false}