{"path_per_floor":["M","?","?","M","M","E","$","M","T","?","?","M","M","M","R","B",null,"M","?","M","?","?","R","E","M","T","M","M","?","?","M","R","B",null,"M","?","$","?","$","E","M","?","T","R","M","$","?","M","R","B"],"character_chosen":"IRONCLAD","items_purchased":["Flex","Bottled Lightning","Blue Candle"],"gold_per_floor":[115,115,115,130,144,170,170,185,240,240,240,250,269,287,287,385,385,401,316,330,330,330,330,361,375,398,412,427,427,427,437,437,541,541,558,558,461,461,121,154,171,171,471,471,489,117,117,135,135,135],"floor_reached":51,"campfire_rested":3,"playtime":1038,"current_hp_per_floor":[80,85,73,79,85,60,60,66,66,59,59,53,54,57,82,35,85,82,82,69,69,69,69,64,66,66,61,60,60,44,28,53,30,85,85,85,85,85,85,85,85,85,85,85,85,85,74,73,85,57],"items_purged":["Strike_R","Strike_R","Defend_R"],"gold":135,"score":749,"play_id":"bf5e4a37-4bdf-4dc7-86f8-40fc72cc6305","local_time":"20180329193749","is_prod":false,"is_daily":false,"is_ascension_mode":false,"campfire_upgraded":2,"timestamp":1522366669,"path_taken":["M","?","?","M","?","E","$","M","T","?","?","M","?","?","R","BOSS","M","?","?","?","?","R","E","M","T","M","?","?","?","M","R","BOSS","M","?","$","?","?","E","M","?","T","R","?","$","?","M","R","BOSS"],"build_version":"2018-03-22v2","purchased_purges":3,"victory":true,"master_deck":["Strike_R","Strike_R","Defend_R+1","Thunderclap","Clash","Flex+1","Whirlwind+1","Clash","Clash","Offering+1","Seeing Red","Necronomicurse","Flex","Double Tap","Madness","Madness"],"max_hp_per_floor":[80,85,85,85,85,85,85,85,85,85,85,85,85,85,85,85,85,85,85,85,85,85,85,85,85,85,85,85,85,85,85,85,85,85,85,85,85,85,85,85,85,85,85,85,85,85,85,85,85,85],"relics":["Black Blood","Paper Frog","Mercury Hourglass","Dream Catcher","Runic Cube","Self Forming Clay","Nloth\u0027s Gift","War Paint","Blood Vial","Necronomicon","Bottled Lightning","Bag of Marbles","Old Coin","Blue Candle"],"card_choices":[{"not_picked":["Iron Wave","Fire Breathing"],"picked":"Thunderclap","floor":1},{"not_picked":["Searing Blow","Sentinel"],"picked":"Clash","floor":4},{"not_picked":["Uppercut","Pommel Strike"],"picked":"Flex","floor":6},{"not_picked":["Flex","Sword Boomerang"],"picked":"Whirlwind","floor":12},{"not_picked":["Clothesline","True Grit"],"picked":"Clash","floor":14},{"not_picked":["Headbutt","Body Slam"],"picked":"Clash","floor":15},{"not_picked":["Impervious","Feed"],"picked":"Offering","floor":16},{"not_picked":["Shrug It Off","Havoc"],"picked":"Seeing Red","floor":25},{"not_picked":["Thunderclap","Hemokinesis"],"picked":"Double Tap","floor":41}],"player_experience":168830,"potions_floor_usage":[6,33,33,35,50],"damage_taken":[{"damage":0,"enemies":"Jaw Worm","floor":1,"turns":1},{"damage":0,"enemies":"2 Louse","floor":4,"turns":1},{"damage":0,"enemies":"Cultist","floor":5,"turns":1},{"damage":31,"enemies":"Lagavulin","floor":6,"turns":5},{"damage":0,"enemies":"Large Slime","floor":8,"turns":3},{"damage":12,"enemies":"Blue Slaver","floor":12,"turns":2},{"damage":5,"enemies":"Looter","floor":13,"turns":2},{"damage":3,"enemies":"Red Slaver","floor":14,"turns":2},{"damage":53,"enemies":"Hexaghost","floor":16,"turns":5},{"damage":9,"enemies":"Shell Parasite","floor":18,"turns":2},{"damage":19,"enemies":"2 Thieves","floor":20,"turns":2},{"damage":11,"enemies":"Slavers","floor":24,"turns":2},{"damage":4,"enemies":"Centurion and Healer","floor":25,"turns":2},{"damage":13,"enemies":"Snake Plant","floor":27,"turns":2},{"damage":9,"enemies":"Sentry and Sphere","floor":28,"turns":3},{"damage":24,"enemies":"Slaver and Parasite","floor":31,"turns":4},{"damage":31,"enemies":"Collector","floor":33,"turns":3},{"damage":10,"enemies":"3 Shapes","floor":35,"turns":2},{"damage":4,"enemies":"2 Orb Walkers","floor":40,"turns":1},{"damage":4,"enemies":"Orb Walker","floor":41,"turns":1},{"damage":4,"enemies":"Maw","floor":45,"turns":1},{"damage":13,"enemies":"4 Shapes","floor":48,"turns":1},{"damage":38,"enemies":"Donu and Deca","floor":50,"turns":3}],"event_choices":[{"event_name":"Big Fish","player_choice":"Donut","floor":2,"damage_taken":0},{"event_name":"Scrap Ooze","player_choice":"success","floor":3,"damage_taken":12},{"event_name":"Golden Wing","player_choice":"Card Removal","floor":10,"damage_taken":0},{"event_name":"Purifier","player_choice":"One Purge","floor":11,"damage_taken":0},{"event_name":"Addict","player_choice":"Obtained Relic","floor":19,"damage_taken":0},{"event_name":"N\u0027loth","player_choice":"Traded a NeowsBlessing","floor":21,"damage_taken":0},{"event_name":"Drug Dealer","player_choice":"Ignored","floor":22,"damage_taken":0},{"event_name":"Bonfire Elementals","player_choice":"BASIC","floor":29,"damage_taken":0},{"event_name":"Cursed Tome","player_choice":"Obtained Book","floor":30,"damage_taken":0},{"event_name":"Purifier","player_choice":"One Purge","floor":36,"damage_taken":0},{"event_name":"Tomb of Lord Red Mask","player_choice":"Ignored","floor":38,"damage_taken":0},{"event_name":"Wheel of Change","player_choice":"Full Heal","floor":42,"damage_taken":0},{"event_name":"Winding Halls","player_choice":"Embrace Madness","floor":47,"damage_taken":0}],"boss_relics":[{"not_picked":["Tiny House","Ectoplasm"],"picked":"Runic Cube"},{"not_picked":["Question Card","Astrolabe"],"picked":"Black Blood"}],"potions_floor_spawned":[4,5,8,14,16,25,27,33,48],"seed_played":"-6609867960047212168","ascension_level":0,"is_trial":false}