{"path_per_floor":["M","?","?","?","$","E","$","M","T","E","M","R","E","M","R","B",null,"M","M","?","M","M","R","E","?","T","R","E","?","R","E","R","B",null,"M","?","$","M","?","E","M","M","T","E","?","E","$","M","R","B"],"character_chosen":"IRONCLAD","items_purchased":["Kunai","Bird Faced Urn","Gremlin Horn"],"gold_per_floor":[117,367,367,327,4,33,33,53,77,108,125,125,157,175,175,276,276,286,301,301,311,323,323,356,356,410,410,445,445,445,480,480,583,583,594,594,280,299,299,330,347,366,389,420,420,452,104,121,121,121],"floor_reached":51,"campfire_rested":1,"playtime":3708,"current_hp_per_floor":[80,80,80,80,80,55,55,62,62,38,42,42,59,67,67,75,80,75,77,77,68,53,53,29,29,29,68,57,57,57,58,58,43,80,80,70,70,80,80,75,80,73,73,80,80,80,80,80,80,80],"items_purged":["Regret","Strike_R"],"gold":121,"score":945,"play_id":"1dac1f19-ad71-4f83-a65b-5ee2eab8c0f7","local_time":"20180405133057","is_prod":false,"is_daily":false,"is_ascension_mode":true,"campfire_upgraded":6,"timestamp":1522949457,"path_taken":["M","?","?","?","$","E","?","?","T","E","M","R","E","M","R","BOSS","M","M","?","M","M","R","E","?","T","R","E","?","R","E","R","BOSS","M","?","$","M","?","E","M","M","T","E","?","E","$","M","R","BOSS"],"build_version":"2018-03-29v2","purchased_purges":2,"victory":true,"master_deck":["Strike_R","Strike_R","Strike_R","Defend_R","Defend_R","Defend_R+1","Defend_R+1","Bash","Pummel+1","Metallicize+1","Shrug It Off","Metallicize+1","Clash","Demon Form+1","Clash+1","Havoc+1","Body Slam+1","Dual Wield+1","Barricade+1","Metallicize+1","Master of Strategy+1","Master of Strategy","Secret Weapon","Dual Wield+1","Havoc+1","Battle Trance","Warcry+1","Warcry+1"],"max_hp_per_floor":[80,80,80,80,80,80,80,80,80,80,80,80,80,80,80,80,80,80,80,80,80,80,80,80,80,80,80,80,80,80,80,80,80,80,80,80,80,80,80,80,80,80,80,80,80,80,80,80,80,80],"relics":["Burning Blood","Kunai","Blood Vial","War Paint","Regal Pillow","Happy Flower","Sozu","Omamori","Vajra","Bag of Preparation","Gambling Chip","Frozen Egg 2","Cursed Key","Bird Faced Urn","Paper Frog","Ancient Tea Set","Lantern","Thread and Needle","Gremlin Horn"],"card_choices":[{"not_picked":["Havoc","Sever Soul"],"picked":"Pummel","floor":1},{"not_picked":["Wild Strike","Body Slam"],"picked":"Metallicize","floor":6},{"not_picked":["True Grit","Ghostly Armor"],"picked":"Shrug It Off","floor":8},{"not_picked":["Inflame","Shrug It Off"],"picked":"Metallicize","floor":10},{"not_picked":["Pummel","Reckless Charge"],"picked":"Clash","floor":13},{"not_picked":["Bludgeon","Double Tap"],"picked":"Demon Form","floor":16},{"not_picked":["True Grit","Intimidate"],"picked":"Clash","floor":18},{"not_picked":["Anger","Rage"],"picked":"Havoc","floor":19},{"not_picked":["Armaments","Thunderclap"],"picked":"Body Slam","floor":21},{"not_picked":["Reaper","Feed"],"picked":"Barricade","floor":33},{"not_picked":["Thunderclap","Sword Boomerang"],"picked":"Metallicize","floor":35},{"not_picked":["Purity","Bandage Up"],"picked":"Master of Strategy","floor":36},{"not_picked":["Good Instincts","Dark Shackles"],"picked":"Master of Strategy","floor":36},{"not_picked":["Apotheosis","Good Instincts"],"picked":"Secret Weapon","floor":36},{"not_picked":["Sentinel","Battle Trance"],"picked":"Havoc","floor":41},{"not_picked":["Flame Barrier","Dual Wield"],"picked":"Battle Trance","floor":42},{"not_picked":["True Grit","Headbutt"],"picked":"Warcry","floor":44},{"not_picked":["True Grit","Clash"],"picked":"Warcry","floor":48}],"player_experience":165178,"potions_floor_usage":[6,6,13,13,16,44],"damage_taken":[{"damage":1,"enemies":"2 Louse","floor":1,"turns":4},{"damage":31,"enemies":"Lagavulin","floor":6,"turns":9},{"damage":1,"enemies":"Cultist","floor":8,"turns":4},{"damage":32,"enemies":"Gremlin Nob","floor":10,"turns":5},{"damage":4,"enemies":"Jaw Worm","floor":11,"turns":5},{"damage":6,"enemies":"Lagavulin","floor":13,"turns":11},{"damage":0,"enemies":"3 Louse","floor":14,"turns":5},{"damage":0,"enemies":"The Guardian","floor":16,"turns":15},{"damage":11,"enemies":"2 Thieves","floor":18,"turns":5},{"damage":6,"enemies":"3 Byrds","floor":19,"turns":5},{"damage":17,"enemies":"Cultist and Chosen","floor":21,"turns":5},{"damage":23,"enemies":"Snake Plant","floor":22,"turns":4},{"damage":32,"enemies":"Book of Stabbing","floor":24,"turns":6},{"damage":19,"enemies":"Gremlin Leader","floor":28,"turns":6},{"damage":7,"enemies":"Slavers","floor":31,"turns":4},{"damage":23,"enemies":"Collector","floor":33,"turns":8},{"damage":0,"enemies":"3 Darklings","floor":35,"turns":6},{"damage":0,"enemies":"3 Shapes","floor":38,"turns":6},{"damage":11,"enemies":"Nemesis","floor":40,"turns":5},{"damage":0,"enemies":"Sphere and 2 Shapes","floor":41,"turns":3},{"damage":13,"enemies":"Maw","floor":42,"turns":5},{"damage":5,"enemies":"2 Orb Walkers","floor":44,"turns":6},{"damage":9,"enemies":"Giant Head","floor":46,"turns":5},{"damage":0,"enemies":"4 Shapes","floor":48,"turns":11},{"damage":10,"enemies":"Donu and Deca","floor":50,"turns":39}],"event_choices":[{"event_name":"Golden Shrine","player_choice":"Desecrate","floor":2,"damage_taken":0},{"event_name":"Accursed Blacksmith","player_choice":"Forge","floor":3,"damage_taken":0},{"event_name":"The Woman in Blue","player_choice":"Bought 3 Potions","floor":4,"damage_taken":0},{"event_name":"Back to Basics","player_choice":"Elegance","floor":20,"damage_taken":0},{"event_name":"The Mausoleum","player_choice":"Yes","floor":25,"damage_taken":0},{"event_name":"The Library","player_choice":"Read","floor":29,"damage_taken":0},{"event_name":"SensoryStone","player_choice":"Memory 3","floor":36,"damage_taken":0},{"event_name":"Duplicator","player_choice":"One dupe","floor":39,"damage_taken":0},{"event_name":"Tomb of Lord Red Mask","player_choice":"Ignored","floor":45,"damage_taken":0}],"boss_relics":[{"not_picked":["Philosopher\u0027s Stone","Velvet Choker"],"picked":"Sozu"},{"not_picked":["Calling Bell","Runic Cube"],"picked":"Cursed Key"}],"potions_floor_spawned":[6,10,13,16,19,28,31,42,44],"seed_played":"1022625789188522870","ascension_level":2,"is_trial":false}