{"path_per_floor":["M","$","?","M","M","E","R","?","T","M","$","M","M","$","R","B",null,"M","?","?","M","?","M","R","M","T","R","?","M","M","M","R","B",null,"M","M","?","?","M","E","$","M","T","M","T","$","M","M","R","B"],"character_chosen":"IRONCLAD","items_purchased":["Feel No Pain","Flame Barrier","Good Instincts","Oddly Smooth Stone","Anchor","Happy Flower"],"gold_per_floor":[114,39,214,226,240,271,271,237,318,337,78,90,106,17,17,120,120,133,133,133,145,145,159,159,174,252,252,252,270,281,301,301,403,403,420,436,436,436,451,486,58,70,148,163,163,13,31,42,42,42],"floor_reached":51,"campfire_rested":3,"playtime":3882,"current_hp_per_floor":[68,68,68,68,40,11,11,11,11,10,10,10,10,10,34,9,80,80,80,80,59,59,59,59,49,49,49,49,25,16,1,25,4,80,80,80,80,70,70,70,70,70,70,70,70,70,70,70,80,72],"items_purged":["Defend_R","Doubt","Strike_R"],"gold":42,"score":872,"play_id":"eae00ba8-79f2-463d-992c-29aae1c65fcf","local_time":"20180405205656","is_prod":false,"is_daily":false,"is_ascension_mode":true,"campfire_upgraded":3,"timestamp":1522976216,"path_taken":["M","$","?","M","M","E","R","?","T","M","$","M","M","?","R","BOSS","M","?","?","?","?","M","R","M","T","R","?","M","M","?","R","BOSS","M","M","?","?","M","E","$","?","T","M","?","?","?","M","R","BOSS"],"build_version":"2018-03-29v2","purchased_purges":3,"victory":true,"master_deck":["Strike_R","Defend_R","Defend_R","Bash","Metallicize+1","Sentinel+1","Entrench+1","Body Slam+1","Battle Trance+1","Shrug It Off","Feel No Pain","Flame Barrier","Iron Wave","Good Instincts","Havoc","Barricade+1","Second Wind","Body Slam+1","Warcry+1","Impervious+1","Exhume+1","Finesse+1","Burning Pact+1","Disarm+1","Battle Trance+1"],"max_hp_per_floor":[80,80,80,80,80,80,80,80,80,80,80,80,80,80,80,80,80,80,80,80,80,80,80,80,80,80,80,80,80,80,80,80,80,80,80,80,80,80,80,80,80,80,80,80,80,80,80,80,80,80],"relics":["Astrolabe","Dream Catcher","Darkstone Periapt","Lizard Tail","Toxic Egg 2","Philosopher\u0027s Stone","Prayer Wheel","Oddly Smooth Stone","Anchor","Toolbox","Magic Flower","Happy Flower"],"card_choices":[{"not_picked":["Thunderclap","Flex"],"picked":"Body Slam","floor":1},{"not_picked":["Heavy Blade","Twin Strike"],"picked":"Battle Trance","floor":5},{"not_picked":["Iron Wave","Warcry"],"picked":"Shrug It Off","floor":10},{"not_picked":["Sentinel","Ghostly Armor"],"picked":"Iron Wave","floor":12},{"not_picked":["Rupture","Sword Boomerang"],"picked":"Havoc","floor":15},{"not_picked":["Impervious","Berserk"],"picked":"Barricade","floor":16},{"not_picked":["Inflame","Clothesline"],"picked":"Second Wind","floor":21},{"not_picked":["Pommel Strike","Wild Strike"],"picked":"Warcry","floor":29},{"not_picked":["Clash","Headbutt"],"picked":"Impervious","floor":31},{"not_picked":["Demon Form","Barricade"],"picked":"Exhume","floor":33},{"not_picked":["Flash of Steel","Jack Of All Trades"],"picked":"Finesse","floor":38},{"not_picked":["Ghostly Armor","Immolate"],"picked":"Burning Pact","floor":40},{"not_picked":["Sword Boomerang","Shockwave"],"picked":"Disarm","floor":47},{"not_picked":["Thunderclap","Dual Wield"],"picked":"Battle Trance","floor":48}],"player_experience":175571,"potions_floor_usage":[6,16,23,29,31,47,48],"damage_taken":[{"damage":12,"enemies":"Jaw Worm","floor":1,"turns":5},{"damage":0,"enemies":"Small Slimes","floor":4,"turns":4},{"damage":28,"enemies":"Cultist","floor":5,"turns":7},{"damage":29,"enemies":"Lagavulin","floor":6,"turns":9},{"damage":1,"enemies":"Looter","floor":10,"turns":4},{"damage":0,"enemies":"Exordium Wildlife","floor":12,"turns":6},{"damage":0,"enemies":"3 Louse","floor":13,"turns":4},{"damage":25,"enemies":"Slime Boss","floor":16,"turns":24},{"damage":0,"enemies":"Chosen","floor":18,"turns":14},{"damage":21,"enemies":"Spheric Guardian","floor":21,"turns":13},{"damage":0,"enemies":"Centurion and Healer","floor":23,"turns":8},{"damage":10,"enemies":"Snecko","floor":25,"turns":6},{"damage":24,"enemies":"Slaver and Parasite","floor":29,"turns":7},{"damage":9,"enemies":"Centurion and Healer","floor":30,"turns":7},{"damage":15,"enemies":"Sentry and Sphere","floor":31,"turns":9},{"damage":62,"enemies":"Automaton","floor":33,"turns":16},{"damage":0,"enemies":"3 Shapes","floor":35,"turns":3},{"damage":0,"enemies":"3 Darklings","floor":36,"turns":4},{"damage":0,"enemies":"Sphere and 2 Shapes","floor":39,"turns":5},{"damage":0,"enemies":"Giant Head","floor":40,"turns":7},{"damage":0,"enemies":"4 Shapes","floor":42,"turns":6},{"damage":0,"enemies":"Maw","floor":44,"turns":6},{"damage":0,"enemies":"3 Darklings","floor":47,"turns":4},{"damage":0,"enemies":"4 Shapes","floor":48,"turns":11},{"damage":8,"enemies":"Awakened One","floor":50,"turns":10}],"event_choices":[{"event_name":"Liars Game","player_choice":"agreed","floor":3,"damage_taken":0},{"event_name":"World of Goop","player_choice":"Left","floor":8,"damage_taken":0},{"event_name":"Bonfire Elementals","player_choice":"BASIC","floor":19,"damage_taken":0},{"event_name":"Vampires","player_choice":"Ignored","floor":20,"damage_taken":0},{"event_name":"The Library","player_choice":"Read","floor":22,"damage_taken":0},{"event_name":"Upgrade Shrine","player_choice":"Upgraded","floor":28,"damage_taken":0},{"event_name":"Tomb of Lord Red Mask","player_choice":"Ignored","floor":37,"damage_taken":0},{"event_name":"SensoryStone","player_choice":"Memory 3","floor":38,"damage_taken":0}],"boss_relics":[{"not_picked":["Runic Cube","White Beast Statue"],"picked":"Lizard Tail"},{"not_picked":["Snecko Eye","Calling Bell"],"picked":"Philosopher\u0027s Stone"}],"potions_floor_spawned":[5,12,16,18,21,23,36,44,47],"seed_played":"-1409014806240643152","ascension_level":4,"is_trial":false}