{"path_per_floor":["M","M","?","M","?","?","R","M","T","R","?","R","$","M","R","B",null,"M","?","?","M","$","R","M","T","T","$","E","R"],"character_chosen":"IRONCLAD","items_purchased":["Matryoshka","Regen Potion"],"gold_per_floor":[113,124,74,90,90,90,90,101,128,128,128,128,128,147,147,252,252,266,266,266,284,22,22,32,58,82,31,59,59,59],"floor_reached":30,"campfire_rested":0,"playtime":638,"current_hp_per_floor":[79,77,77,80,80,64,64,60,60,60,60,60,60,61,61,67,80,66,66,51,25,25,25,17,17,17,17,48,48,0],"items_purged":[],"gold":59,"score":286,"play_id":"4079be97-d83a-4b57-b140-1d64616fa467","local_time":"20180405114759","is_prod":false,"is_daily":false,"is_ascension_mode":false,"campfire_upgraded":6,"timestamp":1522943279,"path_taken":["M","M","?","M","?","?","R","M","T","R","?","R","?","M","R","BOSS","M","?","?","?","$","R","M","?","T","$","E","R","E"],"build_version":"2018-03-29v2","purchased_purges":1,"victory":false,"master_deck":["Strike_R+1","Strike_R","Strike_R","Strike_R+1","Strike_R+1","Defend_R+1","Defend_R+1","Bash+1","Thunderclap+1","Demon Form+1","Sword Boomerang+1","Sword Boomerang+1"],"max_hp_per_floor":[80,80,80,80,80,80,80,80,80,80,80,80,80,80,80,80,80,80,80,85,85,85,85,85,85,85,85,85,85,85],"relics":["Burning Blood","Omamori","Lizard Tail","War Paint","Matryoshka","Blood Vial","Oddly Smooth Stone","Juzu Bracelet","Orichalcum","Ornamental Fan"],"card_choices":[{"not_picked":["Reckless Charge","Searing Blow"],"picked":"Thunderclap","floor":4.0},{"not_picked":["Barricade","Feed"],"picked":"Demon Form","floor":16.0},{"not_picked":["Havoc","Warcry"],"picked":"Sword Boomerang","floor":18.0},{"not_picked":["Cleave","Anger"],"picked":"Sword Boomerang","floor":21.0}],"player_experience":162628,"potions_floor_usage":[28,28,28],"damage_taken":[{"damage":7.0,"enemies":"2 Louse","floor":1.0,"turns":2.0},{"damage":8.0,"enemies":"Jaw Worm","floor":2.0,"turns":4.0},{"damage":0.0,"enemies":"Small Slimes","floor":4.0,"turns":3.0},{"damage":10.0,"enemies":"Exordium Wildlife","floor":8.0,"turns":5.0},{"damage":5.0,"enemies":"3 Louse","floor":14.0,"turns":2.0},{"damage":0.0,"enemies":"Slime Boss","floor":16.0,"turns":7.0},{"damage":20.0,"enemies":"3 Byrds","floor":18.0,"turns":4.0},{"damage":32.0,"enemies":"2 Thieves","floor":21.0,"turns":4.0},{"damage":14.0,"enemies":"Snecko","floor":24.0,"turns":4.0},{"damage":33,"enemies":"Book of Stabbing","floor":28,"turns":4},{"damage":57,"enemies":"Slavers","floor":30,"turns":3}],"event_choices":[{"event_name":"The Cleric","player_choice":"Card Removal","floor":3.0,"damage_taken":0.0},{"event_name":"Living Wall","player_choice":"Forget","floor":5.0,"damage_taken":0.0},{"event_name":"Shining Light","player_choice":"Entered Light","floor":6.0,"damage_taken":0.0},{"event_name":"Dead Adventurer","player_choice":"Searched \u00270\u0027 times","floor":11.0,"damage_taken":0.0},{"event_name":"The Mausoleum","player_choice":"Yes","floor":19.0,"damage_taken":0.0},{"event_name":"Forgotten Altar","player_choice":"Shed Blood","floor":20.0,"damage_taken":0.0}],"boss_relics":[],"potions_floor_spawned":[1,2,8,16,21,24],"seed_played":"6452994007369957981","killed_by":"Slavers","ascension_level":0,"is_trial":false}