{"path_per_floor":["M","?","M","?","?","R","E","M","T","T","$","?","M","M","R","B",null,"M","M","?","T","M","?","M","M","T","?","$","E","R","M","R","B",null,"M","M","?","?","?","R","T","M","T","M","R","M","?","M","R","B"],"character_chosen":"IRONCLAD","items_purchased":["Oddly Smooth Stone","Bludgeon","Vajra"],"gold_per_floor":[118,78,95,95,95,95,125,141,141,164,20,95,114,133,133,238,238,250,269,269,292,308,308,321,337,337,337,120,146,146,156,156,257,257,273,290,290,390,390,390,390,400,427,439,439,456,0,10,10,10],"floor_reached":51,"campfire_rested":3,"playtime":2803,"current_hp_per_floor":[38,38,38,26,26,26,20,23,23,23,23,12,18,23,47,41,80,68,51,35,42,47,47,46,34,34,34,34,31,59,65,65,53,96,99,99,89,89,89,89,89,88,88,80,80,30,30,39,72,68],"items_purged":[],"gold":10,"score":812,"play_id":"96cf33d7-d3de-41ed-9c08-aa07cb0214af","local_time":"20180405175253","is_prod":false,"is_daily":false,"is_ascension_mode":true,"campfire_upgraded":4,"timestamp":1522965173,"path_taken":["M","?","M","?","?","R","E","M","T","?","$","?","?","M","R","BOSS","M","M","?","?","?","?","M","?","T","?","$","E","R","M","R","BOSS","M","M","?","?","?","R","?","?","T","M","R","?","?","M","R","BOSS"],"build_version":"2018-03-29v2","purchased_purges":0,"victory":true,"master_deck":["Bash","Iron Wave","Iron Wave+1","Exhume","Disarm+1","Inflame","Iron Wave","Feed+1","Shrug It Off+1","Uppercut+1","Heavy Blade+1","Corruption","Uppercut","Whirlwind","Bludgeon","Bludgeon+1","Uppercut","Burning Pact","Wild Strike","Sword Boomerang","Seeing Red","Warcry","Rampage","Pommel Strike","Apotheosis"],"max_hp_per_floor":[80,80,80,80,80,80,80,80,80,80,80,80,80,80,80,80,80,83,83,83,90,93,93,93,96,96,96,96,96,96,96,96,96,96,99,99,99,99,99,99,99,99,99,103,103,103,103,111,111,115],"relics":["Burning Blood","Sundial","Prayer Wheel","Happy Flower","Self Forming Clay","War Paint","Oddly Smooth Stone","Snecko Eye","Nilry\u0027s Codex","Strawberry","Lantern","Vajra","Darkstone Periapt","Pandora\u0027s Box","Blue Candle","Omamori","Red Mask"],"card_choices":[{"not_picked":["Intimidate","Battle Trance"],"picked":"Iron Wave","floor":1},{"not_picked":["Thunderclap","Sentinel"],"picked":"Iron Wave","floor":3},{"not_picked":["Warcry","Cleave"],"picked":"Disarm","floor":7},{"not_picked":["Flex","Second Wind"],"picked":"Inflame","floor":9},{"not_picked":["Clothesline","Iron Wave"],"picked":"Flex","floor":10},{"not_picked":["Burning Pact","Exhume"],"picked":"Iron Wave","floor":13},{"not_picked":["Brutality","Dark Embrace"],"picked":"Feed","floor":16},{"not_picked":["Armaments","Havoc"],"picked":"Shrug It Off","floor":18},{"not_picked":["Heavy Blade","Thunderclap"],"picked":"Uppercut","floor":19},{"not_picked":["Cleave","Pummel"],"picked":"Heavy Blade","floor":22},{"not_picked":["Seeing Red","Heavy Blade"],"picked":"Corruption","floor":25},{"not_picked":["Warcry","Clash"],"picked":"Uppercut","floor":26},{"not_picked":["Thunderclap","Bloodletting"],"picked":"Bludgeon","floor":29},{"not_picked":["Reckless Charge","Twin Strike"],"picked":"Pommel Strike","floor":35},{"not_picked":["Transmutation","Jack Of All Trades"],"picked":"Apotheosis","floor":37}],"player_experience":168886,"potions_floor_usage":[7,7,7,14,19,22,24,46,50],"damage_taken":[{"damage":8,"enemies":"Jaw Worm","floor":1,"turns":4},{"damage":6,"enemies":"Cultist","floor":3,"turns":4},{"damage":18,"enemies":"Lagavulin","floor":7,"turns":5},{"damage":3,"enemies":"2 Louse","floor":8,"turns":3},{"damage":0,"enemies":"Exordium Wildlife","floor":13,"turns":3},{"damage":1,"enemies":"3 Louse","floor":14,"turns":4},{"damage":12,"enemies":"Hexaghost","floor":16,"turns":16},{"damage":21,"enemies":"2 Thieves","floor":18,"turns":5},{"damage":23,"enemies":"Chosen","floor":19,"turns":6},{"damage":19,"enemies":"Snake Plant","floor":22,"turns":9},{"damage":7,"enemies":"Snecko","floor":24,"turns":5},{"damage":21,"enemies":"Chosen and Byrds","floor":25,"turns":5},{"damage":9,"enemies":"Book of Stabbing","floor":29,"turns":4},{"damage":0,"enemies":"Centurion and Healer","floor":31,"turns":3},{"damage":18,"enemies":"Collector","floor":33,"turns":4},{"damage":0,"enemies":"3 Shapes","floor":35,"turns":2},{"damage":0,"enemies":"Orb Walker","floor":36,"turns":2},{"damage":7,"enemies":"3 Darklings","floor":42,"turns":3},{"damage":18,"enemies":"Sphere and 2 Shapes","floor":44,"turns":3},{"damage":56,"enemies":"Maw","floor":46,"turns":7},{"damage":5,"enemies":"4 Shapes","floor":48,"turns":9},{"damage":14,"enemies":"Time Eater","floor":50,"turns":8}],"event_choices":[{"event_name":"The Woman in Blue","player_choice":"Bought 3 Potions","floor":2,"damage_taken":0},{"event_name":"Scrap Ooze","player_choice":"success","floor":4,"damage_taken":12},{"event_name":"Living Wall","player_choice":"Change","floor":5,"damage_taken":0},{"event_name":"World of Goop","player_choice":"Gather Gold","floor":12,"damage_taken":0},{"event_name":"Cursed Tome","player_choice":"Obtained Book","floor":20,"damage_taken":0},{"event_name":"Drug Dealer","player_choice":"Ignored","floor":23,"damage_taken":0},{"event_name":"Transmorgrifier","player_choice":"Transform","floor":27,"damage_taken":0},{"event_name":"SensoryStone","player_choice":"Memory 3","floor":37,"damage_taken":0},{"event_name":"Golden Shrine","player_choice":"Pray","floor":38,"damage_taken":0},{"event_name":"Purifier","player_choice":"One Purge","floor":39,"damage_taken":0},{"event_name":"Tomb of Lord Red Mask","player_choice":"Paid","floor":47,"damage_taken":0}],"boss_relics":[{"not_picked":["Runic Pyramid","White Beast Statue"],"picked":"Snecko Eye"},{"not_picked":["Cursed Key","Eternal Feather"],"picked":"Pandora\u0027s Box"}],"potions_floor_spawned":[3,7,16,19,22,29,31,33,36,44],"seed_played":"6616105127864205832","ascension_level":3,"is_trial":false}