{"path_per_floor":["M","M","?","?","M","R","M","M","T","E","R","M","?","M","R","B",null,"M","?","?","?","M","R","E","R","T","M"],"character_chosen":"IRONCLAD","items_purchased":[],"gold_per_floor":[109,119,194,144,157,157,171,186,213,239,239,258,258,271,271,375,375,387,487,487,412,424,424,459,459,512,527,527],"floor_reached":28,"campfire_rested":0,"playtime":1304,"current_hp_per_floor":[77,75,64,64,65,65,69,75,75,58,58,64,57,63,63,29,67,48,48,32,32,35,35,20,20,20,16,0],"items_purged":[],"gold":527,"score":372,"play_id":"a31e1ff3-ec4f-4df6-a6e8-c7010b30a8db","local_time":"20180411202842","is_prod":false,"is_daily":false,"is_ascension_mode":true,"campfire_upgraded":5,"timestamp":1523492922,"path_taken":["M","?","?","?","?","R","M","M","T","E","R","M","?","M","R","BOSS","M","?","?","?","M","R","E","R","T","M","?"],"build_version":"2018-04-05v2","purchased_purges":0,"victory":false,"master_deck":["Strike_R","Strike_R","Strike_R","Defend_R","Defend_R","Defend_R","Bash","AscendersBane","Iron Wave+1","Shrug It Off+1","Shrug It Off+1","Cleave+1","Inflame+1","Fiend Fire","Demon Form","True Grit+1","Limit Break"],"max_hp_per_floor":[80,80,80,80,80,80,80,80,80,80,80,80,80,80,80,80,80,80,80,80,80,80,80,80,80,80,80,80],"relics":["Burning Blood","Bag of Marbles","Vajra","Velvet Choker","Nilry\u0027s Codex","Art of War","Bronze Scales"],"card_choices":[{"not_picked":["Pommel Strike","Metallicize"],"picked":"Iron Wave","floor":2},{"not_picked":["Anger","Burning Pact"],"picked":"Shrug It Off","floor":5},{"not_picked":["Body Slam","Havoc"],"picked":"Shrug It Off","floor":7},{"not_picked":["Havoc","Corruption"],"picked":"Cleave","floor":10},{"not_picked":["Sever Soul","Hemokinesis"],"picked":"Inflame","floor":12},{"not_picked":["Carnage","Combust"],"picked":"Fiend Fire","floor":14},{"not_picked":["Fiend Fire","Limit Break"],"picked":"Demon Form","floor":16},{"not_picked":["Perfected Strike","Armaments"],"picked":"True Grit","floor":18},{"not_picked":["Cleave","Shockwave"],"picked":"Limit Break","floor":27}],"player_experience":301230,"potions_floor_usage":[8,16,16,24,27],"damage_taken":[{"damage":1,"enemies":"Cultist","floor":1,"turns":4},{"damage":8,"enemies":"Jaw Worm","floor":2,"turns":4},{"damage":5,"enemies":"Small Slimes","floor":5,"turns":3},{"damage":2,"enemies":"3 Louse","floor":7,"turns":4},{"damage":0,"enemies":"2 Fungi Beasts","floor":8,"turns":2},{"damage":23,"enemies":"3 Sentries","floor":10,"turns":10},{"damage":0,"enemies":"Large Slime","floor":12,"turns":5},{"damage":0,"enemies":"Gremlin Gang","floor":14,"turns":2},{"damage":52,"enemies":"Slime Boss","floor":16,"turns":11},{"damage":25,"enemies":"2 Thieves","floor":18,"turns":4},{"damage":3,"enemies":"Chosen","floor":22,"turns":3},{"damage":21,"enemies":"Gremlin Leader","floor":24,"turns":6},{"damage":10,"enemies":"3 Cultists","floor":27,"turns":4},{"damage":17,"enemies":"Snake Plant","floor":28,"turns":1}],"event_choices":[{"event_name":"World of Goop","player_choice":"Gather Gold","floor":3,"damage_taken":0},{"event_name":"The Cleric","player_choice":"Card Removal","floor":4,"damage_taken":0},{"event_name":"Golden Wing","player_choice":"Card Removal","floor":13,"damage_taken":0},{"event_name":"Golden Shrine","player_choice":"Pray","floor":19,"damage_taken":0},{"event_name":"Cursed Tome","player_choice":"Obtained Book","floor":20,"damage_taken":0},{"event_name":"Beggar","player_choice":"Gave Gold","floor":21,"damage_taken":0}],"boss_relics":[{"not_picked":["Astrolabe","Mark of Pain"],"picked":"Velvet Choker"}],"potions_floor_spawned":[2,5,7,10,14,18,27],"seed_played":"-894659649403751983","killed_by":"Snake Plant","ascension_level":11,"is_trial":false}