{"path_per_floor":["M","?","M","?","$","E","R","E","T","E","R","M","M","E","R","B",null,"M","?","$","M","M"],"character_chosen":"IRONCLAD","items_purchased":["Girya"],"gold_per_floor":[111,111,128,128,53,92,92,135,135,179,179,204,224,263,263,384,384,409,324,30,49,68,68],"floor_reached":23,"campfire_rested":0,"playtime":789,"current_hp_per_floor":[70,54,52,52,52,17,17,27,41,28,28,40,44,52,52,39,76,76,76,76,64,64,0],"items_purged":["Defend_R"],"gold":68,"score":339,"play_id":"5fdbad46-fba1-4b2d-9a97-e6f73ed863b5","local_time":"20180411141925","is_prod":false,"is_daily":false,"is_ascension_mode":true,"campfire_upgraded":3,"timestamp":1523470765,"path_taken":["M","?","M","?","$","E","R","E","T","E","R","M","?","E","R","BOSS","M","?","$","M","M","E"],"build_version":"2018-04-05v2","purchased_purges":3,"victory":false,"master_deck":["Strike_R","Strike_R","Strike_R","Strike_R","Strike_R+1","Defend_R","Defend_R","Defend_R","Bash+1","AscendersBane","Sword Boomerang+1","Flex+1","Parasite","Clothesline+1","Thunderclap","Battle Trance","Bludgeon"],"max_hp_per_floor":[80,80,80,74,74,74,74,74,88,88,88,88,88,88,88,88,88,88,88,88,88,88,88],"relics":["Cursed Key","Golden Idol","Meat on the Bone","Mercury Hourglass","Mango","Regal Pillow","Dream Catcher","Velvet Choker","Blue Candle","Girya"],"card_choices":[{"not_picked":["Headbutt","Twin Strike"],"picked":"Sword Boomerang","floor":1},{"not_picked":["Carnage","Ghostly Armor"],"picked":"Flex","floor":3},{"not_picked":["Perfected Strike","Shrug It Off"],"picked":"Clothesline","floor":12},{"not_picked":["Berserk","Rupture"],"picked":"Thunderclap","floor":13},{"not_picked":["Pommel Strike","Flame Barrier"],"picked":"Battle Trance","floor":14},{"not_picked":["Barricade","Juggernaut"],"picked":"Bludgeon","floor":16}],"player_experience":289756,"potions_floor_usage":[14,14,14,23,23],"damage_taken":[{"damage":2,"enemies":"Small Slimes","floor":1,"turns":5},{"damage":2,"enemies":"Jaw Worm","floor":3,"turns":2},{"damage":35,"enemies":"Lagavulin","floor":6,"turns":5},{"damage":2,"enemies":"Gremlin Nob","floor":8,"turns":3},{"damage":25,"enemies":"Lagavulin","floor":10,"turns":6},{"damage":0,"enemies":"2 Louse","floor":12,"turns":1},{"damage":8,"enemies":"Gremlin Gang","floor":13,"turns":3},{"damage":13,"enemies":"3 Sentries","floor":14,"turns":4},{"damage":25,"enemies":"Hexaghost","floor":16,"turns":6},{"damage":0,"enemies":"Shell Parasite","floor":18,"turns":1},{"damage":12,"enemies":"Chosen","floor":21,"turns":3},{"damage":0,"enemies":"Snecko","floor":22,"turns":2},{"damage":64,"enemies":"Book of Stabbing","floor":23,"turns":5}],"event_choices":[{"event_name":"Shining Light","player_choice":"Entered Light","floor":2,"damage_taken":0},{"event_name":"Golden Idol","player_choice":"Lose Max HP","floor":4,"damage_taken":0},{"event_name":"Addict","player_choice":"Obtained Relic","floor":19,"damage_taken":0}],"boss_relics":[{"not_picked":["Runic Dome","Runic Pyramid"],"picked":"Velvet Choker"}],"potions_floor_spawned":[8,10,12,14,16,21,22],"seed_played":"2748936962251829145","killed_by":"Book of Stabbing","ascension_level":11,"is_trial":false}