{"path_per_floor":["M","$","?","?","M","E","T","R","T","M","R","$","E","M","R","B",null,"M","M","?","$","M","E","$","R","T","M","R","M","M","E","R","B",null,"M","?","?","$","?","E","$","E","T","R","?","M","E","M","R","B"],"character_chosen":"IRONCLAD","items_purchased":["Disarm","Ancient Bracer","Offering","Shovel"],"gold_per_floor":[12,12,187,187,201,230,255,255,255,269,269,35,70,85,85,188,188,204,215,215,140,158,183,6,6,30,43,43,58,75,137,137,240,240,251,251,251,251,297,325,12,42,42,42,42,61,87,97,97,97],"floor_reached":51,"campfire_rested":0,"playtime":2456,"current_hp_per_floor":[80,80,80,80,80,52,52,52,52,58,58,58,38,44,44,39,80,80,78,78,78,78,70,70,70,70,66,66,70,70,65,65,61,80,76,66,56,56,62,80,80,68,68,82,82,86,94,94,94,94],"items_purged":["Strike_R","Strike_R"],"gold":97,"score":982,"play_id":"86966732-bd6f-4f81-8339-0c8401c9b0a7","local_time":"20180410161412","is_prod":false,"is_daily":false,"is_ascension_mode":false,"campfire_upgraded":6,"timestamp":1523391252,"path_taken":["M","$","?","?","?","E","?","R","T","M","R","$","E","M","R","BOSS","M","M","?","$","M","E","$","R","T","M","R","M","M","E","R","BOSS","M","?","?","?","?","E","$","E","T","R","?","M","E","M","R","BOSS"],"build_version":"2018-04-05v2","purchased_purges":4,"victory":true,"master_deck":["Bash","Offering","Limit Break+1","Flex+1","Disarm+1","Clothesline","Disarm","Heavy Blade+1","Sword Boomerang","Offering","Pommel Strike+1","Offering","Massacre+1","Flex+1","Massacre","Reaper","Intimidate","Clash","Heavy Blade","Bloodletting","Cleave","Hemogenesis","Evolve","Flex+1","Secret Weapon","Deep Breath","Improvise","Madness","Madness","Fiend Fire","Flex+1","Flex+1"],"max_hp_per_floor":[80,80,80,80,80,80,80,80,80,80,80,80,80,80,80,80,80,80,80,80,80,80,80,80,80,80,80,80,80,80,80,80,80,80,80,80,80,80,80,80,80,80,80,94,94,94,94,94,94,94],"relics":["Burning Blood","Prayer Wheel","Omamori","Baseball","Ancient Bracer","Matryoshka","Cursed Key","Ice Cream","Sundial","Juzu Bracelet","Blood Vial","Tiny Chest","Pandora\u0027s Box","Dead Branch","Champion Belt","Shovel","Red Skull","Bottled Flame","Calipers","Mango","Gremlin Horn","Torii"],"card_choices":[{"not_picked":["Reaper","Dark Embrace"],"picked":"Offering","floor":0},{"not_picked":["Sentinel","Life Link"],"picked":"Limit Break","floor":1},{"not_picked":["Clothesline","Rampage"],"picked":"Flex","floor":5},{"not_picked":["Rage","Clothesline"],"picked":"Disarm","floor":7},{"not_picked":["Rupture","Perfected Strike"],"picked":"Clothesline","floor":9},{"not_picked":["Barricade","Blood for Blood"],"picked":"Heavy Blade","floor":13},{"not_picked":["Cleave","Anger"],"picked":"Sword Boomerang","floor":14},{"not_picked":["Berserk","Exhume"],"picked":"Offering","floor":16},{"not_picked":["Disarm","Battle Trance"],"picked":"Pommel Strike","floor":19},{"not_picked":["Clash","Warcry"],"picked":"Massacre","floor":26},{"not_picked":["Power Through","True Grit"],"picked":"Flex","floor":27},{"not_picked":["Cleave","Clash"],"picked":"Massacre","floor":30},{"not_picked":["Bludgeon","Fiend Fire"],"picked":"Reaper","floor":33},{"not_picked":["Life Link","Thunderclap"],"picked":"Flex","floor":35},{"not_picked":["Panacea","Swift Strike"],"picked":"Secret Weapon","floor":36},{"not_picked":["Apotheosis","Bandage Up"],"picked":"Deep Breath","floor":36},{"not_picked":["Bandage Up","Swift Strike"],"picked":"Improvise","floor":36},{"not_picked":["Sword Boomerang","Pummel"],"picked":"Fiend Fire","floor":40},{"not_picked":["Sever Soul","Evolve"],"picked":"Flex","floor":47},{"not_picked":["Battle Trance","Burning Pact"],"picked":"Flex","floor":48}],"player_experience":257242,"potions_floor_usage":[33,50,50,50],"damage_taken":[{"damage":5,"enemies":"Jaw Worm","floor":1,"turns":3},{"damage":4,"enemies":"Small Slimes","floor":5,"turns":4},{"damage":34,"enemies":"Gremlin Nob","floor":6,"turns":4},{"damage":0,"enemies":"2 Louse","floor":10,"turns":2},{"damage":26,"enemies":"3 Sentries","floor":13,"turns":6},{"damage":0,"enemies":"2 Fungi Beasts","floor":14,"turns":3},{"damage":11,"enemies":"The Guardian","floor":16,"turns":5},{"damage":4,"enemies":"Spheric Guardian","floor":18,"turns":2},{"damage":8,"enemies":"2 Thieves","floor":19,"turns":1},{"damage":6,"enemies":"Centurion and Healer","floor":22,"turns":4},{"damage":14,"enemies":"Book of Stabbing","floor":23,"turns":2},{"damage":12,"enemies":"Snecko","floor":27,"turns":2},{"damage":4,"enemies":"Sentry and Sphere","floor":29,"turns":1},{"damage":8,"enemies":"Chosen and Byrds","floor":30,"turns":3},{"damage":13,"enemies":"Slavers","floor":31,"turns":4},{"damage":12,"enemies":"Collector","floor":33,"turns":5},{"damage":10,"enemies":"Orb Walker","floor":35,"turns":2},{"damage":24,"enemies":"Mysterious Sphere","floor":39,"turns":2},{"damage":15,"enemies":"Giant Head","floor":40,"turns":2},{"damage":20,"enemies":"Nemesis","floor":42,"turns":3},{"damage":4,"enemies":"3 Darklings","floor":46,"turns":1},{"damage":19,"enemies":"2 Orb Walkers","floor":47,"turns":1},{"damage":4,"enemies":"Sphere and 2 Shapes","floor":48,"turns":1},{"damage":20,"enemies":"Time Eater","floor":50,"turns":5}],"event_choices":[{"event_name":"Liars Game","player_choice":"agreed","floor":3,"damage_taken":0},{"event_name":"Living Wall","player_choice":"Forget","floor":4,"damage_taken":0},{"event_name":"The Mausoleum","player_choice":"Yes","floor":20,"damage_taken":0},{"event_name":"SensoryStone","player_choice":"Memory 3","floor":36,"damage_taken":0},{"event_name":"Winding Halls","player_choice":"Embrace Madness","floor":37,"damage_taken":0},{"event_name":"Mysterious Sphere","player_choice":"Fight","floor":39,"damage_taken":0},{"event_name":"Purifier","player_choice":"One Purge","floor":45,"damage_taken":0}],"boss_relics":[{"not_picked":["Runic Cube","Astrolabe"],"picked":"Cursed Key"},{"not_picked":["Black Blood","Tiny House"],"picked":"Pandora\u0027s Box"}],"potions_floor_spawned":[1,16,18,22,27,33,39,40,47],"seed_played":"-3885595962380025845","ascension_level":0,"is_trial":false}