{"path_per_floor":["M","M","?","?","$","R","M","E","T","E","?","?","T","M","R","B",null,"M","M","?","M","?","E","?","R","T","T","$","?","?","T","R","B",null,"M","?","?","$","M","R","$","E","T","?","?","M","M","M","R","B"],"character_chosen":"IRONCLAD","items_purchased":["Body Slam","Ornamental Fan","Block Potion","Madness"],"gold_per_floor":[118,138,138,138,41,41,52,79,153,185,185,135,158,168,168,272,272,291,309,309,319,319,351,276,276,276,276,29,29,29,29,29,132,132,152,252,252,202,212,212,23,57,102,0,0,13,28,43,43,43],"floor_reached":51,"campfire_rested":0,"playtime":2295,"current_hp_per_floor":[77,73,73,57,57,57,56,40,50,32,90,90,90,76,76,48,82,87,66,66,57,57,59,59,59,59,59,59,59,59,59,59,35,81,83,83,83,83,89,89,89,94,94,94,94,100,108,114,114,82],"items_purged":["Strike_R","Strike_R"],"gold":43,"score":1211,"play_id":"8c2d3f14-2602-4d97-b241-335fef37d65c","local_time":"20180408232827","is_prod":false,"is_daily":false,"is_ascension_mode":true,"campfire_upgraded":3,"timestamp":1523244507,"path_taken":["M","?","?","?","$","R","M","E","T","E","?","?","?","M","R","BOSS","M","M","?","M","?","E","?","R","T","?","$","?","?","?","R","BOSS","M","?","?","$","M","R","$","E","T","?","?","M","M","M","R","BOSS"],"build_version":"2018-04-05v2","purchased_purges":2,"victory":true,"master_deck":["Strike_R","Defend_R","Defend_R","Defend_R+1","Bash+1","AscendersBane","Thunderclap+1","Body Slam+1","Shrug It Off+1","Feed","Offering","Body Slam+1","Shrug It Off+1","Exhume","Shrug It Off+1","Madness"],"max_hp_per_floor":[80,80,80,80,80,80,80,80,90,90,90,90,90,93,93,93,93,96,96,96,96,96,96,96,96,96,96,96,96,96,96,96,96,96,96,96,96,96,102,102,102,105,105,105,105,105,108,114,114,114],"relics":["Black Blood","Champion Belt","Pear","Juzu Bracelet","Pen Nib","Philosopher\u0027s Stone","Centennial Puzzle","Omamori","Calipers","Girya","Ornamental Fan","Regal Pillow","Blue Candle","Bronze Scales","Red Mask"],"card_choices":[{"not_picked":["Metallicize","Armaments"],"picked":"Thunderclap","floor":1},{"not_picked":["Ghostly Armor","Sword Boomerang"],"picked":"Shrug It Off","floor":7},{"not_picked":["Sword Boomerang","Wild Strike"],"picked":"Feed","floor":8},{"not_picked":["Berserk","Bludgeon"],"picked":"Offering","floor":16},{"not_picked":["Searing Blow","Flex"],"picked":"Body Slam","floor":19},{"not_picked":["Havoc","Carnage"],"picked":"Shrug It Off","floor":21},{"not_picked":["Brutality","Dark Embrace"],"picked":"Exhume","floor":33},{"not_picked":["Sword Boomerang","Thunderclap"],"picked":"Shrug It Off","floor":35}],"player_experience":228673,"potions_floor_usage":[8,18,23,33,33,33,50,50],"damage_taken":[{"damage":1,"enemies":"Cultist","floor":1,"turns":3},{"damage":10,"enemies":"Small Slimes","floor":2,"turns":3},{"damage":7,"enemies":"2 Louse","floor":7,"turns":2},{"damage":22,"enemies":"Lagavulin","floor":8,"turns":7},{"damage":24,"enemies":"Gremlin Nob","floor":10,"turns":5},{"damage":23,"enemies":"Large Slime","floor":14,"turns":5},{"damage":34,"enemies":"The Guardian","floor":16,"turns":11},{"damage":4,"enemies":"Chosen","floor":18,"turns":4},{"damage":27,"enemies":"Spheric Guardian","floor":19,"turns":4},{"damage":15,"enemies":"Snecko","floor":21,"turns":6},{"damage":4,"enemies":"Book of Stabbing","floor":23,"turns":2},{"damage":30,"enemies":"Collector","floor":33,"turns":7},{"damage":8,"enemies":"3 Darklings","floor":35,"turns":3},{"damage":10,"enemies":"3 Shapes","floor":39,"turns":5},{"damage":8,"enemies":"Giant Head","floor":42,"turns":6},{"damage":4,"enemies":"3 Darklings","floor":46,"turns":3},{"damage":4,"enemies":"Maw","floor":47,"turns":7},{"damage":4,"enemies":"Sphere and 2 Shapes","floor":48,"turns":6},{"damage":42,"enemies":"Donu and Deca","floor":50,"turns":9}],"event_choices":[{"event_name":"Bonfire Elementals","player_choice":"BASIC","floor":3,"damage_taken":0},{"event_name":"Shining Light","player_choice":"Entered Light","floor":4,"damage_taken":0},{"event_name":"Wheel of Change","player_choice":"Full Heal","floor":11,"damage_taken":0},{"event_name":"The Cleric","player_choice":"Card Removal","floor":12,"damage_taken":0},{"event_name":"The Mausoleum","player_choice":"Yes","floor":20,"damage_taken":0},{"event_name":"The Lab","player_choice":"Got Potions","floor":22,"damage_taken":0},{"event_name":"Beggar","player_choice":"Gave Gold","floor":24,"damage_taken":0},{"event_name":"Upgrade Shrine","player_choice":"Upgraded","floor":29,"damage_taken":0},{"event_name":"Addict","player_choice":"Ignored","floor":30,"damage_taken":0},{"event_name":"Golden Shrine","player_choice":"Pray","floor":36,"damage_taken":0},{"event_name":"SecretPortal","player_choice":"Rejected Portal.","floor":37,"damage_taken":0},{"event_name":"Tomb of Lord Red Mask","player_choice":"Paid","floor":44,"damage_taken":0},{"event_name":"Mysterious Sphere","player_choice":"Ignore","floor":45,"damage_taken":0}],"boss_relics":[{"not_picked":["Runic Cube","Ectoplasm"],"picked":"Philosopher\u0027s Stone"},{"not_picked":["Black Star","Pandora\u0027s Box"],"picked":"Black Blood"}],"potions_floor_spawned":[2,10,16,23,33,39,47],"seed_played":"-4566042628019138702","ascension_level":10,"is_trial":false}