{"path_per_floor":["M","?","?","$","M","E","?","M","T","?","T","R","E","$","R","B",null,"M","?","?","T","M","R","M","M","T","R","M"],"character_chosen":"IRONCLAD","items_purchased":["Barricade","Body Slam","True Grit"],"gold_per_floor":[114,114,114,46,60,95,95,119,146,221,221,221,252,80,80,200,200,220,220,220,276,186,186,199,222,222,222,240,240],"floor_reached":29,"campfire_rested":2,"playtime":1339,"current_hp_per_floor":[78,58,58,58,64,70,70,71,71,60,60,60,28,28,67,54,75,31,31,31,31,28,28,21,11,11,53,53,0],"items_purged":["Strike_R"],"gold":240,"score":394,"play_id":"3a874283-ee51-4cf1-9b3c-5166f3be234c","local_time":"20180411195917","is_prod":false,"is_daily":false,"is_ascension_mode":true,"campfire_upgraded":2,"timestamp":1523491157,"path_taken":["M","?","?","$","M","E","?","?","T","?","?","R","E","$","R","BOSS","M","?","?","?","M","R","M","M","T","R","M","E"],"build_version":"2018-04-05v2","purchased_purges":1,"victory":false,"master_deck":["Strike_R","Strike_R","Strike_R","Strike_R","Defend_R","Defend_R","Defend_R","Defend_R","Bash","AscendersBane","Ghostly Armor+1","Barricade+1","Second Wind","Cleave","Entrench+1","Body Slam","True Grit","Impervious"],"max_hp_per_floor":[80,80,80,80,80,80,80,82,82,82,82,82,82,82,82,82,82,84,84,84,84,86,86,88,90,90,90,92,92],"relics":["Burning Blood","NeowsBlessing","Golden Idol","Bag of Marbles","Singing Bowl","Regal Pillow","Question Card","Matryoshka","Lizard Tail","Tiny Chest","Anchor","Juzu Bracelet","Prayer Wheel"],"card_choices":[{"not_picked":["Anger","Hemokinesis"],"picked":"Ghostly Armor","floor":1},{"not_picked":["Clothesline","Immolate"],"picked":"Second Wind","floor":5},{"not_picked":["Evolve","Dropkick"],"picked":"Cleave","floor":6},{"not_picked":["Perfected Strike","Anger","Bloodletting"],"picked":"Entrench","floor":13},{"not_picked":["Feed","Dark Embrace","Demon Form"],"picked":"Impervious","floor":16}],"player_experience":299511,"potions_floor_usage":[18,18,18,25,25,25],"damage_taken":[{"damage":0,"enemies":"Small Slimes","floor":1,"turns":1},{"damage":0,"enemies":"Jaw Worm","floor":5,"turns":1},{"damage":0,"enemies":"Gremlin Nob","floor":6,"turns":1},{"damage":7,"enemies":"Cultist","floor":8,"turns":5},{"damage":38,"enemies":"Lagavulin","floor":13,"turns":8},{"damage":19,"enemies":"Hexaghost","floor":16,"turns":15},{"damage":52,"enemies":"Shell Parasite","floor":18,"turns":22},{"damage":11,"enemies":"2 Thieves","floor":22,"turns":5},{"damage":15,"enemies":"Snecko","floor":24,"turns":11},{"damage":30,"enemies":"Slaver and Parasite","floor":25,"turns":10},{"damage":63,"enemies":"Chosen and Byrds","floor":28,"turns":15},{"damage":56,"enemies":"Slavers","floor":29,"turns":6}],"event_choices":[{"event_name":"Golden Idol","player_choice":"Take Damage","floor":2,"damage_taken":0},{"event_name":"Upgrade Shrine","player_choice":"Upgraded","floor":3,"damage_taken":0},{"event_name":"Dead Adventurer","player_choice":"Searched \u00272\u0027 times","floor":7,"damage_taken":0},{"event_name":"World of Goop","player_choice":"Gather Gold","floor":10,"damage_taken":0},{"event_name":"The Lab","player_choice":"Got Potions","floor":19,"damage_taken":0},{"event_name":"The Mausoleum","player_choice":"No","floor":20,"damage_taken":0}],"boss_relics":[{"not_picked":["White Beast Statue","Black Blood"],"picked":"Lizard Tail"}],"potions_floor_spawned":[1,5,8,18,24],"seed_played":"5235381316442457672","killed_by":"Slavers","ascension_level":11,"is_trial":false}