{"path_per_floor":["M","M","?","?","M","$","M","M","T","E","M","E","M","E","R"],"character_chosen":"IRONCLAD","items_purchased":[],"gold_per_floor":[113,127,127,127,142,142,162,176,203,246,259,299,319,350,350,350],"floor_reached":16,"campfire_rested":0,"playtime":707,"current_hp_per_floor":[80,80,68,48,51,51,49,55,55,33,40,27,32,38,38,0],"items_purged":[],"gold":350,"score":149,"play_id":"ea65e153-c358-46f6-bb70-51cc39f59887","local_time":"20180410215831","is_prod":false,"is_daily":false,"is_ascension_mode":false,"campfire_upgraded":1,"timestamp":1523411911,"path_taken":["M","M","?","?","M","$","?","M","T","E","M","E","M","E","R","BOSS"],"build_version":"2018-04-05v2","purchased_purges":1,"victory":false,"master_deck":["Strike_R","Strike_R","Strike_R","Strike_R","Strike_R","Defend_R","Defend_R","Defend_R","Defend_R","Bash","Entrench+1","Clash","Feed","Clash","Clash","Shrug It Off","Shrug It Off"],"max_hp_per_floor":[80,80,80,80,80,80,80,80,80,80,83,86,89,89,89,89],"relics":["Burning Blood","Darkstone Periapt","Golden Idol","Ancient Bracer","Happy Flower","Bag of Preparation","Question Card"],"card_choices":[{"not_picked":["Anger","Clothesline"],"picked":"Entrench","floor":0},{"not_picked":["Infernal Blade","Warcry"],"picked":"Clash","floor":1},{"not_picked":["Wild Strike","Metallicize"],"picked":"Feed","floor":8},{"not_picked":["Perfected Strike","Power Through"],"picked":"Clash","floor":10},{"not_picked":["Twin Strike","Carnage"],"picked":"Clash","floor":12},{"not_picked":["Battle Trance","Combust"],"picked":"Shrug It Off","floor":13},{"not_picked":["Iron Wave","Blood for Blood"],"picked":"Shrug It Off","floor":14}],"player_experience":279181,"potions_floor_usage":[8,12,14],"damage_taken":[{"damage":0,"enemies":"Small Slimes","floor":1,"turns":3},{"damage":0,"enemies":"2 Louse","floor":2,"turns":3},{"damage":3,"enemies":"Jaw Worm","floor":5,"turns":4},{"damage":8,"enemies":"Large Slime","floor":7,"turns":8},{"damage":0,"enemies":"2 Fungi Beasts","floor":8,"turns":3},{"damage":28,"enemies":"Gremlin Nob","floor":10,"turns":5},{"damage":2,"enemies":"Exordium Wildlife","floor":11,"turns":3},{"damage":22,"enemies":"3 Sentries","floor":12,"turns":8},{"damage":4,"enemies":"Large Slime","floor":13,"turns":5},{"damage":0,"enemies":"Lagavulin","floor":14,"turns":5},{"damage":41,"enemies":"Slime Boss","floor":16,"turns":7}],"event_choices":[{"event_name":"Scrap Ooze","player_choice":"success","floor":3,"damage_taken":12},{"event_name":"Golden Idol","player_choice":"Take Damage","floor":4,"damage_taken":0}],"boss_relics":[],"potions_floor_spawned":[1,5,11,13],"seed_played":"-8912164001063095291","killed_by":"Slime Boss","ascension_level":0,"is_trial":false}