{"path_per_floor":["M","M","M","M","?","R","E","?","T","?","M","E","M","$","R","B",null,"M","?","?","M","M","E","M","E","T","M","E","M","R","$","R","B",null,"M","?","M","M","?","R","M","$","T","E","?","M","M","?","R"],"character_chosen":"IRONCLAD","items_purchased":["War Paint","Pen Nib","Toy Ornithopter"],"gold_per_floor":[116,132,147,160,160,160,191,191,218,218,235,267,284,56,56,156,156,175,175,175,188,201,229,242,275,275,291,322,342,342,94,94,194,194,212,212,230,243,243,243,258,61,139,168,168,181,192,192,192,192],"floor_reached":50,"campfire_rested":0,"playtime":2907,"current_hp_per_floor":[74,73,73,66,66,72,65,49,49,54,56,43,40,40,46,35,85,82,82,82,84,84,85,82,61,61,61,60,58,66,66,74,25,85,75,75,62,46,46,56,13,13,13,15,74,73,64,64,74,0],"items_purged":["Strike_R","Strike_R"],"gold":192,"score":596,"play_id":"d3bf953c-f9d7-4568-82c7-a9289f071224","local_time":"20180410230350","is_prod":false,"is_daily":false,"is_ascension_mode":false,"campfire_upgraded":6,"timestamp":1523415830,"path_taken":["M","?","M","M","?","R","E","?","T","?","M","E","M","?","R","BOSS","M","?","?","?","M","E","M","E","T","M","E","?","R","$","R","BOSS","M","?","?","M","?","R","M","?","T","E","?","M","M","?","R","BOSS"],"build_version":"2018-04-05v2","purchased_purges":3,"victory":false,"master_deck":["Strike_R","Strike_R+1","Defend_R+1","Defend_R+1","Defend_R","Defend_R","Bash+1","Cleave","Sword Boomerang","Clash","Body Slam+1","Finesse","Rage","Entrench+1","Body Slam+1","Juggernaut","Ghostly Armor+1","Dual Wield+1","Shrug It Off+1","Parasite","Shrug It Off","Dual Wield+1","Barricade+1","Entrench+1","Finesse","Regret"],"max_hp_per_floor":[80,80,80,80,80,80,80,80,80,85,85,85,85,85,85,85,85,85,85,85,85,85,85,85,85,85,85,85,85,85,85,85,85,85,85,85,85,85,85,85,85,85,85,85,74,74,74,74,74,74],"relics":["Eternal Feather","Blood Vial","Regal Pillow","Thread and Needle","War Paint","Cursed Key","Orichalcum","Art of War","Mirror","Charon\u0027s Ashes","Pen Nib","Mark of Pain","Toy Ornithopter","Mercury Hourglass","Bird Faced Urn"],"card_choices":[{"not_picked":["Seeing Red","Clothesline"],"picked":"Cleave","floor":1},{"not_picked":["Wild Strike","Headbutt"],"picked":"Sword Boomerang","floor":2},{"not_picked":["Power Through","Clothesline"],"picked":"Clash","floor":3},{"not_picked":["Dark Embrace","Pummel"],"picked":"Body Slam","floor":4},{"not_picked":["Twin Strike","Cleave"],"picked":"Rage","floor":7},{"not_picked":["Pommel Strike","Thunderclap"],"picked":"Entrench","floor":12},{"not_picked":["Havoc","Flex"],"picked":"Body Slam","floor":13},{"not_picked":["Berserk","Limit Break"],"picked":"Juggernaut","floor":16},{"not_picked":["Life Link","Rage"],"picked":"Dual Wield","floor":21},{"not_picked":["Flex","Sever Soul"],"picked":"Shrug It Off","floor":22},{"not_picked":["Evolve","Intimidate"],"picked":"Shrug It Off","floor":28},{"not_picked":["Burning Pact","Body Slam"],"picked":"Dual Wield","floor":29},{"not_picked":["Fiend Fire","Dark Embrace"],"picked":"Barricade","floor":33},{"not_picked":["Ghostly Armor","Headbutt"],"picked":"Entrench","floor":38},{"not_picked":["Madness","Mind Blast"],"picked":"Finesse","floor":39}],"player_experience":280741,"potions_floor_usage":[21,23,23,25,37,44,44,50],"damage_taken":[{"damage":6,"enemies":"Cultist","floor":1,"turns":3},{"damage":1,"enemies":"2 Louse","floor":2,"turns":2},{"damage":0,"enemies":"Small Slimes","floor":3,"turns":3},{"damage":7,"enemies":"Blue Slaver","floor":4,"turns":2},{"damage":7,"enemies":"3 Sentries","floor":7,"turns":8},{"damage":0,"enemies":"Large Slime","floor":11,"turns":4},{"damage":15,"enemies":"Gremlin Nob","floor":12,"turns":4},{"damage":5,"enemies":"Looter","floor":13,"turns":3},{"damage":13,"enemies":"Slime Boss","floor":16,"turns":10},{"damage":3,"enemies":"Shell Parasite","floor":18,"turns":5},{"damage":0,"enemies":"3 Byrds","floor":21,"turns":6},{"damage":1,"enemies":"3 Cultists","floor":22,"turns":6},{"damage":0,"enemies":"Book of Stabbing","floor":23,"turns":4},{"damage":3,"enemies":"Centurion and Healer","floor":24,"turns":4},{"damage":23,"enemies":"Gremlin Leader","floor":25,"turns":8},{"damage":2,"enemies":"Snecko","floor":27,"turns":8},{"damage":3,"enemies":"Slavers","floor":28,"turns":6},{"damage":4,"enemies":"Cultist and Chosen","floor":29,"turns":5},{"damage":51,"enemies":"Automaton","floor":33,"turns":11},{"damage":10,"enemies":"3 Darklings","floor":35,"turns":6},{"damage":15,"enemies":"Orb Walker","floor":37,"turns":5},{"damage":18,"enemies":"3 Darklings","floor":38,"turns":5},{"damage":45,"enemies":"Sphere and 2 Shapes","floor":41,"turns":9},{"damage":6,"enemies":"Nemesis","floor":44,"turns":9},{"damage":2,"enemies":"Maw","floor":46,"turns":9},{"damage":12,"enemies":"3 Darklings","floor":47,"turns":4},{"damage":80,"enemies":"Time Eater","floor":50,"turns":9}],"event_choices":[{"event_name":"Match and Keep!","player_choice":"1 cards matched","floor":5,"damage_taken":0},{"event_name":"Shining Light","player_choice":"Entered Light","floor":8,"damage_taken":0},{"event_name":"Big Fish","player_choice":"Donut","floor":10,"damage_taken":0},{"event_name":"Drug Dealer","player_choice":"Ignored","floor":19,"damage_taken":0},{"event_name":"The Library","player_choice":"Read","floor":20,"damage_taken":0},{"event_name":"Tomb of Lord Red Mask","player_choice":"Ignored","floor":36,"damage_taken":0},{"event_name":"SensoryStone","player_choice":"Memory 1","floor":39,"damage_taken":0},{"event_name":"The Moai Head","player_choice":"Heal","floor":45,"damage_taken":0}],"boss_relics":[{"not_picked":["Pandora\u0027s Box","Black Star"],"picked":"Cursed Key"},{"not_picked":["Orrery","Calling Bell"],"picked":"Mark of Pain"}],"potions_floor_spawned":[1,7,11,23,25,27,29,33,37,41,46,47],"seed_played":"-3614171735894209025","killed_by":"Time Eater","ascension_level":0,"is_trial":false}