{"path_per_floor":["M","?","?","?","M","R","?","R","T","?","E","$","M","M","R","B",null,"M","?","?","M","$","R"],"character_chosen":"IRONCLAD","items_purchased":["Tiny Chest","Pommel Strike"],"gold_per_floor":[117,117,117,117,132,132,132,132,186,186,220,20,40,56,56,184,184,208,208,308,326,180,180,180],"floor_reached":24,"campfire_rested":1,"playtime":1096,"current_hp_per_floor":[32,58,38,35,32,32,25,49,49,49,53,53,56,62,62,22,66,45,45,45,60,60,60,0],"items_purged":["Strike_R","Strike_R"],"gold":180,"score":288,"play_id":"a7a949f4-bc59-4540-92b7-67da6fa2688b","local_time":"20180408224120","is_prod":false,"is_daily":false,"is_ascension_mode":true,"campfire_upgraded":3,"timestamp":1523241680,"path_taken":["M","?","?","?","M","R","?","R","T","?","E","$","?","M","R","BOSS","M","?","?","?","$","R","E"],"build_version":"2018-04-05v2","purchased_purges":2,"victory":false,"master_deck":["Strike_R","Defend_R","Defend_R","Bash","AscendersBane","Feel No Pain","Warcry","Flex","True Grit+1","Warcry","Clash+1","Immolate","Rampage+1","Dropkick","Pommel Strike+1"],"max_hp_per_floor":[80,80,80,80,80,80,80,80,80,80,80,80,80,80,80,80,80,80,80,80,80,80,80,80],"relics":["Burning Blood","Golden Idol","Bag of Marbles","Dream Catcher","Ancient Tea Set","Tiny Chest","Mark of Pain"],"card_choices":[{"not_picked":["Warcry","Burning Pact"],"picked":"Flex","floor":1.0},{"not_picked":["Pommel Strike","Clothesline"],"picked":"True Grit","floor":5},{"not_picked":["Body Slam","Rage"],"picked":"Warcry","floor":11},{"not_picked":["Bloodletting","Iron Wave"],"picked":"Clash","floor":13},{"not_picked":["Reaper","Bludgeon"],"picked":"Immolate","floor":16},{"not_picked":["Wild Strike","Heavy Blade"],"picked":"Rampage","floor":18},{"not_picked":["Cleave","True Grit"],"picked":"Dropkick","floor":21}],"player_experience":227117,"potions_floor_usage":[11,16,21,24,24,24],"damage_taken":[{"damage":10.0,"enemies":"Small Slimes","floor":1.0,"turns":4.0},{"damage":9.0,"enemies":"2 Louse","floor":5.0,"turns":3.0},{"damage":2,"enemies":"3 Sentries","floor":11,"turns":12},{"damage":3,"enemies":"Blue Slaver","floor":13,"turns":4},{"damage":0,"enemies":"Large Slime","floor":14,"turns":5},{"damage":46,"enemies":"The Guardian","floor":16,"turns":11},{"damage":27,"enemies":"2 Thieves","floor":18,"turns":4},{"damage":6,"enemies":"3 Byrds","floor":21,"turns":6},{"damage":74,"enemies":"Book of Stabbing","floor":24,"turns":5}],"event_choices":[{"event_name":"Big Fish","player_choice":"Banana","floor":2.0,"damage_taken":0.0},{"event_name":"Golden Idol","player_choice":"Take Damage","floor":3.0,"damage_taken":0.0},{"event_name":"Scrap Ooze","player_choice":"success","floor":4.0,"damage_taken":3.0},{"event_name":"Golden Wing","player_choice":"Card Removal","floor":7,"damage_taken":0},{"event_name":"Living Wall","player_choice":"Forget","floor":10,"damage_taken":0},{"event_name":"The Lab","player_choice":"Got Potions","floor":19,"damage_taken":0},{"event_name":"Golden Shrine","player_choice":"Pray","floor":20,"damage_taken":0}],"boss_relics":[{"not_picked":["Lizard Tail","White Beast Statue"],"picked":"Mark of Pain"}],"potions_floor_spawned":[5,11,13,21],"seed_played":"963064830007172635","killed_by":"Book of Stabbing","ascension_level":10,"is_trial":false}