{"path_per_floor":["M","?","?","$","M","E","M","M","T","R","E","R","M","E","R","B",null,"M","$","?","?","?","E","M","M","T","M","M","R","M","E","R","B",null,"M","$","M","M","M","R","E","M","T","$","M","M","M","M","R","B"],"character_chosen":"IRONCLAD","items_purchased":["Matryoshka","Champion Belt","Perfected Strike","Ancient Tea Set"],"gold_per_floor":[119,69,69,69,86,115,128,142,142,142,176,176,194,219,219,321,321,336,1,1,31,131,187,202,218,218,235,247,247,264,293,293,394,394,414,116,130,141,158,158,191,201,201,21,39,53,66,79,79,79],"floor_reached":51,"campfire_rested":3,"playtime":1621,"current_hp_per_floor":[72,72,74,74,80,62,56,59,59,59,45,45,51,39,64,58,86,83,83,83,72,72,40,50,24,24,19,29,54,55,37,62,36,86,86,86,86,86,86,86,93,93,93,93,93,87,93,93,93,38],"items_purged":["Defend_R"],"gold":79,"score":874,"play_id":"f9efe954-28f7-40c1-9878-e485d8cc5cd1","local_time":"20180417105250","is_prod":false,"is_daily":false,"chose_seed":false,"is_ascension_mode":true,"campfire_upgraded":4,"timestamp":1523976770,"path_taken":["M","?","?","$","M","E","M","?","T","R","E","R","M","E","R","BOSS","M","$","?","?","?","E","M","M","T","M","M","R","?","E","R","BOSS","M","$","M","M","M","R","E","?","T","$","M","M","M","M","R","BOSS"],"build_version":"2018-04-13","seed_source_timestamp":78534492772,"purchased_purges":2,"victory":true,"master_deck":["Strike_R","Strike_R","Strike_R","Strike_R","Strike_R","Bash","Perfected Strike+1","Flex","Perfected Strike+1","Pommel Strike","Twin Strike","Double Tap+1","Pommel Strike","Twin Strike","Thunderclap","Reaper","Pommel Strike","Shrug It Off+1","Shockwave+1","Perfected Strike+1","Perfected Strike+1","Perfected Strike+1"],"max_hp_per_floor":[72,72,86,86,86,86,86,86,86,86,86,86,86,86,86,86,86,86,86,86,86,86,86,86,86,86,86,86,86,86,86,86,86,86,86,86,86,86,86,86,93,93,93,93,93,93,93,93,93,93],"relics":["Black Blood","Mango","Happy Flower","Toxic Egg 2","Frozen Egg 2","Dream Catcher","Matryoshka","Red Mask","Tiny Chest","Art of War","Bag of Marbles","Dodecahedron","Sozu","Champion Belt","Strawberry","Bag of Preparation","Charon\u0027s Ashes","Ancient Tea Set"],"card_choices":[{"not_picked":["Disarm","Twin Strike"],"picked":"Perfected Strike","floor":1},{"not_picked":["Feel No Pain","Warcry"],"picked":"Flex","floor":5},{"not_picked":["True Grit","Headbutt"],"picked":"Perfected Strike","floor":7},{"not_picked":["Sentinel","Thunderclap"],"picked":"Pommel Strike","floor":11},{"not_picked":["Body Slam","Dual Wield"],"picked":"Twin Strike","floor":15},{"not_picked":["Bludgeon","Exhume"],"picked":"Double Tap","floor":16},{"not_picked":["Havoc","Ghostly Armor"],"picked":"Pommel Strike","floor":18},{"not_picked":["Impervious","Headbutt"],"picked":"Twin Strike","floor":25},{"not_picked":["Burning Pact","Sever Soul"],"picked":"Thunderclap","floor":28},{"not_picked":["Headbutt","Shockwave"],"picked":"Reaper","floor":30},{"not_picked":["Flame Barrier","Flex"],"picked":"Pommel Strike","floor":31},{"not_picked":["Body Slam","Spot Weakness"],"picked":"Shrug It Off","floor":32},{"not_picked":["True Grit","Headbutt"],"picked":"Shockwave","floor":35},{"not_picked":["Havoc","True Grit"],"picked":"Perfected Strike","floor":37},{"not_picked":["Body Slam","Bludgeon"],"picked":"Perfected Strike","floor":39}],"player_experience":39682,"potions_floor_usage":[8,11,14,30,33,39,50],"damage_taken":[{"damage":6,"enemies":"Cultist","floor":1,"turns":3},{"damage":0,"enemies":"Small Slimes","floor":5,"turns":3},{"damage":24,"enemies":"Gremlin Nob","floor":6,"turns":4},{"damage":12,"enemies":"Jaw Worm","floor":7,"turns":2},{"damage":3,"enemies":"2 Fungi Beasts","floor":8,"turns":3},{"damage":20,"enemies":"Lagavulin","floor":11,"turns":3},{"damage":0,"enemies":"Exordium Thugs","floor":13,"turns":2},{"damage":18,"enemies":"3 Sentries","floor":14,"turns":4},{"damage":12,"enemies":"Slime Boss","floor":16,"turns":6},{"damage":13,"enemies":"3 Byrds","floor":18,"turns":5},{"damage":21,"enemies":"Masked Bandits","floor":21,"turns":3},{"damage":42,"enemies":"Gremlin Leader","floor":23,"turns":3},{"damage":0,"enemies":"Chosen","floor":24,"turns":2},{"damage":36,"enemies":"3 Cultists","floor":25,"turns":5},{"damage":15,"enemies":"Centurion and Healer","floor":27,"turns":3},{"damage":0,"enemies":"Snecko","floor":28,"turns":2},{"damage":9,"enemies":"Slaver and Parasite","floor":30,"turns":3},{"damage":34,"enemies":"Book of Stabbing","floor":31,"turns":3},{"damage":36,"enemies":"Collector","floor":33,"turns":5},{"damage":0,"enemies":"Orb Walker","floor":35,"turns":2},{"damage":0,"enemies":"Flame Bruiser 1 Orb","floor":37,"turns":2},{"damage":0,"enemies":"Sphere and 2 Shapes","floor":38,"turns":2},{"damage":0,"enemies":"Spire Growth","floor":39,"turns":3},{"damage":8,"enemies":"2 Orb Walkers","floor":41,"turns":2},{"damage":0,"enemies":"3 Darklings","floor":42,"turns":2},{"damage":0,"enemies":"Sphere and 2 Shapes","floor":45,"turns":2},{"damage":16,"enemies":"4 Shapes","floor":46,"turns":4},{"damage":0,"enemies":"Spire Growth","floor":47,"turns":2},{"damage":0,"enemies":"3 Darklings","floor":48,"turns":2},{"damage":77,"enemies":"Awakened One","floor":50,"turns":6}],"event_choices":[{"event_name":"The Cleric","player_choice":"Card Removal","floor":2,"damage_taken":0},{"event_name":"Scrap Ooze","player_choice":"success","floor":3,"damage_taken":12},{"event_name":"Drug Dealer","player_choice":"Ignored","floor":20,"damage_taken":0},{"event_name":"Masked Bandits","player_choice":"Fought over 1 gold","floor":21,"damage_taken":0},{"event_name":"Golden Shrine","player_choice":"Pray","floor":22,"damage_taken":0}],"boss_relics":[{"not_picked":["Astrolabe","Runic Pyramid"],"picked":"Black Blood"},{"not_picked":["Philosopher\u0027s Stone","Mark of Pain"],"picked":"Sozu"}],"potions_floor_spawned":[7,8,13,14,23,24,27,31,33,41,42,46,48],"seed_played":"1754044467153787594","ascension_level":3,"is_trial":false}