{"path_per_floor":["M","M","T","M","?","E","M","R","T","R","M","$","E","?","R","B",null,"M","M","$","?","?","R","E","R","T","R","?","$","M","M","R"],"character_chosen":"IRONCLAD","items_purchased":["Juzu Bracelet","Rage","Shrug It Off","Pen Nib"],"gold_per_floor":[110,123,198,210,310,343,358,358,358,358,372,95,126,126,126,223,223,235,251,171,171,86,86,118,118,144,144,144,26,43,62,62,62],"floor_reached":33,"campfire_rested":0,"playtime":1194,"current_hp_per_floor":[80,80,80,80,80,50,44,44,44,44,50,50,49,49,49,24,80,80,80,80,65,65,65,47,47,47,47,47,47,56,62,62,0],"items_purged":["Strike_R","Strike_R"],"gold":62,"score":273,"play_id":"d0946ba4-6173-44a8-8863-9834df214cd4","local_time":"20180413211401","is_prod":false,"is_daily":false,"chose_seed":false,"is_ascension_mode":false,"campfire_upgraded":7,"timestamp":1523668441,"path_taken":["M","M","?","M","?","E","?","R","T","R","M","$","E","?","R","BOSS","M","M","$","?","?","R","E","R","T","R","?","$","M","M","R","BOSS"],"build_version":"2018-04-12","seed_source_timestamp":378377232717088,"purchased_purges":2,"victory":false,"master_deck":["Strike_R","Strike_R","Strike_R","Defend_R","Defend_R","Defend_R","Defend_R","Bash+1","Clash","Intimidate+1","Twin Strike","Clash","Searing Blow+5","Rage","Shrug It Off","Clash","Shrug It Off","Headbutt","Armaments+1"],"max_hp_per_floor":[80,80,80,80,80,80,80,80,80,80,80,80,80,80,80,80,80,80,80,80,85,85,85,85,85,85,85,85,85,85,85,85,85],"relics":["Black Blood","The Courier","Lantern","Centennial Puzzle","Juzu Bracelet","Charon\u0027s Ashes","Kunai","Ancient Tea Set","Prayer Wheel","Pen Nib"],"card_choices":[{"not_picked":["Searing Blow","Flex"],"picked":"Clash","floor":1},{"not_picked":["Clothesline","Thunderclap"],"picked":"Intimidate","floor":2},{"not_picked":["Clothesline","Warcry"],"picked":"Twin Strike","floor":4},{"not_picked":["Berserk","Twin Strike"],"picked":"Clash","floor":6},{"not_picked":["Cleave","Perfected Strike"],"picked":"Searing Blow","floor":11},{"not_picked":["Body Slam","Warcry"],"picked":"Clash","floor":13},{"not_picked":["Armaments","Hemokinesis"],"picked":"Shrug It Off","floor":24},{"not_picked":["True Grit","Battle Trance"],"picked":"Headbutt","floor":30},{"not_picked":["Feel No Pain","Flex"],"picked":"Armaments","floor":31}],"player_experience":354562,"potions_floor_usage":[24,33,33,33],"damage_taken":[{"damage":5,"enemies":"Cultist","floor":1,"turns":4},{"damage":5,"enemies":"Small Slimes","floor":2,"turns":3},{"damage":6,"enemies":"Jaw Worm","floor":4,"turns":3},{"damage":36,"enemies":"Lagavulin","floor":6,"turns":8},{"damage":12,"enemies":"Exordium Thugs","floor":7,"turns":5},{"damage":0,"enemies":"3 Louse","floor":11,"turns":2},{"damage":7,"enemies":"Gremlin Nob","floor":13,"turns":3},{"damage":31,"enemies":"The Guardian","floor":16,"turns":11},{"damage":0,"enemies":"3 Byrds","floor":18,"turns":5},{"damage":8,"enemies":"Shell Parasite","floor":19,"turns":4},{"damage":28,"enemies":"Book of Stabbing","floor":24,"turns":5},{"damage":1,"enemies":"Centurion and Healer","floor":30,"turns":6},{"damage":4,"enemies":"3 Cultists","floor":31,"turns":4},{"damage":67,"enemies":"Automaton","floor":33,"turns":8}],"event_choices":[{"event_name":"Wheel of Change","player_choice":"Gold","floor":5,"damage_taken":0},{"event_name":"Living Wall","player_choice":"Grow","floor":14,"damage_taken":0},{"event_name":"Forgotten Altar","player_choice":"Shed Blood","floor":21,"damage_taken":0},{"event_name":"Addict","player_choice":"Obtained Relic","floor":22,"damage_taken":0},{"event_name":"Vampires","player_choice":"Ignored","floor":28,"damage_taken":0}],"boss_relics":[{"not_picked":["Orrery","Runic Cube"],"picked":"Black Blood"}],"potions_floor_spawned":[2,6,13,16,19,30,31],"seed_played":"81991517440812114","killed_by":"Automaton","ascension_level":0,"is_trial":false}