{"path_per_floor":["M","M","$","M","$","R","E","?","T","E","R","T","R","?","R","B",null,"M","?","$","M","M","R","M","R","T","R","?","M","$","M","R","B",null,"M","M","?","?","M","R","?","R","T","R","M","M","T","M","R","B"],"character_chosen":"IRONCLAD","items_purchased":["Offering","Lantern","Singing Bowl"],"gold_per_floor":[368,379,161,177,77,77,109,170,170,205,205,231,231,231,231,333,333,344,344,47,64,75,75,85,85,153,153,153,169,44,59,59,155,155,173,183,183,0,19,19,19,19,19,19,34,50,50,66,66,66],"floor_reached":51,"campfire_rested":1,"playtime":1597,"current_hp_per_floor":[72,72,72,67,67,67,52,37,37,17,17,17,17,14,35,18,72,72,72,72,74,76,76,78,78,78,78,78,80,80,75,75,70,84,78,79,71,71,70,70,70,70,70,70,76,84,84,88,88,22],"items_purged":["Defend_R","Defend_R","Strike_R"],"gold":66,"score":831,"play_id":"8dfc3780-147b-47df-a425-cc9a61ef57cc","local_time":"20180417112007","is_prod":false,"is_daily":false,"chose_seed":false,"is_ascension_mode":true,"campfire_upgraded":11,"timestamp":1523978407,"path_taken":["M","M","$","M","$","R","E","?","T","E","R","?","R","?","R","BOSS","M","?","$","M","?","R","M","R","T","R","?","M","$","M","R","BOSS","M","M","?","?","M","R","?","R","T","R","M","M","?","M","R","BOSS"],"build_version":"2018-04-13","seed_source_timestamp":1746392253328,"purchased_purges":4,"victory":true,"master_deck":["Strike_R","Strike_R","Strike_R","Defend_R","Defend_R","Bash","Clash","Searing Blow+11","Offering","Clothesline","Cleave","Shrug It Off","Double Tap","Battle Trance","Finesse","Master of Strategy","Bludgeon","Shrug It Off+1"],"max_hp_per_floor":[72,72,72,72,72,72,72,72,72,72,72,72,72,72,72,72,72,72,72,72,74,76,76,78,78,78,78,78,80,80,82,82,84,84,86,88,90,90,92,92,92,92,92,92,92,94,94,96,96,96],"relics":["Burning Blood","Omamori","Red Skull","Ancient Tea Set","Frozen Egg 2","Vajra","Cursed Key","Nloth\u0027s Gift","Lantern","Singing Bowl","Pantograph","Runic Dome","Red Mask","Mercury Hourglass"],"card_choices":[{"not_picked":["Fire Breathing","Body Slam"],"picked":"Clash","floor":1},{"not_picked":["Hemokinesis","Anger"],"picked":"Searing Blow","floor":2},{"not_picked":["Shockwave","Havoc"],"picked":"Clothesline","floor":4},{"not_picked":["Perfected Strike","Havoc"],"picked":"Cleave","floor":7},{"not_picked":["Headbutt","Shockwave"],"picked":"Shrug It Off","floor":8},{"not_picked":["Limit Break","Exhume"],"picked":"Double Tap","floor":16},{"not_picked":["Havoc","Hemokinesis"],"picked":"Battle Trance","floor":18},{"not_picked":["Mind Blast","Panache"],"picked":"Finesse","floor":37},{"not_picked":["Dark Shackles","Thinking Ahead"],"picked":"Master of Strategy","floor":37},{"not_picked":["Sever Soul","Havoc"],"picked":"Shrug It Off","floor":45}],"player_experience":41303,"potions_floor_usage":[45,50,50],"damage_taken":[{"damage":6,"enemies":"Cultist","floor":1,"turns":3},{"damage":0,"enemies":"2 Louse","floor":2,"turns":2},{"damage":11,"enemies":"Jaw Worm","floor":4,"turns":2},{"damage":21,"enemies":"3 Sentries","floor":7,"turns":5},{"damage":21,"enemies":"3 Sentries","floor":8,"turns":5},{"damage":26,"enemies":"Lagavulin","floor":10,"turns":4},{"damage":23,"enemies":"Hexaghost","floor":16,"turns":5},{"damage":4,"enemies":"Spheric Guardian","floor":18,"turns":2},{"damage":4,"enemies":"Chosen","floor":21,"turns":1},{"damage":5,"enemies":"3 Cultists","floor":22,"turns":4},{"damage":4,"enemies":"Snecko","floor":24,"turns":1},{"damage":4,"enemies":"Sentry and Sphere","floor":29,"turns":2},{"damage":13,"enemies":"Chosen and Byrds","floor":31,"turns":3},{"damage":20,"enemies":"Automaton","floor":33,"turns":3},{"damage":14,"enemies":"3 Darklings","floor":35,"turns":3},{"damage":7,"enemies":"Orb Walker","floor":36,"turns":2},{"damage":9,"enemies":"Spire Growth","floor":39,"turns":2},{"damage":0,"enemies":"Sphere and 2 Shapes","floor":45,"turns":3},{"damage":0,"enemies":"4 Shapes","floor":46,"turns":4},{"damage":4,"enemies":"Spire Growth","floor":48,"turns":2},{"damage":80,"enemies":"Awakened One","floor":50,"turns":8}],"event_choices":[{"event_name":"Dead Adventurer","player_choice":"Searched \u00272\u0027 times","floor":8,"damage_taken":0},{"event_name":"Scrap Ooze","player_choice":"success","floor":14,"damage_taken":3},{"event_name":"N\u0027loth","player_choice":"Traded a Art of War","floor":19,"damage_taken":0},{"event_name":"Vampires","player_choice":"Ignored","floor":28,"damage_taken":0},{"event_name":"SensoryStone","player_choice":"Memory 3","floor":37,"damage_taken":0},{"event_name":"Tomb of Lord Red Mask","player_choice":"Paid","floor":38,"damage_taken":0},{"event_name":"Transmorgrifier","player_choice":"Transform","floor":41,"damage_taken":0}],"boss_relics":[{"not_picked":["Astrolabe","Runic Pyramid"],"picked":"Cursed Key"},{"not_picked":["Lizard Tail","Runic Cube"],"picked":"Runic Dome"}],"potions_floor_spawned":[4,7,8,16,21,22,35,39],"seed_played":"-7610328978290937765","ascension_level":4,"is_trial":false}