{"path_per_floor":["M","?","M","?","M","R","?","R","T","R","?","R","M","M","R","B",null,"M","?","$","M","$","R","?","M","T","M","?","R","?","M","R","B",null,"M","?","M","M","?","R","M","M","T","R","M","R","M","M","R","B"],"character_chosen":"IRONCLAD","items_purchased":["Matryoshka"],"gold_per_floor":[118,193,208,208,218,218,218,218,218,218,245,245,265,282,282,377,377,388,303,57,75,75,75,75,89,89,109,109,109,109,122,122,227,227,245,245,260,270,270,270,283,299,299,299,319,319,338,354,354,354],"floor_reached":51,"campfire_rested":0,"playtime":2529,"current_hp_per_floor":[72,61,67,67,56,56,56,56,56,56,58,58,61,59,59,44,65,71,71,71,69,69,69,69,55,55,48,48,48,36,36,36,36,36,36,36,36,36,36,36,36,36,36,36,39,39,43,46,46,32],"items_purged":[],"gold":354,"score":968,"play_id":"0ea4b506-283c-4d9a-b240-cabb7fda8c2e","local_time":"20180408145354","is_prod":false,"is_daily":false,"is_ascension_mode":true,"campfire_upgraded":12,"timestamp":1523213634,"path_taken":["M","?","M","?","?","R","?","R","T","R","?","R","M","M","R","BOSS","M","?","$","M","$","R","?","?","T","M","?","R","?","M","R","BOSS","M","?","M","M","?","R","M","M","T","R","M","R","M","M","R","BOSS"],"build_version":"2018-04-05v2","purchased_purges":1,"victory":true,"master_deck":["Defend_R","Defend_R","Defend_R","Bash","Corruption+1","Seeing Red","Thunderclap","Infernal Blade","Searing Blow+11","Headbutt","Armaments","Dark Embrace+1","Disarm","Writhe","Intimidate+1","Ghostly","Ghostly","Ghostly","Ghostly","Ghostly","Shrug It Off+1","Feed","Ghostly Armor+1","Battle Trance+1","Spot Weakness+1"],"max_hp_per_floor":[72,72,72,72,72,72,72,72,72,72,72,72,72,72,72,72,72,72,72,72,72,72,72,72,72,72,72,72,72,36,36,36,36,36,36,36,36,36,36,36,36,36,36,36,39,39,43,46,46,49],"relics":["Burning Blood","Toolbox","Spirit Poop","Blood Vial","Odd Mushroom","Sozu","Mummified Hand","Matryoshka","Bag of Marbles","Anchor","Ginger","Astrolabe","Happy Flower","Girya"],"card_choices":[{"not_picked":["Evolve","Pommel Strike"],"picked":"Thunderclap","floor":1},{"not_picked":["Iron Wave","Reckless Charge"],"picked":"Infernal Blade","floor":3},{"not_picked":["Warcry","Carnage"],"picked":"Searing Blow","floor":5},{"not_picked":["Anger","Ghostly Armor"],"picked":"Headbutt","floor":11},{"not_picked":["Combust","Warcry"],"picked":"Armaments","floor":13},{"not_picked":["Fiend Fire","Exhume"],"picked":"Dark Embrace","floor":16},{"not_picked":["Clothesline","Armaments"],"picked":"Disarm","floor":18},{"not_picked":["True Grit","Blood for Blood"],"picked":"Intimidate","floor":27},{"not_picked":["Sentinel","Flex"],"picked":"Shrug It Off","floor":31},{"not_picked":["Fiend Fire","Reaper"],"picked":"Feed","floor":33}],"player_experience":217196,"potions_floor_usage":[11,38],"damage_taken":[{"damage":1,"enemies":"2 Louse","floor":1,"turns":3},{"damage":0,"enemies":"Small Slimes","floor":3,"turns":3},{"damage":17,"enemies":"Jaw Worm","floor":5,"turns":4},{"damage":6,"enemies":"The Mushroom Lair","floor":11,"turns":3},{"damage":5,"enemies":"Exordium Wildlife","floor":13,"turns":2},{"damage":10,"enemies":"Gremlin Gang","floor":14,"turns":4},{"damage":23,"enemies":"The Guardian","floor":16,"turns":5},{"damage":2,"enemies":"Chosen","floor":18,"turns":4},{"damage":9,"enemies":"Spheric Guardian","floor":21,"turns":3},{"damage":22,"enemies":"Centurion and Healer","floor":25,"turns":4},{"damage":15,"enemies":"3 Cultists","floor":27,"turns":4},{"damage":4,"enemies":"Sentry and Sphere","floor":31,"turns":4},{"damage":2,"enemies":"Champ","floor":33,"turns":8},{"damage":0,"enemies":"3 Shapes","floor":35,"turns":3},{"damage":2,"enemies":"Orb Walker","floor":37,"turns":3},{"damage":4,"enemies":"Sphere and 2 Shapes","floor":38,"turns":6},{"damage":0,"enemies":"3 Darklings","floor":41,"turns":5},{"damage":0,"enemies":"Maw","floor":42,"turns":2},{"damage":2,"enemies":"4 Shapes","floor":45,"turns":4},{"damage":0,"enemies":"Sphere and 2 Shapes","floor":47,"turns":3},{"damage":1,"enemies":"Maw","floor":48,"turns":4},{"damage":23,"enemies":"Awakened One","floor":50,"turns":7}],"event_choices":[{"event_name":"World of Goop","player_choice":"Gather Gold","floor":2,"damage_taken":0},{"event_name":"Big Fish","player_choice":"Box","floor":4,"damage_taken":0},{"event_name":"Bonfire Elementals","player_choice":"CURSE","floor":7,"damage_taken":0},{"event_name":"Mushrooms","player_choice":"Fought Mushrooms","floor":11,"damage_taken":0},{"event_name":"Addict","player_choice":"Obtained Relic","floor":19,"damage_taken":0},{"event_name":"The Mausoleum","player_choice":"Yes","floor":24,"damage_taken":0},{"event_name":"Accursed Blacksmith","player_choice":"Forge","floor":28,"damage_taken":0},{"event_name":"Ghosts","player_choice":"Became a Ghost","floor":30,"damage_taken":0},{"event_name":"Mysterious Sphere","player_choice":"Ignore","floor":36,"damage_taken":0},{"event_name":"Purifier","player_choice":"One Purge","floor":39,"damage_taken":0}],"boss_relics":[{"not_picked":["Ectoplasm","Lizard Tail"],"picked":"Sozu"},{"not_picked":["Mark of Pain","Snecko Eye"],"picked":"Astrolabe"}],"potions_floor_spawned":[1,14,16,18,27,31,37,42,47],"seed_played":"-4064134289208658675","ascension_level":9,"is_trial":false}