{"path_per_floor":["M","?","?","?","M","E","$","R","T","M","E","M","E","M","R","B",null,"M","$","?","$","M","E","?","R","T","R","E","M","T","M","R","B",null,"M","$","M","$","M","E","M","E","T","?","M","$","M","M","R","B"],"character_chosen":"IRONCLAD","items_purchased":["Exhume","Whirlwind","Flex","Ginger","Shrug It Off","Pen Nib","Rupture","Happy Flower","Thinking Ahead"],"gold_per_floor":[113,113,170,170,183,213,70,70,142,152,482,498,530,546,546,649,649,662,236,236,136,154,189,189,189,189,189,215,232,313,331,331,430,430,441,396,410,181,195,226,237,270,270,325,338,16,30,41,41,41],"floor_reached":51,"campfire_rested":1,"playtime":2913,"current_hp_per_floor":[75,63,63,63,61,52,52,52,52,58,44,49,33,32,56,18,65,58,58,58,58,56,23,23,23,23,23,21,28,28,32,32,28,37,34,34,40,40,40,40,43,43,43,38,42,42,46,46,46,10],"items_purged":["Regret","Strike_R"],"gold":41,"score":1092,"play_id":"4afa6a0b-3643-4eaf-aa2e-8cd28e15640a","local_time":"20180407140923","is_prod":false,"is_daily":false,"is_ascension_mode":true,"campfire_upgraded":5,"timestamp":1523124563,"path_taken":["M","?","?","?","?","E","$","R","T","?","E","M","E","M","R","BOSS","M","$","?","?","M","E","?","R","T","R","E","?","?","?","R","BOSS","M","$","M","$","M","E","M","E","T","?","M","$","M","M","R","BOSS"],"build_version":"2018-04-05","purchased_purges":4,"victory":true,"master_deck":["Strike_R","Strike_R","Strike_R","Strike_R","Defend_R","Defend_R+1","Defend_R","Defend_R","Bash","Heavy Blade+1","Disarm+1","Spot Weakness+1","Exhume+1","Whirlwind+1","Metallicize+1","Bloodletting+1","Thunderclap","Offering+1","Shockwave+1","Flex+1","Warcry+1","Impervious+1","Ghostly+1","Ghostly+1","Ghostly+1","Ghostly+1","Ghostly+1","Warcry+1","Feed","Shrug It Off+1","Flex+1","Rupture+1","Exhume+1","Warcry+1","Warcry+1","Thinking Ahead+1"],"max_hp_per_floor":[80,80,80,80,80,80,80,80,80,80,80,80,80,80,80,80,80,80,80,80,80,80,80,40,40,40,40,40,40,40,40,40,40,40,40,40,40,40,40,40,43,43,43,46,46,46,46,46,46,46],"relics":["Burning Blood","Bag of Marbles","Toxic Egg 2","Omamori","Mummified Hand","Old Coin","Bronze Scales","White Beast Statue","Ginger","Gremlin Horn","Prayer Wheel","Magic Flower","Paper Frog","Philosopher\u0027s Stone","Pen Nib","Gambling Chip","Red Skull","Bottled Flame","Torii","Happy Flower"],"card_choices":[{"not_picked":["True Grit","Armaments"],"picked":"Heavy Blade","floor":1},{"not_picked":["Sword Boomerang","Thunderclap"],"picked":"Disarm","floor":5},{"not_picked":["Power Through","Headbutt"],"picked":"Spot Weakness","floor":6},{"not_picked":["Armaments","Combust"],"picked":"Metallicize","floor":10},{"not_picked":["Berserk","Reckless Charge"],"picked":"Bloodletting","floor":11},{"not_picked":["Pommel Strike","Iron Wave"],"picked":"Thunderclap","floor":12},{"not_picked":["Double Tap","Demon Form"],"picked":"Offering","floor":16},{"not_picked":["Sword Boomerang","Feel No Pain"],"picked":"Shockwave","floor":18},{"not_picked":["Perfected Strike","Pommel Strike"],"picked":"Warcry","floor":22},{"not_picked":["Searing Blow","Anger"],"picked":"Impervious","floor":23},{"not_picked":["Iron Wave","Sword Boomerang"],"picked":"Warcry","floor":29},{"not_picked":["Reaper","Fiend Fire"],"picked":"Feed","floor":33},{"not_picked":["Shrug It Off","Bloodletting"],"picked":"Flex","floor":37},{"not_picked":["Pommel Strike","True Grit"],"picked":"Exhume","floor":39},{"not_picked":["Shrug It Off","Pommel Strike"],"picked":"Warcry","floor":40},{"not_picked":["Armaments","Second Wind"],"picked":"Warcry","floor":42}],"player_experience":181579,"potions_floor_usage":[10,11,13,22,33,33,33,39,40,47,50,50,50],"damage_taken":[{"damage":11,"enemies":"Jaw Worm","floor":1,"turns":4},{"damage":8,"enemies":"Small Slimes","floor":5,"turns":3},{"damage":15,"enemies":"Gremlin Nob","floor":6,"turns":4},{"damage":0,"enemies":"Cultist","floor":10,"turns":2},{"damage":20,"enemies":"3 Sentries","floor":11,"turns":5},{"damage":1,"enemies":"3 Louse","floor":12,"turns":2},{"damage":22,"enemies":"Lagavulin","floor":13,"turns":9},{"damage":7,"enemies":"Exordium Wildlife","floor":14,"turns":3},{"damage":44,"enemies":"Hexaghost","floor":16,"turns":8},{"damage":13,"enemies":"3 Byrds","floor":18,"turns":3},{"damage":8,"enemies":"Spheric Guardian","floor":22,"turns":3},{"damage":39,"enemies":"Slavers","floor":23,"turns":3},{"damage":8,"enemies":"Gremlin Leader","floor":28,"turns":5},{"damage":2,"enemies":"Centurion and Healer","floor":29,"turns":6},{"damage":5,"enemies":"Snecko","floor":31,"turns":3},{"damage":13,"enemies":"Automaton","floor":33,"turns":13},{"damage":12,"enemies":"Orb Walker","floor":35,"turns":6},{"damage":0,"enemies":"3 Darklings","floor":37,"turns":3},{"damage":8,"enemies":"4 Shapes","floor":39,"turns":1},{"damage":5,"enemies":"2 Orb Walkers","floor":40,"turns":3},{"damage":1,"enemies":"Sphere and 2 Shapes","floor":41,"turns":1},{"damage":4,"enemies":"Nemesis","floor":42,"turns":7},{"damage":19,"enemies":"Mysterious Sphere","floor":44,"turns":1},{"damage":5,"enemies":"Maw","floor":45,"turns":1},{"damage":0,"enemies":"3 Darklings","floor":47,"turns":1},{"damage":1,"enemies":"4 Shapes","floor":48,"turns":1},{"damage":45,"enemies":"Awakened One","floor":50,"turns":9}],"event_choices":[{"event_name":"Scrap Ooze","player_choice":"success","floor":2,"damage_taken":12},{"event_name":"Golden Wing","player_choice":"Gained Gold","floor":3,"damage_taken":0},{"event_name":"Big Fish","player_choice":"Box","floor":4,"damage_taken":0},{"event_name":"Drug Dealer","player_choice":"Ignored","floor":20,"damage_taken":0},{"event_name":"Ghosts","player_choice":"Became a Ghost","floor":24,"damage_taken":0},{"event_name":"Mysterious Sphere","player_choice":"Fight","floor":44,"damage_taken":0}],"boss_relics":[{"not_picked":["Astrolabe","Eternal Feather"],"picked":"White Beast Statue"},{"not_picked":["Snecko Eye","Orrery"],"picked":"Philosopher\u0027s Stone"}],"potions_floor_spawned":[5,10,11,18,22,23,28,29,31,33,35,37,39,40,41,42,44,45,47,48],"seed_played":"4140604095458691168","ascension_level":5,"is_trial":false}