{"path_per_floor":["M","M","M","?","?","E","R","E","T","R","M","$","M","M","R","B",null,"M","?","M","?","M","E","M","E","T","E","M","R","E","$","R","B",null,"M","$","?","?","M","E","M","E","T","R","T","M","M","E","R","B"],"character_chosen":"IRONCLAD","items_purchased":["Torii","War Paint","Singing Bowl"],"gold_per_floor":[119,130,142,217,317,348,348,374,374,374,384,4,14,26,26,129,129,147,147,161,161,177,208,225,260,310,341,361,361,390,135,135,231,231,250,93,0,0,14,43,58,90,114,114,114,132,152,177,177,177],"floor_reached":51,"campfire_rested":0,"playtime":2530,"current_hp_per_floor":[77,80,68,57,57,31,31,28,28,28,24,24,28,32,32,37,69,63,58,58,58,42,58,64,64,71,58,61,61,59,59,59,39,65,74,74,74,66,59,52,59,76,76,79,79,77,69,81,81,28],"items_purged":["Writhe","Defend_R"],"gold":177,"score":1201,"play_id":"8643f724-2bfd-490d-9ea7-3c31995866cd","local_time":"20180408001535","is_prod":false,"is_daily":false,"is_ascension_mode":true,"campfire_upgraded":7,"timestamp":1523160935,"path_taken":["M","M","M","?","?","E","R","E","T","R","?","?","?","M","R","BOSS","M","?","M","?","M","E","M","E","T","E","M","R","E","$","R","BOSS","M","$","?","?","M","E","M","E","T","R","?","M","?","E","R","BOSS"],"build_version":"2018-04-05v2","purchased_purges":3,"victory":true,"master_deck":["Defend_R","Defend_R","Bash","Body Slam+1","Pommel Strike","Metallicize+1","Ghostly Armor+1","Evolve","Thunderclap+1","Feed","Inflame+1","Bite","Bite","Bite","Bite","Bite","Clash+1","Flex+1","Body Slam+1","Clash","Ghostly Armor+1","Regret","Dual Wield+1","Second Wind+1","Limit Break+1","Secret Technique","Dark Shackles","Flex+1","Dual Wield+1","Warcry+1","Whirlwind+1","Writhe","Writhe","Whirlwind+1","Anger+1"],"max_hp_per_floor":[80,80,80,80,80,80,80,80,80,80,80,80,80,80,80,80,80,83,58,58,58,58,61,64,64,71,71,74,74,74,74,74,74,74,74,74,74,76,76,76,76,79,79,79,79,81,81,81,81,81],"relics":["Burning Blood","Red Skull","Oddly Smooth Stone","Bottled Tornado","Du-Vu Doll","Torii","Cursed Key","Unceasing Top","Calipers","Strawberry","Bag of Marbles","Question Card","War Paint","Eternal Feather","Singing Bowl","Red Mask","Ancient Tea Set","Lantern","Vajra","Thread and Needle","Happy Flower"],"card_choices":[{"not_picked":["Flex","Disarm"],"picked":"Body Slam","floor":1},{"not_picked":["Clothesline","Sword Boomerang"],"picked":"Pommel Strike","floor":3},{"not_picked":["Wild Strike","Sentinel"],"picked":"Metallicize","floor":6},{"not_picked":["Uppercut","Blood for Blood"],"picked":"Ghostly Armor","floor":8},{"not_picked":["True Grit","Wild Strike"],"picked":"Evolve","floor":13},{"not_picked":["Carnage","Demon Form"],"picked":"Thunderclap","floor":14},{"not_picked":["Immolate","Dark Embrace"],"picked":"Feed","floor":16},{"not_picked":["Infernal Blade","Headbutt"],"picked":"Inflame","floor":18},{"not_picked":["Clothesline","Evolve"],"picked":"Clash","floor":20},{"not_picked":["Rupture","Cleave"],"picked":"Flex","floor":22},{"not_picked":["Sentinel","Fire Breathing"],"picked":"Body Slam","floor":23},{"not_picked":["Thunderclap","Searing Blow"],"picked":"Clash","floor":24},{"not_picked":["Thunderclap","Heavy Blade"],"picked":"Ghostly Armor","floor":25},{"not_picked":["Armaments","Cleave"],"picked":"Dual Wield","floor":27},{"not_picked":["Immolate","Twin Strike"],"picked":"Second Wind","floor":30},{"not_picked":["Reaper","Barricade","Fiend Fire"],"picked":"Limit Break","floor":33},{"not_picked":["Finesse","Swift Strike","Sadistic Nature"],"picked":"Secret Technique","floor":38},{"not_picked":["Secret Technique","Enlightenment","Panacea"],"picked":"Dark Shackles","floor":38},{"not_picked":["Twin Strike","Wild Strike","Havoc"],"picked":"Flex","floor":39},{"not_picked":["Iron Wave","Sentinel","Reckless Charge"],"picked":"Dual Wield","floor":40},{"not_picked":["Body Slam","Twin Strike","Burning Pact"],"picked":"Warcry","floor":41},{"not_picked":["Heavy Blade","Juggernaut","Pummel"],"picked":"Whirlwind","floor":42},{"not_picked":["Shrug It Off","True Grit","Spot Weakness"],"picked":"Whirlwind","floor":47},{"not_picked":["Blood for Blood","Immolate","Feel No Pain"],"picked":"Anger","floor":48}],"player_experience":198439,"potions_floor_usage":[8,23,23,27,30,35,35,46,50,50,50],"damage_taken":[{"damage":1,"enemies":"Cultist","floor":1,"turns":3},{"damage":1,"enemies":"2 Louse","floor":2,"turns":3},{"damage":18,"enemies":"Jaw Worm","floor":3,"turns":4},{"damage":32,"enemies":"Gremlin Nob","floor":6,"turns":4},{"damage":9,"enemies":"3 Sentries","floor":8,"turns":6},{"damage":10,"enemies":"Red Slaver","floor":11,"turns":4},{"damage":2,"enemies":"Looter","floor":13,"turns":3},{"damage":2,"enemies":"Exordium Thugs","floor":14,"turns":5},{"damage":1,"enemies":"Slime Boss","floor":16,"turns":8},{"damage":15,"enemies":"Spheric Guardian","floor":18,"turns":7},{"damage":7,"enemies":"2 Thieves","floor":20,"turns":4},{"damage":30,"enemies":"Snake Plant","floor":22,"turns":5},{"damage":1,"enemies":"Book of Stabbing","floor":23,"turns":3},{"damage":1,"enemies":"3 Cultists","floor":24,"turns":5},{"damage":13,"enemies":"Gremlin Leader","floor":25,"turns":6},{"damage":25,"enemies":"Book of Stabbing","floor":27,"turns":5},{"damage":16,"enemies":"Centurion and Healer","floor":28,"turns":5},{"damage":16,"enemies":"Gremlin Leader","floor":30,"turns":4},{"damage":38,"enemies":"Collector","floor":33,"turns":6},{"damage":2,"enemies":"3 Darklings","floor":35,"turns":3},{"damage":17,"enemies":"Orb Walker","floor":39,"turns":3},{"damage":25,"enemies":"Giant Head","floor":40,"turns":6},{"damage":1,"enemies":"3 Darklings","floor":41,"turns":2},{"damage":0,"enemies":"2 Orb Walkers","floor":42,"turns":4},{"damage":11,"enemies":"Maw","floor":46,"turns":5},{"damage":18,"enemies":"4 Shapes","floor":47,"turns":3},{"damage":2,"enemies":"Giant Head","floor":48,"turns":5},{"damage":71,"enemies":"Awakened One","floor":50,"turns":9}],"event_choices":[{"event_name":"World of Goop","player_choice":"Gather Gold","floor":4,"damage_taken":0},{"event_name":"Golden Shrine","player_choice":"Pray","floor":5,"damage_taken":0},{"event_name":"Vampires","player_choice":"Became a vampire","floor":19,"damage_taken":0},{"event_name":"Back to Basics","player_choice":"Elegance","floor":21,"damage_taken":0},{"event_name":"Tomb of Lord Red Mask","player_choice":"Paid","floor":37,"damage_taken":0},{"event_name":"SensoryStone","player_choice":"Memory 3","floor":38,"damage_taken":0}],"boss_relics":[{"not_picked":["Runic Dome","Runic Pyramid"],"picked":"Cursed Key"},{"not_picked":["Orrery","Black Blood"],"picked":"Eternal Feather"}],"potions_floor_spawned":[6,8,13,14,20,23,25,30,33,35,39,41,42,47],"seed_played":"7783386796678711059","ascension_level":6,"is_trial":false}