{"path_per_floor":["M","?","?","M","T","E","M","M","T","M","M","?","?","M","R","B",null,"M","M","?","M","?","E","?","R","T","M","?","R","$","M","R","B",null,"M","?","M","?","$","R","M","E","T","M","R","$","R","?","R","B"],"character_chosen":"IRONCLAD","items_purchased":["Bag of Marbles","Corruption","Sundial"],"gold_per_floor":[111,111,111,128,128,158,173,188,213,228,247,247,247,265,265,389,389,407,425,425,444,444,477,477,477,503,526,567,567,341,357,357,483,483,497,562,585,585,485,485,499,530,530,545,545,54,54,54,54,54],"floor_reached":51,"campfire_rested":1,"playtime":1561,"current_hp_per_floor":[80,80,64,70,70,50,58,56,56,67,72,52,49,48,48,16,83,76,67,72,60,60,59,59,59,59,70,78,78,78,79,79,54,95,95,104,100,86,86,86,82,58,58,66,66,66,66,66,99,77],"items_purged":["Defend_R","Perfected Strike","Sword Boomerang"],"gold":54,"score":772,"play_id":"7fe91256-5d7b-401b-b5a7-7d5062069574","local_time":"20180416230345","is_prod":false,"is_daily":false,"chose_seed":false,"is_ascension_mode":false,"campfire_upgraded":5,"timestamp":1523934225,"path_taken":["M","?","?","M","?","E","M","M","T","?","M","?","?","?","R","BOSS","M","?","?","M","?","E","?","R","T","M","?","R","$","?","R","BOSS","M","?","?","?","?","R","M","E","T","?","R","$","R","?","R","BOSS"],"build_version":"2018-04-13","seed_source_timestamp":190900374629382,"purchased_purges":3,"victory":true,"master_deck":["Bash+1","Immolate","Whirlwind+1","Clothesline+1","Uppercut+1","Feed","True Grit","Feed","Perfected Strike","Clothesline+1","Immolate","Whirlwind+1","Fiend Fire","Disarm","Warcry","Fire Breathing","Havoc","Anger","Double Tap+1","Madness","Madness","Evolve+1","Flame Barrier+1","Carnage+1","Corruption"],"max_hp_per_floor":[80,80,80,80,80,80,80,80,80,83,83,83,83,83,83,83,83,83,86,86,86,86,89,89,89,89,92,92,92,92,95,95,95,95,95,109,109,109,109,109,109,112,112,112,112,112,112,112,112,112],"relics":["Burning Blood","Kunai","Blood Vial","Prayer Wheel","Golden Idol","Toolbox","Snecko Eye","Charon\u0027s Ashes","Bronze Scales","Lantern","Red Mask","Bag of Marbles","Pandora\u0027s Box","Mango","Art of War","Girya","Sundial"],"card_choices":[{"not_picked":["Flex","Dual Wield"],"picked":"Whirlwind","floor":1},{"not_picked":["Ghostly Armor","Headbutt"],"picked":"Clothesline","floor":4},{"not_picked":["Entrench","Warcry"],"picked":"Uppercut","floor":6},{"not_picked":["Rupture","Corruption"],"picked":"Reckless Charge","floor":7},{"not_picked":["Shrug It Off","Iron Wave"],"picked":"Feed","floor":8},{"not_picked":["Dual Wield","Clothesline"],"picked":"True Grit","floor":11},{"not_picked":["Demon Form","Juggernaut"],"picked":"Feed","floor":16},{"not_picked":["Headbutt","Heavy Blade"],"picked":"Perfected Strike","floor":18},{"not_picked":["Cleave","Headbutt"],"picked":"Clothesline","floor":19},{"not_picked":["Second Wind","Twin Strike"],"picked":"Immolate","floor":23},{"not_picked":["Cleave","Pommel Strike"],"picked":"Whirlwind","floor":27},{"not_picked":["Limit Break","Brutality"],"picked":"Fiend Fire","floor":33},{"not_picked":["Headbutt","Sword Boomerang"],"picked":"Double Tap","floor":37},{"not_picked":["Rampage","True Grit"],"picked":"Evolve","floor":41},{"not_picked":["Headbutt","Reckless Charge"],"picked":"Flame Barrier","floor":42},{"not_picked":["Uppercut","Whirlwind"],"picked":"Carnage","floor":44}],"player_experience":36117,"potions_floor_usage":[16,33,50,50],"damage_taken":[{"damage":0,"enemies":"2 Louse","floor":1,"turns":1},{"damage":0,"enemies":"Cultist","floor":4,"turns":2},{"damage":26,"enemies":"Lagavulin","floor":6,"turns":5},{"damage":0,"enemies":"Small Slimes","floor":7,"turns":3},{"damage":10,"enemies":"Looter","floor":8,"turns":2},{"damage":0,"enemies":"Exordium Wildlife","floor":10,"turns":2},{"damage":3,"enemies":"Lots of Slimes","floor":11,"turns":2},{"damage":9,"enemies":"Blue Slaver","floor":14,"turns":3},{"damage":55,"enemies":"Hexaghost","floor":16,"turns":12},{"damage":13,"enemies":"Chosen","floor":18,"turns":3},{"damage":20,"enemies":"2 Thieves","floor":19,"turns":2},{"damage":20,"enemies":"Centurion and Healer","floor":21,"turns":4},{"damage":12,"enemies":"Gremlin Leader","floor":23,"turns":3},{"damage":0,"enemies":"Cultist and Chosen","floor":27,"turns":3},{"damage":0,"enemies":"Masked Bandits","floor":28,"turns":2},{"damage":10,"enemies":"Sentry and Sphere","floor":31,"turns":3},{"damage":33,"enemies":"Collector","floor":33,"turns":4},{"damage":0,"enemies":"Flame Bruiser 1 Orb","floor":35,"turns":2},{"damage":11,"enemies":"Mysterious Sphere","floor":36,"turns":2},{"damage":12,"enemies":"3 Shapes","floor":37,"turns":1},{"damage":12,"enemies":"Spire Growth","floor":41,"turns":2},{"damage":35,"enemies":"2 Orb Walkers","floor":42,"turns":3},{"damage":0,"enemies":"Flame Bruiser 2 Orb","floor":44,"turns":2},{"damage":30,"enemies":"Donu and Deca","floor":50,"turns":5}],"event_choices":[{"event_name":"Upgrade Shrine","player_choice":"Upgraded","floor":2,"damage_taken":0},{"event_name":"Shining Light","player_choice":"Entered Light","floor":3,"damage_taken":0},{"event_name":"Golden Idol","player_choice":"Take Damage","floor":12,"damage_taken":0},{"event_name":"Scrap Ooze","player_choice":"success","floor":13,"damage_taken":3},{"event_name":"Bonfire Elementals","player_choice":"COMMON","floor":20,"damage_taken":0},{"event_name":"The Lab","player_choice":"Got Potions","floor":22,"damage_taken":0},{"event_name":"The Mausoleum","player_choice":"Yes","floor":24,"damage_taken":0},{"event_name":"Masked Bandits","player_choice":"Fought over 526 gold","floor":28,"damage_taken":0},{"event_name":"Mysterious Sphere","player_choice":"Fight","floor":36,"damage_taken":0},{"event_name":"Winding Halls","player_choice":"Embrace Madness","floor":38,"damage_taken":0}],"boss_relics":[{"not_picked":["Eternal Feather","Astrolabe"],"picked":"Snecko Eye"},{"not_picked":["Velvet Choker","Runic Cube"],"picked":"Pandora\u0027s Box"}],"potions_floor_spawned":[6,7,11,14,19,23,28,33,35,44],"seed_played":"-5202357947005448170","ascension_level":0,"is_trial":false}