{"path_per_floor":["M","?","M","M","?","E","R","E","T","R","M","E","$","E","R","B",null,"M","$","?","?","?","E","?"],"character_chosen":"IRONCLAD","items_purchased":["Tiny Chest","Thunderclap"],"gold_per_floor":[119,119,138,155,155,184,184,216,216,216,226,258,56,88,88,185,185,195,72,72,72,72,97,97,97],"floor_reached":25,"campfire_rested":1,"playtime":1182,"current_hp_per_floor":[65,49,48,54,54,44,44,23,23,47,51,45,45,54,54,17,64,71,71,71,71,71,61,45,0],"items_purged":["Strike_R","Strike_R"],"gold":97,"score":419,"play_id":"bb5cb299-0224-49c2-9cc9-ba9ddf23c8af","local_time":"20180411183750","is_prod":false,"is_daily":false,"is_ascension_mode":true,"campfire_upgraded":2,"timestamp":1523486270,"path_taken":["M","?","M","M","?","E","R","E","T","R","M","E","$","E","R","BOSS","M","$","?","?","?","E","?","E"],"build_version":"2018-04-05v2","purchased_purges":2,"victory":false,"master_deck":["Strike_R","Strike_R","Strike_R","Defend_R","Defend_R","Defend_R+1","Defend_R","Bash+1","AscendersBane","Inflame+1","Sword Boomerang+1","Pommel Strike","Heavy Blade","Clothesline+1","Clash","Impervious","Sword Boomerang","Thunderclap","Writhe"],"max_hp_per_floor":[80,80,80,80,80,80,80,80,80,80,80,80,80,80,80,80,80,80,80,80,80,80,80,80,80],"relics":["Burning Blood","Blue Candle","Magic Flower","Champion Belt","Juzu Bracelet","Tiny Chest","Question Card","Velvet Choker","Happy Flower","Girya","Nilry\u0027s Codex"],"card_choices":[{"not_picked":["Flame Barrier","Hemokinesis"],"picked":"Inflame","floor":1},{"not_picked":["Sever Soul","Heavy Blade"],"picked":"Sword Boomerang","floor":3},{"not_picked":["Havoc","Searing Blow"],"picked":"Pommel Strike","floor":4},{"not_picked":["Body Slam","Havoc"],"picked":"Heavy Blade","floor":6},{"not_picked":["Brutality","Twin Strike"],"picked":"Clothesline","floor":8},{"not_picked":["Pummel","Cleave"],"picked":"Clash","floor":11},{"not_picked":["Juggernaut","Demon Form","Immolate"],"picked":"Impervious","floor":16},{"not_picked":["Body Slam","True Grit","Seeing Red"],"picked":"Sword Boomerang","floor":18}],"player_experience":295535,"potions_floor_usage":[6,18,23,23],"damage_taken":[{"damage":13,"enemies":"Jaw Worm","floor":1,"turns":5},{"damage":7,"enemies":"2 Louse","floor":3,"turns":3},{"damage":0,"enemies":"Small Slimes","floor":4,"turns":4},{"damage":16,"enemies":"Gremlin Nob","floor":6,"turns":3},{"damage":27,"enemies":"3 Sentries","floor":8,"turns":6},{"damage":5,"enemies":"2 Fungi Beasts","floor":11,"turns":3},{"damage":15,"enemies":"Lagavulin","floor":12,"turns":5},{"damage":0,"enemies":"Gremlin Nob","floor":14,"turns":2},{"damage":46,"enemies":"The Guardian","floor":16,"turns":10},{"damage":2,"enemies":"3 Byrds","floor":18,"turns":5},{"damage":39,"enemies":"Slavers","floor":23,"turns":6},{"damage":56,"enemies":"Gremlin Leader","floor":25,"turns":6}],"event_choices":[{"event_name":"Shining Light","player_choice":"Entered Light","floor":2,"damage_taken":0},{"event_name":"Upgrade Shrine","player_choice":"Upgraded","floor":5,"damage_taken":0},{"event_name":"Addict","player_choice":"Ignored","floor":20,"damage_taken":0},{"event_name":"The Mausoleum","player_choice":"Yes","floor":21,"damage_taken":0},{"event_name":"Beggar","player_choice":"Ignored","floor":22,"damage_taken":0},{"event_name":"Cursed Tome","player_choice":"Obtained Book","floor":24,"damage_taken":0}],"boss_relics":[{"not_picked":["Cursed Key","Runic Pyramid"],"picked":"Velvet Choker"}],"potions_floor_spawned":[1,6,11,12],"seed_played":"8609008289475742312","killed_by":"Gremlin Leader","ascension_level":11,"is_trial":false}