{"path_per_floor":["M","?","$","M","M","E","?","R","T","R","$","M","$","M","R","B",null,"M","$","?","$","?","E","T","M","T","R","$","R","E","$","R","B",null,"M","M"],"character_chosen":"IRONCLAD","items_purchased":["Membership Card","Dark Shackles","Anchor","Pommel Strike"],"gold_per_floor":[117,117,42,55,71,100,127,127,427,427,327,339,58,72,72,174,174,186,68,68,32,32,63,63,80,125,125,25,25,59,59,59,159,159,170,182,182],"floor_reached":37,"campfire_rested":2,"playtime":1250,"current_hp_per_floor":[70,70,70,70,63,51,38,38,38,38,38,38,38,24,48,17,64,56,56,56,56,56,29,29,29,29,53,53,53,51,51,51,19,65,39,36,0],"items_purged":["Decay","Defend_R","Injury"],"gold":182,"score":625,"play_id":"5ce3fc75-edbe-4735-a61f-568fc781e6ab","local_time":"20180411144057","is_prod":false,"is_daily":false,"is_ascension_mode":true,"campfire_upgraded":2,"timestamp":1523472057,"path_taken":["M","?","$","M","M","E","?","R","T","R","?","M","$","M","R","BOSS","M","$","?","$","?","E","?","M","T","R","$","R","E","$","R","BOSS","M","M","M"],"build_version":"2018-04-05v2","purchased_purges":3,"victory":false,"master_deck":["Strike_R","Strike_R","Strike_R","Strike_R","Strike_R","Bash","AscendersBane","Flex","Thunderclap","Clothesline+1","Perfected Strike+1","Pommel Strike","Twin Strike","Dark Shackles","Bludgeon","Wild Strike+1","Pommel Strike","Pommel Strike","Parasite","Feed","Whirlwind+1","Hemokinesis+1","Ghostly Armor+1"],"max_hp_per_floor":[80,80,80,80,80,80,80,80,80,80,80,80,80,80,80,80,80,80,80,80,80,80,80,80,80,80,80,80,80,80,80,80,80,80,80,83,83],"relics":["Velvet Choker","Bag of Marbles","Odd Mushroom","Old Coin","Membership Card","Cursed Key","Anchor","Happy Flower","Shovel","Pen Nib","Orichalcum","Ancient Tea Set","Prayer Wheel","Astrolabe"],"card_choices":[{"not_picked":["Body Slam","Clash"],"picked":"Flex","floor":1},{"not_picked":["Brutality","Burning Pact"],"picked":"Thunderclap","floor":4},{"not_picked":["Rage","Heavy Blade"],"picked":"Clothesline","floor":5},{"not_picked":["Body Slam","Limit Break"],"picked":"Perfected Strike","floor":6},{"not_picked":["Heavy Blade","Hemokinesis"],"picked":"Pommel Strike","floor":7},{"not_picked":["Shrug It Off","Headbutt"],"picked":"Twin Strike","floor":12},{"not_picked":["Fiend Fire","Berserk"],"picked":"Bludgeon","floor":16},{"not_picked":["Shrug It Off","Flex"],"picked":"Wild Strike","floor":18},{"not_picked":["Body Slam","Flame Barrier"],"picked":"Pommel Strike","floor":23},{"not_picked":["Demon Form","Dark Embrace"],"picked":"Feed","floor":33}],"player_experience":290545,"potions_floor_usage":[6,33,37,37,37],"damage_taken":[{"damage":2,"enemies":"Jaw Worm","floor":1,"turns":3},{"damage":0,"enemies":"Cultist","floor":4,"turns":3},{"damage":7,"enemies":"Small Slimes","floor":5,"turns":3},{"damage":12,"enemies":"3 Sentries","floor":6,"turns":7},{"damage":13,"enemies":"The Mushroom Lair","floor":7,"turns":3},{"damage":0,"enemies":"2 Fungi Beasts","floor":12,"turns":2},{"damage":14,"enemies":"Exordium Wildlife","floor":14,"turns":3},{"damage":31,"enemies":"Hexaghost","floor":16,"turns":8},{"damage":8,"enemies":"2 Thieves","floor":18,"turns":2},{"damage":27,"enemies":"Slavers","floor":23,"turns":4},{"damage":0,"enemies":"Chosen","floor":25,"turns":1},{"damage":2,"enemies":"Gremlin Leader","floor":30,"turns":4},{"damage":32,"enemies":"Champ","floor":33,"turns":9},{"damage":26,"enemies":"3 Darklings","floor":35,"turns":4},{"damage":6,"enemies":"Orb Walker","floor":36,"turns":2},{"damage":36,"enemies":"Maw","floor":37,"turns":5}],"event_choices":[{"event_name":"Wheel of Change","player_choice":"Curse","floor":2,"damage_taken":0},{"event_name":"Mushrooms","player_choice":"Fought Mushrooms","floor":7,"damage_taken":0},{"event_name":"Drug Dealer","player_choice":"Ignored","floor":20,"damage_taken":0},{"event_name":"Beggar","player_choice":"Ignored","floor":22,"damage_taken":0}],"boss_relics":[{"not_picked":["Snecko Eye","Black Star"],"picked":"Cursed Key"},{"not_picked":["Runic Dome","Sozu"],"picked":"Astrolabe"}],"potions_floor_spawned":[5,6,7,14,18,30,33,35],"seed_played":"-6744890219108817427","killed_by":"Maw","ascension_level":11,"is_trial":false}