{"path_per_floor":["M","M","?","?","M","E","M","R","T","R","M","$","$","M","R"],"character_chosen":"IRONCLAD","items_purchased":["Inflame","Sword Boomerang"],"gold_per_floor":[117,135,85,85,101,133,150,150,175,175,190,33,33,50,50,50],"floor_reached":16,"campfire_rested":0,"playtime":550,"current_hp_per_floor":[78,80,80,80,80,23,26,26,26,26,14,14,14,27,27,0],"items_purged":["Regret"],"gold":50,"score":143,"play_id":"899fa75d-f362-42b2-905f-1e53cbc52151","local_time":"20180408122152","is_prod":false,"is_daily":false,"is_ascension_mode":true,"campfire_upgraded":3,"timestamp":1523204512,"path_taken":["M","?","?","?","M","E","M","R","T","R","M","?","$","?","R","BOSS"],"build_version":"2018-04-05v2","purchased_purges":1,"victory":false,"master_deck":["Strike_R","Strike_R","Strike_R","Strike_R","Strike_R","Defend_R","Defend_R","Defend_R","Bash+1","Ghostly Armor","Metallicize+1","Dual Wield","Dual Wield","Reaper","Shrug It Off","Inflame+1","Sword Boomerang","Thunderclap"],"max_hp_per_floor":[80,80,80,80,80,80,80,80,80,80,80,80,80,80,80,80],"relics":["Burning Blood","NeowsBlessing","Lantern","Question Card","Blood Vial"],"card_choices":[{"not_picked":["Intimidate","Anger"],"picked":"Ghostly Armor","floor":1},{"not_picked":["Intimidate","Anger"],"picked":"Metallicize","floor":2},{"not_picked":["Iron Wave","True Grit"],"picked":"Dual Wield","floor":5},{"not_picked":["Shrug It Off","Wild Strike"],"picked":"Dual Wield","floor":6},{"not_picked":["Havoc","Pommel Strike","Reckless Charge"],"picked":"Reaper","floor":7},{"not_picked":["Pommel Strike","Ghostly Armor","Anger"],"picked":"Shrug It Off","floor":11},{"not_picked":["Rage","Cleave","Shrug It Off"],"picked":"Thunderclap","floor":14}],"player_experience":210386,"potions_floor_usage":[6,7,16,16],"damage_taken":[{"damage":0,"enemies":"Cultist","floor":1,"turns":1},{"damage":0,"enemies":"Jaw Worm","floor":2,"turns":1},{"damage":0,"enemies":"2 Louse","floor":5,"turns":1},{"damage":63,"enemies":"Lagavulin","floor":6,"turns":11},{"damage":3,"enemies":"Looter","floor":7,"turns":4},{"damage":32,"enemies":"Exordium Thugs","floor":11,"turns":7},{"damage":4,"enemies":"Blue Slaver","floor":14,"turns":5},{"damage":29,"enemies":"Slime Boss","floor":16,"turns":8}],"event_choices":[{"event_name":"The Cleric","player_choice":"Card Removal","floor":3,"damage_taken":0},{"event_name":"Big Fish","player_choice":"Box","floor":4,"damage_taken":0}],"boss_relics":[],"potions_floor_spawned":[1,6,11,14],"seed_played":"-2846494773241091643","killed_by":"Slime Boss","ascension_level":8,"is_trial":false}