{"path_per_floor":["M","$","?","M","?","E","$","E","T","$","M","M","R","$","R","B",null,"M","$","?","?","M","E","?","E","T","R","M","M","$","T","R","B",null,"M","M","M","$","M","R","E","?","T","$","M","E","R","M","R","B"],"character_chosen":"IRONCLAD","items_purchased":["Bludgeon","Flash of Steel","Jack Of All Trades","Deep Breath","Enlightenment"],"gold_per_floor":[211,64,64,84,84,123,30,70,70,70,83,103,103,0,0,125,125,149,48,48,48,64,99,99,142,142,142,166,181,106,133,133,258,258,279,293,306,206,221,221,264,264,264,72,97,141,141,159,159,159],"floor_reached":51,"campfire_rested":0,"playtime":2251,"current_hp_per_floor":[70,70,63,64,64,46,46,28,28,28,36,44,44,44,44,16,69,59,59,59,59,67,75,75,66,80,80,88,96,96,96,96,104,112,117,119,121,121,123,123,125,127,129,129,131,133,133,135,135,135],"items_purged":["Disarm","Jack Of All Trades"],"gold":159,"score":1685,"play_id":"76ee4033-db07-4c9b-b019-5ce13b46e13f","local_time":"20180411220531","is_prod":false,"is_daily":false,"is_ascension_mode":true,"campfire_upgraded":3,"timestamp":1523498731,"path_taken":["M","$","?","M","?","E","$","E","T","?","M","M","R","$","R","BOSS","M","$","?","?","?","E","?","E","T","R","M","M","?","?","R","BOSS","M","M","M","$","M","R","E","?","T","$","M","E","R","M","R","BOSS"],"build_version":"2018-04-05v2","purchased_purges":4,"victory":true,"master_deck":["AscendersBane","Bludgeon+1","Shockwave","Flash of Steel","Deep Breath+1","Enlightenment"],"max_hp_per_floor":[80,80,80,80,74,81,81,81,81,81,83,85,85,85,85,87,87,89,89,89,89,91,93,93,95,109,109,111,113,113,113,113,115,115,117,119,121,121,123,123,125,127,129,129,131,133,133,135,135,135],"relics":["Black Blood","Oddly Smooth Stone","Golden Idol","Strawberry","Sundial","Singing Bowl","Pandora\u0027s Box","Lantern","Thread and Needle","Shovel","Mango","Bronze Scales","Prayer Wheel","Vajra","Ice Cream","Charon\u0027s Ashes","Anchor","Ornamental Fan","Orichalcum"],"card_choices":[{"not_picked":["Havoc","Corruption"],"picked":"Disarm","floor":1},{"not_picked":["Flex","Demon Form"],"picked":"Shockwave","floor":4}],"player_experience":305332,"potions_floor_usage":[12,16,28],"damage_taken":[{"damage":8,"enemies":"2 Louse","floor":1,"turns":3},{"damage":5,"enemies":"Jaw Worm","floor":4,"turns":4},{"damage":31,"enemies":"3 Sentries","floor":6,"turns":10},{"damage":24,"enemies":"Gremlin Nob","floor":8,"turns":4},{"damage":0,"enemies":"Cultist","floor":11,"turns":3},{"damage":0,"enemies":"2 Fungi Beasts","floor":12,"turns":2},{"damage":36,"enemies":"The Guardian","floor":16,"turns":11},{"damage":18,"enemies":"3 Byrds","floor":18,"turns":5},{"damage":0,"enemies":"Chosen","floor":22,"turns":2},{"damage":0,"enemies":"Gremlin Leader","floor":23,"turns":2},{"damage":17,"enemies":"Slavers","floor":25,"turns":2},{"damage":0,"enemies":"Snecko","floor":28,"turns":1},{"damage":0,"enemies":"Slaver and Parasite","floor":29,"turns":1},{"damage":0,"enemies":"Collector","floor":33,"turns":1},{"damage":0,"enemies":"3 Shapes","floor":35,"turns":1},{"damage":0,"enemies":"3 Darklings","floor":36,"turns":1},{"damage":0,"enemies":"Maw","floor":37,"turns":1},{"damage":4,"enemies":"4 Shapes","floor":39,"turns":1},{"damage":0,"enemies":"Giant Head","floor":41,"turns":1},{"damage":0,"enemies":"Sphere and 2 Shapes","floor":45,"turns":1},{"damage":0,"enemies":"2 Orb Walkers","floor":46,"turns":1},{"damage":0,"enemies":"3 Darklings","floor":48,"turns":1},{"damage":0,"enemies":"Awakened One","floor":50,"turns":2}],"event_choices":[{"event_name":"Scrap Ooze","player_choice":"success","floor":3,"damage_taken":7},{"event_name":"Golden Idol","player_choice":"Lose Max HP","floor":5,"damage_taken":0},{"event_name":"The Mausoleum","player_choice":"Yes","floor":20,"damage_taken":0},{"event_name":"Back to Basics","player_choice":"Elegance","floor":21,"damage_taken":0},{"event_name":"Drug Dealer","player_choice":"Ignored","floor":24,"damage_taken":0},{"event_name":"SensoryStone","player_choice":"Memory 1","floor":42,"damage_taken":0}],"boss_relics":[{"not_picked":["Runic Dome","Lizard Tail"],"picked":"Pandora\u0027s Box"},{"not_picked":["Runic Cube","Velvet Choker"],"picked":"Black Blood"}],"potions_floor_spawned":[1,6,8,11,16,18,25,35,39],"seed_played":"3215182003515190221","ascension_level":12,"is_trial":false}