{"path_per_floor":["M","?","M","?","M","R","?","?","T","M","M","M","E","M","R","B",null,"M","?","M","?","M","R","E","R","T","E","M","?","M","$","R","B",null,"M","?","$","?","M","R","M","?","T","R","T","?","M","M","R"],"character_chosen":"IRONCLAD","items_purchased":["Omamori","Medical Kit"],"gold_per_floor":[119,119,134,134,149,149,149,149,149,164,178,194,221,239,239,334,334,347,347,337,337,349,349,374,374,374,404,417,417,430,211,211,310,340,352,352,51,51,70,70,83,83,83,83,108,0,12,22,22,22],"floor_reached":50,"campfire_rested":4,"playtime":1548,"current_hp_per_floor":[72,56,56,38,38,38,64,64,64,64,64,57,39,30,69,30,80,64,64,58,58,45,45,25,64,64,26,19,45,41,41,80,41,85,63,63,63,84,83,83,83,83,83,83,83,83,80,45,85,0],"items_purged":["True Grit","Defend_R"],"gold":22,"score":534,"play_id":"17b9e218-e9d0-4df5-afdf-64e6478fe41a","local_time":"20180411154210","is_prod":false,"is_daily":false,"is_ascension_mode":false,"campfire_upgraded":4,"timestamp":1523475730,"path_taken":["M","?","?","?","M","R","?","?","T","M","M","M","E","M","R","BOSS","M","?","?","?","?","R","E","R","T","E","M","?","M","$","R","BOSS","M","?","$","?","M","R","M","?","T","R","?","?","?","M","R","BOSS"],"build_version":"2018-04-05v2","purchased_purges":2,"victory":false,"master_deck":["Strike_R+1","Strike_R+1","Strike_R+1","Strike_R+1","Defend_R+1","Defend_R+1","Bash+1","Flex+1","Thunderclap","Metallicize","Cleave+1","Pommel Strike+1","Limit Break+1","Heavy Blade+1","Clash+1","Flex+1","Limit Break+1","Battle Trance+1","Headbutt","Deep Breath"],"max_hp_per_floor":[80,80,80,80,80,80,80,80,80,80,80,80,80,80,80,80,80,80,80,80,80,80,80,80,80,80,80,80,80,80,80,80,80,85,85,85,85,85,85,85,85,85,85,85,85,85,85,85,85,85],"relics":["Philosopher\u0027s Stone","Shuriken","Gremlin Horn","Regal Pillow","Runic Cube","Ancient Tea Set","Lantern","Whetstone","Omamori","Tiny House","Medical Kit","Torii","Bag of Marbles","Red Mask"],"card_choices":[{"not_picked":["Twin Strike","Heavy Blade"],"picked":"Flex","floor":3},{"not_picked":["Headbutt","True Grit"],"picked":"Thunderclap","floor":5},{"not_picked":["Power Through","Barricade"],"picked":"Cleave","floor":10},{"not_picked":["Shrug It Off","Armaments"],"picked":"True Grit","floor":11},{"not_picked":["Cleave","Armaments"],"picked":"Pommel Strike","floor":14},{"not_picked":["Juggernaut","Berserk"],"picked":"Limit Break","floor":16},{"not_picked":["Shrug It Off","Wild Strike"],"picked":"Heavy Blade","floor":18},{"not_picked":["Shockwave","Perfected Strike"],"picked":"Clash","floor":22},{"not_picked":["Limit Break","Power Through"],"picked":"Flex","floor":28},{"not_picked":["Immolate","Feed"],"picked":"Limit Break","floor":33},{"not_picked":["Clash","Clothesline"],"picked":"Battle Trance","floor":34},{"not_picked":["Wild Strike","Body Slam"],"picked":"Headbutt","floor":35},{"not_picked":["Dramatic Entrance","Dark Shackles"],"picked":"Deep Breath","floor":36}],"player_experience":292954,"potions_floor_usage":[22,24,24,50,50,50],"damage_taken":[{"damage":8,"enemies":"Jaw Worm","floor":1,"turns":3},{"damage":0,"enemies":"Small Slimes","floor":3,"turns":2},{"damage":0,"enemies":"2 Louse","floor":5,"turns":2},{"damage":0,"enemies":"Gremlin Gang","floor":10,"turns":2},{"damage":0,"enemies":"3 Louse","floor":11,"turns":1},{"damage":7,"enemies":"Looter","floor":12,"turns":2},{"damage":18,"enemies":"Gremlin Nob","floor":13,"turns":4},{"damage":9,"enemies":"Blue Slaver","floor":14,"turns":3},{"damage":39,"enemies":"Slime Boss","floor":16,"turns":8},{"damage":16,"enemies":"3 Byrds","floor":18,"turns":4},{"damage":6,"enemies":"2 Thieves","floor":20,"turns":4},{"damage":13,"enemies":"Snake Plant","floor":22,"turns":3},{"damage":26,"enemies":"Book of Stabbing","floor":24,"turns":3},{"damage":38,"enemies":"Slavers","floor":27,"turns":3},{"damage":7,"enemies":"Snecko","floor":28,"turns":3},{"damage":4,"enemies":"Chosen and Byrds","floor":30,"turns":3},{"damage":39,"enemies":"Champ","floor":33,"turns":6},{"damage":22,"enemies":"3 Darklings","floor":35,"turns":3},{"damage":1,"enemies":"Orb Walker","floor":39,"turns":2},{"damage":0,"enemies":"3 Darklings","floor":41,"turns":2},{"damage":3,"enemies":"4 Shapes","floor":47,"turns":1},{"damage":35,"enemies":"Maw","floor":48,"turns":5},{"damage":97,"enemies":"Time Eater","floor":50,"turns":4}],"event_choices":[{"event_name":"Shining Light","player_choice":"Entered Light","floor":2,"damage_taken":0},{"event_name":"Scrap Ooze","player_choice":"success","floor":4,"damage_taken":18},{"event_name":"Big Fish","player_choice":"Banana","floor":7,"damage_taken":0},{"event_name":"Transmorgrifier","player_choice":"Transform","floor":8,"damage_taken":0},{"event_name":"The Woman in Blue","player_choice":"Bought 0 Potions","floor":19,"damage_taken":0},{"event_name":"Back to Basics","player_choice":"Simplicity","floor":21,"damage_taken":0},{"event_name":"The Library","player_choice":"Heal","floor":29,"damage_taken":0},{"event_name":"SensoryStone","player_choice":"Memory 1","floor":36,"damage_taken":0},{"event_name":"Winding Halls","player_choice":"Writhe","floor":38,"damage_taken":0},{"event_name":"Tomb of Lord Red Mask","player_choice":"Paid","floor":46,"damage_taken":0}],"boss_relics":[{"not_picked":["Calling Bell","Mark of Pain"],"picked":"Runic Cube"},{"not_picked":["Pandora\u0027s Box","Orrery"],"picked":"Tiny House"}],"potions_floor_spawned":[3,12,13,28,33,35,47],"seed_played":"-7936663452390283412","killed_by":"Time Eater","ascension_level":0,"is_trial":false}