{"path_per_floor":["M","M","?","T","$","R","?","?","T","?","M","R","B",null,"M","M","?","?","?","R","E","R","T","$","M","?","T","M","R","B",null,"M","M","?","?","T","R","T","R","T","M","R","M","R","E","R","B"],"character_chosen":"IRONCLAD","items_purchased":["Whirlwind","Flex","Ancient Tea Set"],"gold_per_floor":[109,121,121,121,44,44,44,44,115,145,35,35,139,139,154,169,169,169,169,169,199,199,278,27,43,43,43,56,56,151,181,194,205,0,0,0,0,0,0,0,11,11,22,22,51,51,51],"floor_reached":48,"campfire_rested":4,"playtime":647,"current_hp_per_floor":[80,80,80,80,80,80,80,73,73,79,63,86,20,86,86,86,69,69,59,59,53,82,82,82,68,68,68,74,97,28,102,102,98,98,98,98,98,98,98,98,89,89,95,95,91,109,53],"items_purged":["Normality","Defend_R"],"gold":51,"score":714,"play_id":"64d43566-a31b-4346-8e92-d1155dc5e50d","local_time":"20180409104836","is_prod":false,"is_daily":false,"is_ascension_mode":false,"campfire_upgraded":7,"timestamp":1523285316,"path_taken":["M","M","?","?","$","R","?","?","T","?","?","$","R","?","R","BOSS","M","M","?","?","?","R","E","R","T","$","?","?","?","M","R","BOSS","M","M","?","?","?","R","?","R","T","M","R","?","R","E","R","BOSS"],"build_version":"2018-04-05v2","purchased_purges":2,"victory":true,"master_deck":["Strike_R+1","Strike_R+1","Strike_R+1","Strike_R+1","Strike_R+1","Bash+1","Whirlwind+1","Flex+1","Offering+1","Flex+1","Rupture+1","Necronomicurse","Trip+1","Twin Strike+1"],"max_hp_per_floor":[80,80,80,80,80,80,80,80,80,86,86,86,86,86,86,86,91,91,97,97,97,97,97,97,97,97,97,97,97,97,102,102,102,102,102,102,102,102,102,102,102,102,102,102,109,109,109],"relics":["Burning Blood","NeowsBlessing","Ice Cream","Darkstone Periapt","Tiny Chest","Toxic Egg 2","Mark of Pain","Necronomicon","Prayer Wheel","Question Card","Ancient Tea Set","Molten Egg 2","Tiny House","Red Mask","Dream Catcher","Sundial","War Paint","Strawberry"],"card_choices":[{"not_picked":["Demon Form","Feed"],"picked":"Offering","floor":13},{"not_picked":["Blood for Blood","Searing Blow"],"picked":"Flex","floor":15},{"not_picked":["Flash of Steel","Apotheosis","Panache"],"picked":"Trip","floor":35},{"not_picked":["Perfected Strike","Whirlwind","Evolve"],"picked":"Twin Strike","floor":46}],"player_experience":234326,"potions_floor_usage":[21,30,47,47,47],"damage_taken":[{"damage":0.0,"enemies":"2 Louse","floor":1.0,"turns":1.0},{"damage":0.0,"enemies":"Small Slimes","floor":2.0,"turns":1.0},{"damage":0.0,"enemies":"Jaw Worm","floor":11.0,"turns":1.0},{"damage":16,"enemies":"Large Slime","floor":11,"turns":4},{"damage":72,"enemies":"Hexaghost","floor":13,"turns":7},{"damage":4,"enemies":"Shell Parasite","floor":15,"turns":1},{"damage":4,"enemies":"Chosen","floor":16,"turns":1},{"damage":12,"enemies":"Slavers","floor":21,"turns":2},{"damage":20,"enemies":"Centurion and Healer","floor":25,"turns":2},{"damage":0,"enemies":"3 Cultists","floor":28,"turns":1},{"damage":75,"enemies":"Champ","floor":30,"turns":6},{"damage":0,"enemies":"3 Darklings","floor":32,"turns":1},{"damage":10,"enemies":"Orb Walker","floor":33,"turns":2},{"damage":15,"enemies":"4 Shapes","floor":41,"turns":1},{"damage":0,"enemies":"3 Darklings","floor":43,"turns":1},{"damage":17,"enemies":"Giant Head","floor":45,"turns":4},{"damage":62,"enemies":"Awakened One","floor":47,"turns":5}],"event_choices":[{"event_name":"Living Wall","player_choice":"Forget","floor":3.0,"damage_taken":0.0},{"event_name":"The Cleric","player_choice":"Leave","floor":7.0,"damage_taken":0.0},{"event_name":"Golden Wing","player_choice":"Card Removal","floor":8.0,"damage_taken":0.0},{"event_name":"Accursed Blacksmith","player_choice":"Rummage","floor":10.0,"damage_taken":0.0},{"event_name":"Scrap Ooze","player_choice":"success","floor":11,"damage_taken":12},{"event_name":"Forgotten Altar","player_choice":"Shed Blood","floor":17,"damage_taken":0},{"event_name":"Transmorgrifier","player_choice":"Transform","floor":18,"damage_taken":0},{"event_name":"Cursed Tome","player_choice":"Obtained Book","floor":19,"damage_taken":0},{"event_name":"Ghosts","player_choice":"Ignored","floor":26,"damage_taken":0},{"event_name":"Tomb of Lord Red Mask","player_choice":"Paid","floor":34,"damage_taken":0},{"event_name":"SensoryStone","player_choice":"Memory 1","floor":35,"damage_taken":0}],"boss_relics":[{"not_picked":["Runic Cube","White Beast Statue"],"picked":"Mark of Pain"},{"not_picked":["Pandora\u0027s Box","Astrolabe"],"picked":"Tiny House"}],"potions_floor_spawned":[1,16,28,32,43],"seed_played":"-8080298542490829667","ascension_level":0,"is_trial":false}