{"path_per_floor":["M","?","$","?","M","R","E","R","T","R","M","R","M","M","R","B",null,"M","?","M","M","$","R","E","?","T","M","R","$","R","$","R","B",null,"M","?","M","?","?","E","R","E","T","R","M","M","M","M","R","B"],"character_chosen":"IRONCLAD","items_purchased":["Orichalcum","Inflame","Bottled Flame"],"gold_per_floor":[114,289,32,32,44,44,76,76,158,158,171,171,181,194,194,296,296,309,309,322,335,235,235,260,260,260,273,273,28,28,28,28,131,131,143,143,158,158,158,217,217,245,245,245,256,275,291,304,304,304],"floor_reached":51,"campfire_rested":0,"playtime":1714,"current_hp_per_floor":[72,72,72,58,58,58,47,47,47,47,53,53,59,60,60,37,63,69,69,72,66,66,66,54,54,54,58,58,58,58,58,58,48,66,62,72,72,62,53,45,45,45,45,45,54,48,70,72,72,50],"items_purged":["Doubt","Strike_R"],"gold":304,"score":1030,"play_id":"5d4e926d-205f-41f1-815e-8dc35159b97d","local_time":"20180408140911","is_prod":false,"is_daily":false,"is_ascension_mode":true,"campfire_upgraded":12,"timestamp":1523210951,"path_taken":["M","?","$","?","M","R","E","R","T","R","?","R","M","M","R","BOSS","M","?","M","M","$","R","E","?","T","M","R","$","R","$","R","BOSS","M","?","M","?","?","E","R","E","T","R","?","M","?","M","R","BOSS"],"build_version":"2018-04-05v2","purchased_purges":3,"victory":true,"master_deck":["Strike_R","Strike_R+1","Strike_R","Defend_R","Defend_R","Bash","Flex+1","Searing Blow+12","Reaper","Dramatic Entrance","Madness","Madness"],"max_hp_per_floor":[72,72,72,72,72,72,72,72,72,72,72,72,72,72,72,72,72,72,72,72,72,72,72,72,72,72,72,72,72,72,72,72,72,72,72,72,72,72,72,72,72,72,72,72,72,72,72,72,72,72],"relics":["Burning Blood","Orichalcum","Toolbox","Meat on the Bone","Velvet Choker","Pen Nib","Shovel","Bottled Flame","Philosopher\u0027s Stone","Tiny Chest","Smiling Mask","Anchor"],"card_choices":[{"not_picked":["Cleave","Pummel"],"picked":"Flex","floor":1},{"not_picked":["Flex","Wild Strike"],"picked":"Searing Blow","floor":5},{"not_picked":["Exhume","Juggernaut"],"picked":"Reaper","floor":16},{"not_picked":["Trip","Enlightenment"],"picked":"Dramatic Entrance","floor":38}],"player_experience":215482,"potions_floor_usage":[14,16,45,46,48,50,50],"damage_taken":[{"damage":5,"enemies":"Small Slimes","floor":1,"turns":3},{"damage":6,"enemies":"Jaw Worm","floor":5,"turns":2},{"damage":17,"enemies":"Gremlin Nob","floor":7,"turns":4},{"damage":0,"enemies":"Cultist","floor":11,"turns":2},{"damage":0,"enemies":"Looter","floor":13,"turns":1},{"damage":5,"enemies":"3 Louse","floor":14,"turns":3},{"damage":41,"enemies":"Hexaghost","floor":16,"turns":6},{"damage":0,"enemies":"Chosen","floor":18,"turns":2},{"damage":3,"enemies":"3 Byrds","floor":20,"turns":5},{"damage":18,"enemies":"3 Cultists","floor":21,"turns":5},{"damage":18,"enemies":"Book of Stabbing","floor":24,"turns":2},{"damage":8,"enemies":"Slaver and Parasite","floor":27,"turns":2},{"damage":30,"enemies":"Collector","floor":33,"turns":3},{"damage":24,"enemies":"3 Darklings","floor":35,"turns":5},{"damage":19,"enemies":"3 Shapes","floor":37,"turns":3},{"damage":20,"enemies":"2 Orb Walkers","floor":40,"turns":3},{"damage":22,"enemies":"Nemesis","floor":42,"turns":3},{"damage":21,"enemies":"3 Darklings","floor":45,"turns":4},{"damage":41,"enemies":"4 Shapes","floor":46,"turns":8},{"damage":0,"enemies":"Sphere and 2 Shapes","floor":47,"turns":4},{"damage":1,"enemies":"Maw","floor":48,"turns":4},{"damage":52,"enemies":"Time Eater","floor":50,"turns":5}],"event_choices":[{"event_name":"Liars Game","player_choice":"agreed","floor":2,"damage_taken":0},{"event_name":"Shining Light","player_choice":"Entered Light","floor":4,"damage_taken":0},{"event_name":"Wheel of Change","player_choice":"Card Removal","floor":19,"damage_taken":0},{"event_name":"The Lab","player_choice":"Got Potions","floor":25,"damage_taken":0},{"event_name":"Bonfire Elementals","player_choice":"UNCOMMON","floor":36,"damage_taken":0},{"event_name":"SensoryStone","player_choice":"Memory 3","floor":38,"damage_taken":0},{"event_name":"Winding Halls","player_choice":"Embrace Madness","floor":39,"damage_taken":0}],"boss_relics":[{"not_picked":["Eternal Feather","Calling Bell"],"picked":"Velvet Choker"},{"not_picked":["Lizard Tail","Mark of Pain"],"picked":"Philosopher\u0027s Stone"}],"potions_floor_spawned":[5,7,16,20,21,24,35,37,45,47,48],"seed_played":"330460431600076429","ascension_level":8,"is_trial":false}