{"path_per_floor":["M","M","?","$","?","E","?","R","T","E","M","R","E","?","R","B",null,"M","M","$","M","M","R","?","R","T","$","M","?","M","$","R","B",null,"M","?","?","?","?","R","$","M","T","M","M","M","R","M","R","B"],"character_chosen":"IRONCLAD","items_purchased":["Headbutt"],"gold_per_floor":[116,136,136,38,38,65,65,65,146,173,184,184,218,168,168,273,273,291,311,211,225,241,241,141,141,141,16,31,31,51,51,51,153,153,168,168,168,168,168,168,18,32,100,114,133,147,147,162,162,162],"floor_reached":51,"campfire_rested":5,"playtime":1016,"current_hp_per_floor":[80,80,80,80,80,50,50,50,50,24,23,23,23,23,47,47,80,80,58,58,58,52,52,52,52,52,52,49,49,42,42,66,49,80,77,80,80,80,80,80,80,77,77,74,53,53,77,74,80,7],"items_purged":["Strike_R","Clash","Headbutt","Writhe"],"gold":162,"score":864,"play_id":"71c3c6cf-132d-46b3-85f6-4b0521a36331","local_time":"20180412171745","is_prod":false,"is_daily":false,"is_ascension_mode":false,"campfire_upgraded":4,"timestamp":1523567865,"path_taken":["M","M","?","$","?","E","?","R","T","E","?","R","E","?","R","BOSS","M","M","$","M","M","R","?","R","T","$","M","?","?","?","R","BOSS","M","?","?","?","?","R","?","M","T","?","M","?","R","M","R","BOSS"],"build_version":"2018-04-05v2","purchased_purges":4,"victory":true,"master_deck":["Bash+1","Thunderclap+1","Double Tap+1","Whirlwind+1","Bludgeon+1","J.A.X.+1","Flex+1"],"max_hp_per_floor":[80,80,80,80,80,80,80,80,80,80,80,80,80,80,80,80,80,80,80,80,80,80,80,80,80,80,80,80,80,80,80,80,80,80,80,80,80,80,80,80,80,80,80,80,80,80,80,80,80,80],"relics":["Mark of Pain","Gremlin Food","Spirit Poop","Funnel","Anchor","Toxic Egg 2","Pandora\u0027s Box","Bottled Flame","Philosopher\u0027s Stone","Smiling Mask"],"card_choices":[{"not_picked":["Body Slam","Clothesline"],"picked":"Cleave","floor":1.0},{"not_picked":["Cleave","Infernal Blade"],"picked":"Thunderclap","floor":2.0},{"not_picked":["Combust","Exhume"],"picked":"Double Tap","floor":6.0},{"not_picked":["Metallicize","Infernal Blade"],"picked":"Whirlwind","floor":10.0},{"not_picked":["Pommel Strike","Havoc"],"picked":"Clash","floor":11.0},{"not_picked":["Feed","Brutality"],"picked":"Bludgeon","floor":16.0}],"player_experience":336951,"potions_floor_usage":[33,45,50,50,50],"damage_taken":[{"damage":0.0,"enemies":"Cultist","floor":1.0,"turns":3.0},{"damage":0.0,"enemies":"Small Slimes","floor":2.0,"turns":2.0},{"damage":30.0,"enemies":"Gremlin Nob","floor":6.0,"turns":4.0},{"damage":26.0,"enemies":"Lagavulin","floor":10.0,"turns":4.0},{"damage":1.0,"enemies":"Jaw Worm","floor":11.0,"turns":2.0},{"damage":0.0,"enemies":"Gremlin Nob","floor":13.0,"turns":2.0},{"damage":0.0,"enemies":"Slime Boss","floor":16.0,"turns":4.0},{"damage":0,"enemies":"Spheric Guardian","floor":18,"turns":1},{"damage":22,"enemies":"Shell Parasite","floor":19,"turns":4},{"damage":0,"enemies":"Centurion and Healer","floor":21,"turns":3},{"damage":6,"enemies":"3 Cultists","floor":22,"turns":3},{"damage":3,"enemies":"Cultist and Chosen","floor":28,"turns":2},{"damage":7,"enemies":"Snecko","floor":30,"turns":3},{"damage":17,"enemies":"Collector","floor":33,"turns":3},{"damage":3,"enemies":"3 Darklings","floor":35,"turns":1},{"damage":3,"enemies":"Orb Walker","floor":42,"turns":1},{"damage":3,"enemies":"3 Darklings","floor":44,"turns":1},{"damage":21,"enemies":"Maw","floor":45,"turns":4},{"damage":0,"enemies":"4 Shapes","floor":46,"turns":1},{"damage":3,"enemies":"3 Darklings","floor":48,"turns":1},{"damage":73,"enemies":"Time Eater","floor":50,"turns":7}],"event_choices":[{"event_name":"Living Wall","player_choice":"Forget","floor":3.0,"damage_taken":0.0},{"event_name":"Wheel of Change","player_choice":"Curse","floor":5.0,"damage_taken":0.0},{"event_name":"Bonfire Elementals","player_choice":"CURSE","floor":7.0,"damage_taken":0.0},{"event_name":"The Cleric","player_choice":"Card Removal","floor":14.0,"damage_taken":0.0},{"event_name":"Drug Dealer","player_choice":"Got JAXXED","floor":24,"damage_taken":0},{"event_name":"The Library","player_choice":"Read","floor":29,"damage_taken":0},{"event_name":"Winding Halls","player_choice":"Writhe","floor":36,"damage_taken":0},{"event_name":"Accursed Blacksmith","player_choice":"Ignore","floor":37,"damage_taken":0},{"event_name":"Mysterious Sphere","player_choice":"Ignore","floor":39,"damage_taken":0}],"boss_relics":[{"not_picked":["Runic Cube","Ooze Armor"],"picked":"Pandora\u0027s Box"},{"not_picked":["Eternal Feather","Cursed Key"],"picked":"Philosopher\u0027s Stone"}],"potions_floor_spawned":[2,6,10,19,28,30,42,46,48],"seed_played":"-452666144635455562","ascension_level":0,"is_trial":false}