{"path_per_floor":["M","$","?","M","$","E","R","?","T","?","$","R","M","M","R","B",null,"M","?","?","?","M","E","$","M","T","$","M","M","E","M","R","B",null,"M","M","M","?","$","$","?","M","T","$","M","E","R","M","R","B"],"character_chosen":"IRONCLAD","items_purchased":["Lantern","Matryoshka","Iron Hammer","Pear"],"gold_per_floor":[139,139,139,151,0,25,25,25,25,25,25,25,45,60,60,134,134,151,219,219,489,508,539,539,554,554,292,302,318,343,353,353,424,424,441,453,468,468,468,209,209,229,278,25,70,142,142,200,200,284],"floor_reached":51,"campfire_rested":3,"playtime":1347,"current_hp_per_floor":[80,80,80,80,80,80,80,56,56,56,56,80,80,80,80,80,80,80,80,80,44,80,80,80,80,80,80,82,84,86,88,88,90,90,92,94,96,96,96,96,98,100,100,110,112,114,114,114,114,80],"items_purged":[],"gold":284,"score":1906,"play_id":"0a5ab249-8f1b-42f3-87d2-5c304764518e","local_time":"20180412013008","is_prod":false,"is_daily":false,"is_ascension_mode":true,"campfire_upgraded":3,"timestamp":1523511008,"path_taken":["M","?","?","?","$","E","R","?","T","?","$","R","?","M","R","BOSS","M","?","?","?","M","E","$","M","T","$","M","?","E","M","R","BOSS","M","M","M","?","?","$","?","M","T","?","M","E","R","M","R","BOSS"],"build_version":"2018-04-05v2","purchased_purges":0,"victory":true,"master_deck":["Necronomicurse","Rupture+1","Reaper+1","Limit Break+1","Limit Break+1","Limit Break+1","Limit Break+1","Massacre+1"],"max_hp_per_floor":[80,80,80,80,80,80,80,80,80,80,80,80,80,80,80,80,80,80,80,80,80,80,80,80,80,80,80,82,84,86,88,88,90,90,92,94,96,96,96,96,98,100,100,110,112,114,114,114,114,114],"relics":["Tiny House","Burning Blood","Necronomicon","Blue Candle","Lantern","Pen Nib","Champion Belt","Sozu","Bag of Preparation","Regal Pillow","Singing Bowl","Matryoshka","Bag of Marbles","Runic Dome","Iron Hammer","Gremlin Food","Bandana","Pear","Bag of Preparation"],"card_choices":[{"not_picked":["Battle Trance","Clothesline"],"picked":"Rupture","floor":0},{"not_picked":["Juggernaut","True Grit"],"picked":"Massacre","floor":48}],"player_experience":312922,"potions_floor_usage":[],"damage_taken":[{"damage":47,"enemies":"Cultist","floor":1,"turns":1},{"damage":11,"enemies":"2 Louse","floor":4,"turns":1},{"damage":42,"enemies":"Gremlin Nob","floor":6,"turns":1},{"damage":8,"enemies":"Small Slimes","floor":13,"turns":1},{"damage":6,"enemies":"2 Fungi Beasts","floor":14,"turns":1},{"damage":42,"enemies":"Hexaghost","floor":16,"turns":2},{"damage":11,"enemies":"Chosen","floor":18,"turns":3},{"damage":30,"enemies":"Shell Parasite","floor":22,"turns":2},{"damage":11,"enemies":"Book of Stabbing","floor":23,"turns":1},{"damage":13,"enemies":"Sentry and Sphere","floor":25,"turns":1},{"damage":18,"enemies":"Chosen and Byrds","floor":28,"turns":1},{"damage":20,"enemies":"Centurion and Healer","floor":29,"turns":1},{"damage":7,"enemies":"Slavers","floor":30,"turns":1},{"damage":13,"enemies":"Snecko","floor":31,"turns":1},{"damage":29,"enemies":"Automaton","floor":33,"turns":1},{"damage":6,"enemies":"3 Shapes","floor":35,"turns":1},{"damage":12,"enemies":"3 Darklings","floor":36,"turns":1},{"damage":5,"enemies":"Sphere and 2 Shapes","floor":37,"turns":1},{"damage":5,"enemies":"4 Shapes","floor":42,"turns":1},{"damage":10,"enemies":"3 Darklings","floor":45,"turns":1},{"damage":19,"enemies":"Giant Head","floor":46,"turns":1},{"damage":20,"enemies":"Maw","floor":48,"turns":1},{"damage":40,"enemies":"Donu and Deca","floor":50,"turns":1}],"event_choices":[{"event_name":"Shining Light","player_choice":"Entered Light","floor":8,"damage_taken":0},{"event_name":"Golden Wing","player_choice":"Ignored","floor":10,"damage_taken":0},{"event_name":"Trapped Chest","player_choice":"Triggered Chest Trap","floor":19,"damage_taken":0},{"event_name":"Trapped Chest","player_choice":"Dodge","floor":19,"damage_taken":0},{"event_name":"Vampires","player_choice":"Ignored","floor":20,"damage_taken":0},{"event_name":"Knowing Skull","player_choice":"GOLD GOLD GOLD ","floor":21,"damage_taken":0},{"event_name":"Tomb of Lord Red Mask","player_choice":"Ignored","floor":38,"damage_taken":0},{"event_name":"SensoryStone","player_choice":"Memory 1","floor":41,"damage_taken":0}],"boss_relics":[{"not_picked":["Ectoplasm","Orrery"],"picked":"Sozu"},{"not_picked":["White Beast Statue","Velvet Choker"],"picked":"Runic Dome"}],"potions_floor_spawned":[1,4,14,22,23,29,36,48],"seed_played":"4242855172782249004","ascension_level":15,"is_trial":false}