{"path_per_floor":["M","M","?","T","?","R","E","$","T","E","R","M","E","M","R","B",null,"M","M","M","$","?","E","M","E","T","E","M","E","R","E","R"],"character_chosen":"IRONCLAD","items_purchased":["Girya"],"gold_per_floor":[119,139,139,163,163,163,197,122,170,203,203,222,257,275,275,379,379,390,400,416,17,17,51,68,101,127,160,173,204,204,237,237,237],"floor_reached":33,"campfire_rested":0,"playtime":1163,"current_hp_per_floor":[70,72,72,79,79,79,71,71,71,66,66,71,56,62,62,68,79,79,79,78,78,62,58,60,57,57,53,55,39,39,43,43,0],"items_purged":["Defend_R","Perfected Strike"],"gold":237,"score":486,"play_id":"de76ff0d-8778-4b19-9bce-0f0a62a3b6b2","local_time":"20180407184414","is_prod":false,"is_daily":false,"is_ascension_mode":true,"campfire_upgraded":3,"timestamp":1523141054,"path_taken":["M","M","?","?","?","R","E","$","T","E","R","?","E","M","R","BOSS","M","?","M","$","?","E","M","E","T","E","M","E","R","E","R","BOSS"],"build_version":"2018-04-05v2","purchased_purges":2,"victory":false,"master_deck":["Defend_R","Defend_R","Bash+1","Bloodletting+1","Carnage+1","Offering","Flex+1","Headbutt+1"],"max_hp_per_floor":[72,72,72,79,79,79,79,79,79,79,79,79,79,79,79,79,79,79,79,79,79,79,79,79,79,79,79,79,79,79,81,81,81],"relics":["Burning Blood","Strawberry","Lantern","Bronze Scales","Ice Cream","Anchor","Astrolabe","Girya","Nilry\u0027s Codex","Smiling Mask","Paper Frog","Oddly Smooth Stone","Darkstone Periapt","Gremlin Horn","Singing Bowl"],"card_choices":[{"not_picked":["Impervious","Barricade"],"picked":"Offering","floor":16}],"player_experience":195307,"potions_floor_usage":[16,16,23,25,27,33,33],"damage_taken":[{"damage":8,"enemies":"Small Slimes","floor":1,"turns":3},{"damage":3,"enemies":"Cultist","floor":2,"turns":2},{"damage":14,"enemies":"Gremlin Nob","floor":7,"turns":3},{"damage":11,"enemies":"3 Sentries","floor":10,"turns":4},{"damage":1,"enemies":"Jaw Worm","floor":12,"turns":2},{"damage":21,"enemies":"Lagavulin","floor":13,"turns":3},{"damage":0,"enemies":"Blue Slaver","floor":14,"turns":2},{"damage":0,"enemies":"Slime Boss","floor":16,"turns":6},{"damage":4,"enemies":"2 Thieves","floor":18,"turns":2},{"damage":4,"enemies":"Shell Parasite","floor":19,"turns":2},{"damage":7,"enemies":"Chosen and Byrds","floor":20,"turns":3},{"damage":10,"enemies":"Book of Stabbing","floor":23,"turns":2},{"damage":4,"enemies":"Snecko","floor":24,"turns":2},{"damage":9,"enemies":"Gremlin Leader","floor":25,"turns":3},{"damage":10,"enemies":"Slavers","floor":27,"turns":2},{"damage":4,"enemies":"Snake Plant","floor":28,"turns":2},{"damage":22,"enemies":"Gremlin Leader","floor":29,"turns":3},{"damage":4,"enemies":"Slavers","floor":31,"turns":2},{"damage":53,"enemies":"Collector","floor":33,"turns":5}],"event_choices":[{"event_name":"The Lab","player_choice":"Got Potions","floor":3,"damage_taken":0},{"event_name":"Living Wall","player_choice":"Forget","floor":5,"damage_taken":0},{"event_name":"Cursed Tome","player_choice":"Obtained Book","floor":22,"damage_taken":0}],"boss_relics":[{"not_picked":["Runic Dome","Snecko Eye"],"picked":"Astrolabe"}],"potions_floor_spawned":[1,13,14,16,20,25,27,31],"seed_played":"-8762790388792560604","killed_by":"Collector","ascension_level":1,"is_trial":false}