{"path_per_floor":["M","$","M","M","?","R","M","T","T","M","$","?","$","E","R","B",null,"M","?","M","?","T","R","M","R","T","R","M","$","?","M","R","B",null,"M","?","$","?","?","R","$","R","T","?","M","?","?","M","R","B"],"character_chosen":"IRONCLAD","items_purchased":["True Grit","Metallicize","Mummified Hand","Metallicize","Shrug It Off"],"gold_per_floor":[212,112,125,135,135,135,147,447,473,483,307,307,23,56,56,156,156,156,71,71,71,71,71,71,71,71,71,71,18,18,18,18,18,18,18,18,18,18,18,18,18,18,18,0,0,0,0,0,0,0],"floor_reached":51,"campfire_rested":3,"playtime":2651,"current_hp_per_floor":[80,80,78,80,73,73,59,59,59,47,47,47,47,32,56,36,80,73,73,66,66,66,66,41,41,41,41,49,49,49,33,72,27,85,72,61,61,61,17,17,17,57,57,57,83,83,83,85,85,33],"items_purged":["Defend_R","Defend_R"],"gold":0,"score":725,"play_id":"5ef0be1a-971c-4cf1-98cb-6f2d047f14da","local_time":"20180416142248","is_prod":false,"is_daily":false,"chose_seed":false,"is_ascension_mode":true,"campfire_upgraded":6,"timestamp":1523902968,"path_taken":["M","$","M","M","?","R","?","?","T","?","$","?","$","E","R","BOSS","M","?","M","?","?","R","M","R","T","R","M","$","?","M","R","BOSS","M","?","$","?","?","R","$","R","T","?","M","?","?","M","R","BOSS"],"build_version":"2018-04-13","seed_source_timestamp":158292229091313,"purchased_purges":2,"victory":true,"master_deck":["Strike_R","Strike_R","Strike_R","Strike_R","Defend_R","Bash","True Grit+1","Flame Barrier","Spot Weakness+1","Thunderclap","Shrug It Off","Metallicize+1","Warcry","Double Tap+1","Metallicize+1","Berserk","Headbutt+1","Intimidate+1","Sword Boomerang+1","Clothesline","Shrug It Off","Battle Trance+1","Reaper","Infernal Blade","Madness","Madness","Shrug It Off+1","Deep Breath","Limit Break+1"],"max_hp_per_floor":[80,80,80,80,80,80,80,80,80,80,80,80,80,80,80,80,80,80,80,80,80,80,80,80,80,80,80,80,80,80,80,80,80,85,85,85,85,85,85,85,85,85,85,85,85,85,85,85,85,85],"relics":["Burning Blood","Blood Vial","Old Coin","Omamori","Mummified Hand","Question Card","Ectoplasm","Juzu Bracelet","Lantern","Regal Pillow","Tiny House","Bird Faced Urn","Bottled Lightning","Red Mask"],"card_choices":[{"not_picked":["Reckless Charge","Iron Wave"],"picked":"Flame Barrier","floor":3},{"not_picked":["Shrug It Off","Reckless Charge"],"picked":"Spot Weakness","floor":4},{"not_picked":["Fire Breathing","Cleave"],"picked":"Thunderclap","floor":7},{"not_picked":["Pommel Strike","Evolve"],"picked":"Shrug It Off","floor":10},{"not_picked":["Impervious","Immolate","Double Tap"],"picked":"Berserk","floor":16},{"not_picked":["Perfected Strike","Uppercut","Shrug It Off"],"picked":"Headbutt","floor":18},{"not_picked":["Headbutt","Inflame","Power Through"],"picked":"Intimidate","floor":20},{"not_picked":["Warcry","Bloodletting","Rupture"],"picked":"Sword Boomerang","floor":24},{"not_picked":["Reckless Charge","Burning Pact","Pommel Strike"],"picked":"Clothesline","floor":28},{"not_picked":["Flame Barrier","Reaper","Clash"],"picked":"Battle Trance","floor":31},{"not_picked":["Fiend Fire","Berserk","Barricade"],"picked":"Reaper","floor":33},{"not_picked":["Warcry","Flex","Bloodletting"],"picked":"Infernal Blade","floor":34},{"not_picked":["Perfected Strike","Headbutt","Armaments"],"picked":"Shrug It Off","floor":39},{"not_picked":["Whirlwind","Thunderclap","Body Slam"],"picked":"Limit Break","floor":48}],"player_experience":22126,"potions_floor_usage":[14,28,31,31,39,50,50,50],"damage_taken":[{"damage":4,"enemies":"Jaw Worm","floor":1,"turns":4},{"damage":8,"enemies":"2 Louse","floor":3,"turns":3},{"damage":0,"enemies":"Cultist","floor":4,"turns":4},{"damage":22,"enemies":"Exordium Thugs","floor":7,"turns":5},{"damage":20,"enemies":"Gremlin Gang","floor":10,"turns":5},{"damage":23,"enemies":"Gremlin Nob","floor":14,"turns":6},{"damage":28,"enemies":"The Guardian","floor":16,"turns":15},{"damage":13,"enemies":"Spheric Guardian","floor":18,"turns":5},{"damage":15,"enemies":"Shell Parasite","floor":20,"turns":5},{"damage":33,"enemies":"Snake Plant","floor":24,"turns":5},{"damage":0,"enemies":"Sentry and Sphere","floor":28,"turns":3},{"damage":33,"enemies":"3 Cultists","floor":31,"turns":7},{"damage":53,"enemies":"Automaton","floor":33,"turns":9},{"damage":23,"enemies":"Orb Walker","floor":35,"turns":4},{"damage":76,"enemies":"Mysterious Sphere","floor":39,"turns":7},{"damage":17,"enemies":"3 Shapes","floor":45,"turns":15},{"damage":25,"enemies":"Sphere and 2 Shapes","floor":48,"turns":9},{"damage":92,"enemies":"Donu and Deca","floor":50,"turns":7}],"event_choices":[{"event_name":"Scrap Ooze","player_choice":"success","floor":5,"damage_taken":7},{"event_name":"Match and Keep!","player_choice":"2 cards matched","floor":12,"damage_taken":0},{"event_name":"Addict","player_choice":"Obtained Relic","floor":19,"damage_taken":0},{"event_name":"Drug Dealer","player_choice":"Ignored","floor":21,"damage_taken":0},{"event_name":"Back to Basics","player_choice":"Elegance","floor":30,"damage_taken":0},{"event_name":"Winding Halls","player_choice":"Embrace Madness","floor":36,"damage_taken":0},{"event_name":"Upgrade Shrine","player_choice":"Upgraded","floor":38,"damage_taken":0},{"event_name":"Mysterious Sphere","player_choice":"Fight","floor":39,"damage_taken":0},{"event_name":"Tomb of Lord Red Mask","player_choice":"Paid","floor":44,"damage_taken":0},{"event_name":"Match and Keep!","player_choice":"1 cards matched","floor":47,"damage_taken":0}],"boss_relics":[{"not_picked":["Snecko Eye","Black Blood"],"picked":"Ectoplasm"},{"not_picked":["Mark of Pain","Runic Pyramid"],"picked":"Tiny House"}],"potions_floor_spawned":[3,7,10,14,24,33,39,48],"seed_played":"-7934169934067956430","ascension_level":2,"is_trial":false}