{"path_per_floor":["M","$","?","M","M","E","R","M","T","E","R","?","$","$","R","B",null,"M","?","M","$","M","R","M","M","T","R","?","M","$","E","R","B",null,"M","?","M","$","M","R","M","?","T","M","E","?","M","M","R","B"],"character_chosen":"IRONCLAD","items_purchased":["Whirlwind","Flex","Juzu Bracelet"],"gold_per_floor":[114,2,2,16,35,68,68,82,82,108,108,138,35,35,35,133,133,153,78,95,45,61,61,79,95,95,95,95,107,57,87,87,185,185,199,199,212,8,26,26,41,41,68,86,111,0,10,23,23,23],"floor_reached":51,"campfire_rested":0,"playtime":1477,"current_hp_per_floor":[72,72,72,72,71,41,41,47,47,45,45,45,45,45,45,47,66,68,68,70,70,61,61,67,72,72,72,72,72,72,56,56,26,61,47,47,53,53,55,55,61,61,61,63,69,69,71,72,72,35],"items_purged":["Strike_R","Strike_R","Strike_R","Strike_R","Defend_R"],"gold":23,"score":1188,"play_id":"246d10a2-54ff-4657-9432-7cb78e04e7d0","local_time":"20180411205410","is_prod":false,"is_daily":false,"is_ascension_mode":true,"campfire_upgraded":5,"timestamp":1523494450,"path_taken":["M","?","?","M","?","E","R","M","T","E","R","?","?","$","R","BOSS","M","?","M","$","?","R","M","M","T","R","?","M","$","E","R","BOSS","M","?","M","$","M","R","M","?","T","M","E","?","M","M","R","BOSS"],"build_version":"2018-04-05v2","purchased_purges":5,"victory":true,"master_deck":["Defend_R","Bash","AscendersBane","Shrug It Off","Offering+1","Thunderclap","Whirlwind+1","Shrug It Off","Flex+1","Double Tap+1","Heavy Blade+1","Offering+1"],"max_hp_per_floor":[72,72,72,72,72,72,72,72,72,72,72,72,72,72,72,72,72,72,72,72,72,72,72,72,72,72,72,72,72,72,72,72,72,72,72,72,72,72,72,72,72,72,72,72,72,72,72,72,72,72],"relics":["Burning Blood","Bag of Marbles","Girya","Smiling Mask","Molten Egg 2","Velvet Choker","Gambling Chip","Vajra","Runic Dome","Juzu Bracelet","Anchor","Lantern","Red Mask"],"card_choices":[{"not_picked":["Combust","Flame Barrier"],"picked":"Thunderclap","floor":1},{"not_picked":["Immolate","Inflame"],"picked":"Shrug It Off","floor":10},{"not_picked":["Feed","Impervious"],"picked":"Double Tap","floor":16},{"not_picked":["Second Wind","Perfected Strike"],"picked":"Heavy Blade","floor":18},{"not_picked":["Warcry","Fire Breathing"],"picked":"Offering","floor":41}],"player_experience":302534,"potions_floor_usage":[6,33],"damage_taken":[{"damage":4,"enemies":"Cultist","floor":1,"turns":3},{"damage":4,"enemies":"Jaw Worm","floor":4,"turns":3},{"damage":7,"enemies":"Small Slimes","floor":5,"turns":2},{"damage":36,"enemies":"Lagavulin","floor":6,"turns":6},{"damage":0,"enemies":"Gremlin Gang","floor":8,"turns":1},{"damage":8,"enemies":"3 Sentries","floor":10,"turns":2},{"damage":4,"enemies":"Slime Boss","floor":16,"turns":5},{"damage":4,"enemies":"Shell Parasite","floor":18,"turns":1},{"damage":4,"enemies":"Chosen","floor":20,"turns":2},{"damage":15,"enemies":"Centurion and Healer","floor":22,"turns":2},{"damage":0,"enemies":"3 Cultists","floor":24,"turns":1},{"damage":0,"enemies":"Snecko","floor":25,"turns":2},{"damage":4,"enemies":"Sentry and Sphere","floor":29,"turns":2},{"damage":22,"enemies":"Gremlin Leader","floor":31,"turns":2},{"damage":36,"enemies":"Automaton","floor":33,"turns":6},{"damage":20,"enemies":"3 Shapes","floor":35,"turns":1},{"damage":0,"enemies":"Orb Walker","floor":37,"turns":1},{"damage":4,"enemies":"Maw","floor":39,"turns":2},{"damage":0,"enemies":"3 Darklings","floor":41,"turns":1},{"damage":4,"enemies":"Sphere and 2 Shapes","floor":44,"turns":1},{"damage":0,"enemies":"2 Orb Walkers","floor":45,"turns":1},{"damage":4,"enemies":"Maw","floor":47,"turns":1},{"damage":0,"enemies":"4 Shapes","floor":48,"turns":1},{"damage":43,"enemies":"Awakened One","floor":50,"turns":3}],"event_choices":[{"event_name":"The Cleric","player_choice":"Leave","floor":3,"damage_taken":0},{"event_name":"Dead Adventurer","player_choice":"Searched \u00272\u0027 times","floor":12,"damage_taken":0},{"event_name":"Beggar","player_choice":"Gave Gold","floor":19,"damage_taken":0},{"event_name":"The Mausoleum","player_choice":"No","floor":28,"damage_taken":0},{"event_name":"Mysterious Sphere","player_choice":"Ignore","floor":36,"damage_taken":0},{"event_name":"Match and Keep!","player_choice":"0 cards matched","floor":42,"damage_taken":0},{"event_name":"Tomb of Lord Red Mask","player_choice":"Paid","floor":46,"damage_taken":0}],"boss_relics":[{"not_picked":["Ectoplasm","Tiny House"],"picked":"Velvet Choker"},{"not_picked":["Sozu","Runic Pyramid"],"picked":"Runic Dome"}],"potions_floor_spawned":[1,4,6,10,24,25,31,33,37,41,44,47],"seed_played":"-3535658554849226230","ascension_level":11,"is_trial":false}