{"path_per_floor":["M","?","M","$","?","R","E","T","T","E","M","M","R","M","R","B",null,"M","M"],"character_chosen":"IRONCLAD","items_purchased":["Dropkick"],"gold_per_floor":[113,113,131,15,45,45,71,96,96,130,141,156,156,175,175,279,279,249,249,249],"floor_reached":20,"campfire_rested":0,"playtime":800,"current_hp_per_floor":[78,78,80,80,80,80,59,59,59,35,40,42,42,48,48,21,65,58,14,0],"items_purged":["Defend_R"],"gold":249,"score":276,"play_id":"a4f8c276-2ab8-4f46-b250-75539ef71a28","local_time":"20180408214809","is_prod":false,"is_daily":false,"is_ascension_mode":true,"campfire_upgraded":3,"timestamp":1523238489,"path_taken":["M","?","M","$","?","R","E","?","T","E","M","?","R","M","R","BOSS","M","M","M"],"build_version":"2018-04-05v2","purchased_purges":1,"victory":false,"master_deck":["Strike_R","Strike_R","Strike_R","Strike_R","Strike_R","Defend_R","Defend_R","Defend_R","Bash+1","AscendersBane","Twin Strike","Shrug It Off","Dropkick+1","Regret","Dual Wield+1","Warcry+1","Dark Embrace"],"max_hp_per_floor":[80,80,80,80,80,80,80,80,80,80,80,80,80,80,80,80,80,80,80,80],"relics":["Burning Blood","Ancient Tea Set","Tiny Chest","Art of War","Dream Catcher","Torii","Lantern","Ectoplasm"],"card_choices":[{"not_picked":["Blood for Blood","Clothesline"],"picked":"Twin Strike","floor":1},{"not_picked":["Perfected Strike","Brutality"],"picked":"Shrug It Off","floor":3},{"not_picked":["Blood for Blood","Armaments"],"picked":"Dual Wield","floor":7},{"not_picked":["True Grit","Carnage"],"picked":"Warcry","floor":12},{"not_picked":["Impervious","Exhume"],"picked":"Dark Embrace","floor":16}],"player_experience":226317,"potions_floor_usage":[14,16,18],"damage_taken":[{"damage":0,"enemies":"Small Slimes","floor":1,"turns":5},{"damage":1,"enemies":"Cultist","floor":3,"turns":3},{"damage":27,"enemies":"Gremlin Nob","floor":7,"turns":4},{"damage":30,"enemies":"Lagavulin","floor":10,"turns":6},{"damage":1,"enemies":"2 Louse","floor":11,"turns":3},{"damage":4,"enemies":"Large Slime","floor":12,"turns":5},{"damage":0,"enemies":"2 Fungi Beasts","floor":14,"turns":2},{"damage":48,"enemies":"Slime Boss","floor":16,"turns":8},{"damage":13,"enemies":"2 Thieves","floor":18,"turns":4},{"damage":50,"enemies":"Shell Parasite","floor":19,"turns":6},{"damage":14,"enemies":"Sentry and Sphere","floor":20,"turns":3}],"event_choices":[{"event_name":"Upgrade Shrine","player_choice":"Upgraded","floor":2,"damage_taken":0},{"event_name":"Big Fish","player_choice":"Box","floor":5,"damage_taken":0}],"boss_relics":[{"not_picked":["Cursed Key","Mark of Pain"],"picked":"Ectoplasm"}],"potions_floor_spawned":[1,7,12,16],"seed_played":"-9007412179967909173","killed_by":"Sentry and Sphere","ascension_level":10,"is_trial":false}