{"path_per_floor":["M","?","$","M","?","R","E","M","T","M","R","E","M","M","R","B",null,"M","M","M","?","M","E","M","E","T","$","T","M","R","E","R","B",null,"M","?","?","?","$","E","?","R","T","R","M","?","M","M","R","B"],"character_chosen":"IRONCLAD","items_purchased":["Gambling Chip"],"gold_per_floor":[116,116,116,135,135,135,166,179,179,193,193,225,257,281,281,383,383,412,440,472,472,502,542,563,597,597,312,312,333,333,368,368,452,452,478,478,478,478,478,520,520,520,544,544,564,622,641,668,668,682],"floor_reached":51,"campfire_rested":0,"playtime":1231,"current_hp_per_floor":[78,78,78,80,80,80,80,80,80,80,80,80,80,80,80,80,80,80,80,80,80,80,80,80,80,80,80,80,80,80,80,80,80,80,80,80,80,70,70,76,76,76,76,76,80,80,80,80,80,80],"items_purged":[],"gold":682,"score":2060,"play_id":"b05910f4-e0ef-4f94-a7ee-9810be18cfb9","local_time":"20180412005008","is_prod":false,"is_daily":false,"is_ascension_mode":true,"campfire_upgraded":8,"timestamp":1523508608,"path_taken":["M","?","$","M","?","R","E","M","T","M","R","E","M","M","R","BOSS","M","?","M","?","?","E","M","E","T","$","?","M","R","E","R","BOSS","M","?","?","?","$","E","?","R","T","R","M","?","?","M","R","BOSS"],"build_version":"2018-04-05v2","purchased_purges":0,"victory":true,"master_deck":["Madness","Searing Blow+4"],"max_hp_per_floor":[80,80,80,80,80,80,80,80,80,80,80,80,80,80,80,80,80,80,80,80,80,80,80,80,80,80,80,80,80,80,80,80,80,80,80,80,80,80,80,80,80,80,80,80,80,80,80,80,80,80],"relics":["Burning Blood","Baseball","Baseball","Baseball","Baseball","Baseball","Baseball","Baseball","Baseball","Blue Candle","Molten Egg 2","Bandana","Calling Bell","War Paint","Onion Ring","Iron Hammer","Unceasing Top","Simple Rune","Baseball","Pen Nib","Gambling Chip","Girya","Orichalcum","White Beast Statue","Baseball","War Paint","Bag of Marbles","Gremlin Food","Sundial"],"card_choices":[],"player_experience":310873,"potions_floor_usage":[],"damage_taken":[{"damage":0.0,"enemies":"2 Louse","floor":1.0,"turns":1.0},{"damage":0.0,"enemies":"Small Slimes","floor":4.0,"turns":1.0},{"damage":0.0,"enemies":"3 Sentries","floor":7.0,"turns":1.0},{"damage":0.0,"enemies":"Jaw Worm","floor":8.0,"turns":1.0},{"damage":0.0,"enemies":"Blue Slaver","floor":10.0,"turns":1.0},{"damage":0.0,"enemies":"Lagavulin","floor":12.0,"turns":1.0},{"damage":0.0,"enemies":"Lots of Slimes","floor":13.0,"turns":1.0},{"damage":0.0,"enemies":"3 Louse","floor":14.0,"turns":1.0},{"damage":0.0,"enemies":"Hexaghost","floor":16.0,"turns":1.0},{"damage":0.0,"enemies":"2 Thieves","floor":18.0,"turns":1.0},{"damage":0.0,"enemies":"3 Byrds","floor":19.0,"turns":1.0},{"damage":0.0,"enemies":"Centurion and Healer","floor":20.0,"turns":1.0},{"damage":0.0,"enemies":"Snecko","floor":22.0,"turns":1.0},{"damage":0.0,"enemies":"Gremlin Leader","floor":23.0,"turns":1.0},{"damage":0.0,"enemies":"Snake Plant","floor":24.0,"turns":1.0},{"damage":0.0,"enemies":"Book of Stabbing","floor":25.0,"turns":1.0},{"damage":0.0,"enemies":"Slaver and Parasite","floor":29.0,"turns":1.0},{"damage":0.0,"enemies":"Slavers","floor":31.0,"turns":1.0},{"damage":0.0,"enemies":"Automaton","floor":33.0,"turns":1.0},{"damage":4.0,"enemies":"3 Shapes","floor":35.0,"turns":1.0},{"damage":0,"enemies":"Nemesis","floor":40,"turns":1},{"damage":0,"enemies":"3 Darklings","floor":45,"turns":1},{"damage":0,"enemies":"Mysterious Sphere","floor":46,"turns":1},{"damage":4,"enemies":"Sphere and 2 Shapes","floor":47,"turns":1},{"damage":4,"enemies":"4 Shapes","floor":48,"turns":1},{"damage":0,"enemies":"Awakened One","floor":50,"turns":2}],"event_choices":[{"event_name":"Upgrade Shrine","player_choice":"Upgraded","floor":5.0,"damage_taken":0.0},{"event_name":"Purifier","player_choice":"One Purge","floor":21.0,"damage_taken":0.0},{"event_name":"Tomb of Lord Red Mask","player_choice":"Ignored","floor":37,"damage_taken":0},{"event_name":"Winding Halls","player_choice":"Embrace Madness","floor":38,"damage_taken":0},{"event_name":"SensoryStone","player_choice":"Memory 1","floor":41,"damage_taken":0},{"event_name":"Mysterious Sphere","player_choice":"Fight","floor":46,"damage_taken":0}],"boss_relics":[],"potions_floor_spawned":[8,10,12,14,16,19,22,24,25,29,33,35,40,45,46,47,48],"seed_played":"-506272678258535074","ascension_level":13,"is_trial":false}