{"path_per_floor":["M","$","?","?","?","R","M","M","T","M","M","R","E","M","R","B",null,"M","?","?","M","M","R","E","R","T","?","R","?","M","M","R","B",null,"M","M","M","T","?","E","R"],"character_chosen":"IRONCLAD","items_purchased":["Clash"],"gold_per_floor":[115,68,68,68,143,143,160,178,178,190,201,201,226,240,240,345,345,357,282,182,193,207,207,233,233,233,148,148,148,167,183,183,287,317,329,348,361,361,361,395,395,395],"floor_reached":42,"campfire_rested":4,"playtime":1576,"current_hp_per_floor":[34,34,26,26,15,39,45,46,46,46,45,45,60,56,56,19,75,76,76,76,46,34,34,18,46,46,46,46,77,54,42,70,23,81,66,66,37,37,87,11,37,0],"items_purged":[],"gold":395,"score":627,"play_id":"2ecbc9b8-3bce-4c4c-987f-ffdac95fed79","local_time":"20180408124845","is_prod":false,"is_daily":false,"is_ascension_mode":true,"campfire_upgraded":4,"timestamp":1523206125,"path_taken":["M","$","?","?","?","R","M","M","T","M","M","R","E","?","R","BOSS","M","?","?","?","M","R","E","R","T","?","R","?","M","M","R","BOSS","M","M","M","?","?","E","R","E"],"build_version":"2018-04-05v2","purchased_purges":0,"victory":false,"master_deck":["Strike_R","Strike_R","Strike_R","Strike_R","Defend_R","Defend_R","Defend_R","Defend_R","Bash","Inflame+1","Clash+1","Flex","Sever Soul","Bloodletting+1","Fiend Fire","Dual Wield+1","J.A.X.","True Grit+1","Intimidate+1","Limit Break+1","Warcry","Flex","Fiend Fire","Intimidate+1","Clash","Fire Breathing+1","Anger","Havoc+1"],"max_hp_per_floor":[80,80,80,80,80,80,80,80,80,80,80,80,94,94,94,94,94,94,94,94,94,94,94,94,94,94,94,94,94,94,94,94,94,99,99,99,99,99,87,87,87,87],"relics":["Black Blood","Unceasing Top","Mercury Hourglass","Ancient Tea Set","Mango","Calipers","Sundial","Orichalcum","Tiny House","Juzu Bracelet","Charon\u0027s Ashes"],"card_choices":[{"not_picked":["Rupture","Cleave"],"picked":"Inflame","floor":1},{"not_picked":["Hemokinesis","Perfected Strike"],"picked":"Flex","floor":7},{"not_picked":["Searing Blow","Iron Wave"],"picked":"Sever Soul","floor":11},{"not_picked":["Bludgeon","Body Slam"],"picked":"Bloodletting","floor":13},{"not_picked":["Bludgeon","Feed"],"picked":"Fiend Fire","floor":16},{"not_picked":["Pommel Strike","Anger"],"picked":"Dual Wield","floor":18},{"not_picked":["Second Wind","Spot Weakness"],"picked":"True Grit","floor":21},{"not_picked":["Thunderclap","Sword Boomerang"],"picked":"Intimidate","floor":22},{"not_picked":["Heavy Blade","Twin Strike"],"picked":"Limit Break","floor":24},{"not_picked":["Body Slam","Clothesline"],"picked":"Warcry","floor":30},{"not_picked":["Sword Boomerang","Perfected Strike"],"picked":"Flex","floor":31},{"not_picked":["Double Tap","Immolate"],"picked":"Fiend Fire","floor":33},{"not_picked":["Shrug It Off","Heavy Blade"],"picked":"Intimidate","floor":34},{"not_picked":["Inflame","Metallicize"],"picked":"Clash","floor":35},{"not_picked":["Body Slam","Shrug It Off"],"picked":"Fire Breathing","floor":36},{"not_picked":["Rupture","Rampage"],"picked":"Anger","floor":37},{"not_picked":["Uppercut","Heavy Blade"],"picked":"Havoc","floor":40}],"player_experience":210936,"potions_floor_usage":[10,14,22,24,37,40,42],"damage_taken":[{"damage":8,"enemies":"Jaw Worm","floor":1,"turns":5},{"damage":0,"enemies":"Cultist","floor":7,"turns":3},{"damage":5,"enemies":"Small Slimes","floor":8,"turns":3},{"damage":6,"enemies":"Exordium Wildlife","floor":10,"turns":4},{"damage":7,"enemies":"Looter","floor":11,"turns":3},{"damage":5,"enemies":"Gremlin Nob","floor":13,"turns":3},{"damage":16,"enemies":"Blue Slaver","floor":14,"turns":3},{"damage":43,"enemies":"The Guardian","floor":16,"turns":6},{"damage":9,"enemies":"Spheric Guardian","floor":18,"turns":3},{"damage":40,"enemies":"Shell Parasite","floor":21,"turns":4},{"damage":22,"enemies":"Snake Plant","floor":22,"turns":3},{"damage":26,"enemies":"Book of Stabbing","floor":24,"turns":4},{"damage":33,"enemies":"Snecko","floor":30,"turns":5},{"damage":22,"enemies":"Slaver and Parasite","floor":31,"turns":3},{"damage":57,"enemies":"Collector","floor":33,"turns":6},{"damage":25,"enemies":"3 Shapes","floor":35,"turns":5},{"damage":10,"enemies":"Orb Walker","floor":36,"turns":3},{"damage":45,"enemies":"Sphere and 2 Shapes","floor":37,"turns":6},{"damage":86,"enemies":"2 Orb Walkers","floor":40,"turns":6},{"damage":54,"enemies":"Nemesis","floor":42,"turns":5}],"event_choices":[{"event_name":"Wheel of Change","player_choice":"Damage","floor":3,"damage_taken":0},{"event_name":"Accursed Blacksmith","player_choice":"Rummage","floor":4,"damage_taken":0},{"event_name":"World of Goop","player_choice":"Gather Gold","floor":5,"damage_taken":0},{"event_name":"Beggar","player_choice":"Gave Gold","floor":19,"damage_taken":0},{"event_name":"Drug Dealer","player_choice":"Got JAXXED","floor":20,"damage_taken":0},{"event_name":"Addict","player_choice":"Obtained Relic","floor":27,"damage_taken":0},{"event_name":"The Library","player_choice":"Heal","floor":29,"damage_taken":0},{"event_name":"The Moai Head","player_choice":"Heal","floor":39,"damage_taken":0}],"boss_relics":[{"not_picked":["Snecko Eye","Velvet Choker"],"picked":"Black Blood"},{"not_picked":["Runic Dome","Pandora\u0027s Box"],"picked":"Tiny House"}],"potions_floor_spawned":[1,11,16,21,31,33,35,40],"seed_played":"-253415781772120439","killed_by":"Nemesis","ascension_level":8,"is_trial":false}