{"path_per_floor":["M","?","?","M","?","E","$","E","T","?","R","$","R","?","R","B",null,"M","?","M","?","$","R","?","R","T","M","M","T","M","$","R"],"character_chosen":"IRONCLAD","items_purchased":["Twin Strike","Dark Shackles"],"gold_per_floor":[119,119,119,131,131,159,38,72,72,72,72,72,72,72,72,170,170,182,182,194,119,19,19,19,19,69,85,97,97,113,21,21,21],"floor_reached":33,"campfire_rested":2,"playtime":1008,"current_hp_per_floor":[71,71,76,82,82,58,58,24,24,7,32,32,32,32,32,33,72,64,64,52,52,52,52,52,52,52,50,25,25,14,14,39,0],"items_purged":["Defend_R","Defend_R"],"gold":21,"score":386,"play_id":"f54f5cda-e3b1-4cab-bbbf-12c7ccf213aa","local_time":"20180411192659","is_prod":false,"is_daily":false,"is_ascension_mode":true,"campfire_upgraded":4,"timestamp":1523489219,"path_taken":["M","?","?","M","?","E","?","E","T","?","R","$","R","?","R","BOSS","M","?","?","?","?","R","?","R","T","M","M","?","?","$","R","BOSS"],"build_version":"2018-04-05v2","purchased_purges":3,"victory":false,"master_deck":["Strike_R","Strike_R","Strike_R+1","Strike_R","Strike_R","Bash+1","AscendersBane","Perfected Strike+1","Disarm+1","Twin Strike","Pommel Strike+1","Exhume+1","Cleave","Battle Trance+1","Shrug It Off+1","Dark Shackles"],"max_hp_per_floor":[80,80,85,85,85,85,85,85,85,85,85,85,85,85,85,85,85,85,85,85,85,85,85,85,85,85,85,85,85,85,85,85,85],"relics":["Burning Blood","Pantograph","Blood Vial","Du-Vu Doll","Sozu","Bronze Scales","Prayer Wheel","Gambling Chip"],"card_choices":[{"not_picked":["Iron Wave","Sever Soul"],"picked":"Perfected Strike","floor":1},{"not_picked":["Headbutt","Heavy Blade"],"picked":"Disarm","floor":4},{"not_picked":["Sever Soul","Reckless Charge"],"picked":"Pommel Strike","floor":8},{"not_picked":["Juggernaut","Impervious"],"picked":"Exhume","floor":16},{"not_picked":["Entrench","Clash"],"picked":"Cleave","floor":28},{"not_picked":["Wild Strike","Bloodletting"],"picked":"Battle Trance","floor":29},{"not_picked":["Heavy Blade","Warcry"],"picked":"Shrug It Off","floor":30}],"player_experience":298503,"potions_floor_usage":[6,6,6,20,20],"damage_taken":[{"damage":7,"enemies":"Small Slimes","floor":1,"turns":4},{"damage":0,"enemies":"Cultist","floor":4,"turns":2},{"damage":42,"enemies":"3 Sentries","floor":6,"turns":8},{"damage":40,"enemies":"Lagavulin","floor":8,"turns":7},{"damage":32,"enemies":"The Guardian","floor":16,"turns":9},{"damage":16,"enemies":"Shell Parasite","floor":18,"turns":4},{"damage":20,"enemies":"2 Thieves","floor":20,"turns":4},{"damage":10,"enemies":"Snecko","floor":27,"turns":3},{"damage":33,"enemies":"Sentry and Sphere","floor":28,"turns":4},{"damage":19,"enemies":"Centurion and Healer","floor":30,"turns":3},{"damage":75,"enemies":"Automaton","floor":33,"turns":6}],"event_choices":[{"event_name":"Purifier","player_choice":"One Purge","floor":2,"damage_taken":0},{"event_name":"Big Fish","player_choice":"Donut","floor":3,"damage_taken":0},{"event_name":"The Lab","player_choice":"Got Potions","floor":5,"damage_taken":0},{"event_name":"Shining Light","player_choice":"Entered Light","floor":10,"damage_taken":0},{"event_name":"Liars Game","player_choice":"disagreed","floor":14,"damage_taken":0},{"event_name":"The Woman in Blue","player_choice":"Bought 0 Potions","floor":19,"damage_taken":0},{"event_name":"Beggar","player_choice":"Gave Gold","floor":21,"damage_taken":0},{"event_name":"The Mausoleum","player_choice":"Yes","floor":24,"damage_taken":0}],"boss_relics":[{"not_picked":["Ectoplasm","Runic Cube"],"picked":"Sozu"}],"potions_floor_spawned":[8,16,27,30],"seed_played":"600146355039629748","killed_by":"Automaton","ascension_level":11,"is_trial":false}