{"path_per_floor":["M","?","?","M","$","M","M","$","T","M","R","?","M","E","R","B",null,"M","$","?","T","M","R","M","T","T","R","M","M","M","$","R","B",null,"M","?","?","M","$","E","R","M","T","E","M","E","M","M","R","B"],"character_chosen":"IRONCLAD","items_purchased":["Feel No Pain","Master of Strategy","Singing Bowl","Corruption"],"gold_per_floor":[116,116,191,207,172,191,208,15,41,56,56,56,66,129,129,224,224,240,165,165,192,204,204,220,220,243,243,262,275,288,45,45,146,146,156,156,156,175,99,129,129,149,175,207,223,250,266,284,284,284],"floor_reached":51,"campfire_rested":1,"playtime":3265,"current_hp_per_floor":[53,50,39,45,45,28,23,23,23,26,54,54,54,43,43,38,96,96,96,77,77,80,80,83,83,83,83,83,86,89,89,89,92,101,103,103,95,97,97,105,105,109,109,109,111,108,113,115,115,115],"items_purged":["Strike_R","Strike_R"],"gold":284,"score":1066,"play_id":"1962fb47-4f3b-4539-8e2a-8b762cc5699c","local_time":"20180417195606","is_prod":false,"is_daily":false,"chose_seed":true,"is_ascension_mode":false,"campfire_upgraded":6,"timestamp":1524009366,"path_taken":["M","?","?","M","$","M","M","$","T","?","R","?","M","E","R","BOSS","M","$","?","?","?","R","M","?","T","R","M","M","M","$","R","BOSS","M","?","?","M","$","E","R","M","T","E","M","E","M","M","R","BOSS"],"build_version":"2018-04-13","seed_source_timestamp":1374819410794,"purchased_purges":3,"victory":true,"master_deck":["Strike_R","Strike_R","Strike_R","Defend_R","Defend_R","Defend_R","Defend_R","Bash","Corruption+1","Feel No Pain+1","Bloodletting+1","Intimidate+1","Master of Strategy+1","Havoc","Seeing Red","Armaments","Flex","Shrug It Off","Exhume+1","Havoc","Body Slam+1","Warcry","Fiend Fire+1","Barricade","Finesse","Thinking Ahead","Seeing Red+1","Corruption","Corruption","Armaments+1"],"max_hp_per_floor":[96,96,96,96,96,96,96,96,96,96,96,96,96,96,96,96,96,96,96,101,101,101,101,101,101,101,101,101,101,101,101,101,101,101,103,103,105,105,105,107,107,109,109,109,111,111,113,115,115,115],"relics":["Burning Blood","Dead Branch","Omamori","Tiny Chest","Orrery","Vajra","Molten Egg 2","Regal Pillow","Singing Bowl","Snecko Eye","Oddly Smooth Stone","Prayer Wheel","Juzu Bracelet","Bag of Preparation"],"card_choices":[{"not_picked":["Inflame","Reckless Charge"],"picked":"Corruption","floor":1},{"not_picked":["Sword Boomerang","Anger"],"picked":"Bloodletting","floor":6},{"not_picked":["Clash","Havoc"],"picked":"Intimidate","floor":7},{"not_picked":["Wild Strike","Fire Breathing"],"picked":"Havoc","floor":10},{"not_picked":["Anger","Inflame"],"picked":"Seeing Red","floor":14},{"not_picked":["Warcry","Clothesline"],"picked":"Armaments","floor":17},{"not_picked":["Clothesline","Clash"],"picked":"Flex","floor":17},{"not_picked":["Iron Wave","Sever Soul"],"picked":"Shrug It Off","floor":17},{"not_picked":["Anger","Body Slam"],"picked":"Exhume","floor":18},{"not_picked":["Headbutt","Reckless Charge"],"picked":"Havoc","floor":22},{"not_picked":["Combust","Cleave"],"picked":"Body Slam","floor":24},{"not_picked":["Flex","Iron Wave"],"picked":"Warcry","floor":28},{"not_picked":["Impervious","Double Tap"],"picked":"Fiend Fire","floor":33},{"not_picked":["Secret Weapon","Sadistic Nature"],"picked":"Finesse","floor":37},{"not_picked":["Trip","Enlightenment"],"picked":"Thinking Ahead","floor":37},{"not_picked":["Iron Wave","Cleave"],"picked":"Seeing Red","floor":38},{"not_picked":["Ghostly Armor","Armaments"],"picked":"Corruption","floor":44},{"not_picked":["Demon Form","Cleave"],"picked":"Armaments","floor":46}],"player_experience":19287,"potions_floor_usage":[7,7],"damage_taken":[{"damage":1,"enemies":"Cultist","floor":1,"turns":4},{"damage":0,"enemies":"2 Louse","floor":4,"turns":3},{"damage":23,"enemies":"Jaw Worm","floor":6,"turns":4},{"damage":20,"enemies":"Gremlin Gang","floor":7,"turns":4},{"damage":3,"enemies":"Looter","floor":10,"turns":4},{"damage":6,"enemies":"Large Slime","floor":13,"turns":3},{"damage":17,"enemies":"Gremlin Nob","floor":14,"turns":4},{"damage":11,"enemies":"Slime Boss","floor":16,"turns":4},{"damage":5,"enemies":"Shell Parasite","floor":18,"turns":3},{"damage":3,"enemies":"Spheric Guardian","floor":22,"turns":3},{"damage":3,"enemies":"Snake Plant","floor":24,"turns":4},{"damage":6,"enemies":"Cultist and Chosen","floor":28,"turns":3},{"damage":3,"enemies":"Centurion and Healer","floor":29,"turns":6},{"damage":3,"enemies":"Snake Plant","floor":30,"turns":1},{"damage":3,"enemies":"Collector","floor":33,"turns":2},{"damage":0,"enemies":"Orb Walker","floor":35,"turns":1},{"damage":4,"enemies":"3 Shapes","floor":38,"turns":2},{"damage":0,"enemies":"2 Orb Walkers","floor":40,"turns":3},{"damage":7,"enemies":"3 Darklings","floor":42,"turns":2},{"damage":7,"enemies":"Nemesis","floor":44,"turns":3},{"damage":0,"enemies":"Flame Bruiser 2 Orb","floor":45,"turns":1},{"damage":9,"enemies":"2 Orb Walkers","floor":46,"turns":2},{"damage":3,"enemies":"Sphere and 2 Shapes","floor":47,"turns":4},{"damage":3,"enemies":"4 Shapes","floor":48,"turns":2},{"damage":0,"enemies":"Donu and Deca","floor":50,"turns":1}],"event_choices":[{"event_name":"Scrap Ooze","player_choice":"success","floor":2,"damage_taken":3},{"event_name":"World of Goop","player_choice":"Gather Gold","floor":3,"damage_taken":0},{"event_name":"Living Wall","player_choice":"Grow","floor":12,"damage_taken":0},{"event_name":"Forgotten Altar","player_choice":"Shed Blood","floor":20,"damage_taken":0},{"event_name":"Match and Keep!","player_choice":"1 cards matched","floor":36,"damage_taken":0},{"event_name":"SensoryStone","player_choice":"Memory 3","floor":37,"damage_taken":0}],"boss_relics":[{"not_picked":["White Beast Statue","Cursed Key"],"picked":"Orrery"},{"not_picked":["Lizard Tail","Pandora\u0027s Box"],"picked":"Snecko Eye"}],"potions_floor_spawned":[1,6,7,16,18,24,30,35,42],"seed_played":"6951512934499831015","ascension_level":0,"is_trial":false}