{"path_per_floor":["M","?","?","$","M","M","E","$","T","?","M","?","R","$","R","B",null,"M","M","$","M","M","E","T","R","T","M","M","M","R","M","R","B",null,"?","?","?","?","?","T","?","T","T","T","?","?","?","?","T"],"character_chosen":"IRONCLAD","items_purchased":["Flex","Uppercut","Bag of Marbles"],"gold_per_floor":[116,116,116,41,54,72,103,3,27,27,39,114,114,22,22,121,151,171,185,60,75,85,117,144,144,167,186,197,208,208,219,219,319,319,336,355,374,385,385,385,396,396,445,144,154,186,202,220,220,220],"floor_reached":50,"campfire_rested":3,"playtime":2501,"current_hp_per_floor":[65,65,49,49,49,38,25,25,25,25,25,14,14,14,38,9,85,82,82,82,54,52,24,24,24,24,7,6,20,20,17,42,16,85,81,79,62,40,74,74,60,60,60,60,51,51,19,19,42,0],"items_purged":["Defend_R","Strike_R","Strike_R","Defend_R"],"gold":220,"score":525,"play_id":"0891d233-fc5f-46ab-9b6f-8128aa0e777c","local_time":"20180417215450","is_prod":false,"is_daily":false,"chose_seed":false,"is_ascension_mode":false,"campfire_upgraded":5,"timestamp":1524016490,"path_taken":["M","?","?","$","M","M","E","$","T","?","M","?","R","?","R","BOSS","M","M","$","M","M","E","?","R","T","M","M","M","R","M","R","BOSS","?","?","?","?","?","T","?","T","T","T","?","?","?","?","T","BOSS"],"build_version":"2018-04-12","seed_source_timestamp":8778046406382,"purchased_purges":4,"victory":false,"master_deck":["Strike_R+1","Strike_R+1","Strike_R+1","Bash+1","Flame Barrier+1","Pummel+1","Flex+1","Uppercut+1","Demon Form+1","Pommel Strike+1","Shrug It Off","Clothesline+1","Sword Boomerang","Sword Boomerang+1","Iron Wave+1","Hemokinesis+1","Rampage+1","Heavy Blade+1","Metallicize+1","Abandon+1","Inflame+1"],"max_hp_per_floor":[80,80,80,80,80,80,80,80,80,80,80,80,80,80,80,80,85,85,85,85,85,85,85,85,85,85,85,85,85,85,85,85,85,85,85,85,85,85,74,74,74,74,74,74,74,76,78,78,78,78],"relics":["Ring of Chaos","Bronze Scales","Ancient Tea Set","Tiny House","Pantograph","Happy Flower","King of Hearts","Painkiller Herb","Gremlin Food","Bag of Marbles","Singing Bowl"],"card_choices":[{"not_picked":["Intimidate","Battle Trance"],"picked":"Metallicize","floor":1.0},{"not_picked":["Cleave","Headbutt"],"picked":"Flame Barrier","floor":6.0},{"not_picked":["Bludgeon","Barricade"],"picked":"Demon Form","floor":16.0},{"not_picked":["Fire Breathing","Massacre"],"picked":"Pommel Strike","floor":18.0},{"not_picked":["Perfected Strike","Flame Barrier"],"picked":"Shrug It Off","floor":19.0},{"not_picked":["Whirlwind","Infernal Blade"],"picked":"Clothesline","floor":21.0},{"not_picked":["Second Wind","True Grit"],"picked":"Sword Boomerang","floor":22.0},{"not_picked":["Havoc","Anger"],"picked":"Sword Boomerang","floor":27.0},{"not_picked":["Body Slam","Anger"],"picked":"Iron Wave","floor":29.0},{"not_picked":["Warcry","Body Slam"],"picked":"Hemokinesis","floor":35.0},{"not_picked":["Iron Wave","Clash"],"picked":"Rampage","floor":36.0},{"not_picked":["Rupture","Massacre"],"picked":"Heavy Blade","floor":37.0},{"not_picked":["Shockwave","Shrug It Off"],"picked":"Metallicize","floor":38.0},{"not_picked":["Life Link","Headbutt"],"picked":"Abandon","floor":45.0},{"not_picked":["Iron Wave","Flex"],"picked":"Inflame","floor":48.0}],"player_experience":360943,"potions_floor_usage":[50,50,50],"damage_taken":[{"damage":15.0,"enemies":"Jaw Worm","floor":1.0,"turns":4.0},{"damage":0.0,"enemies":"2 Louse","floor":5.0,"turns":2.0},{"damage":11.0,"enemies":"Small Slimes","floor":6.0,"turns":4.0},{"damage":13.0,"enemies":"Lagavulin","floor":7.0,"turns":8.0},{"damage":0.0,"enemies":"Blue Slaver","floor":11.0,"turns":2.0},{"damage":29.0,"enemies":"The Guardian","floor":16.0,"turns":9.0},{"damage":3.0,"enemies":"3 Byrds","floor":18.0,"turns":4.0},{"damage":0.0,"enemies":"Spheric Guardian","floor":19.0,"turns":3.0},{"damage":28.0,"enemies":"Cultist and Chosen","floor":21.0,"turns":8.0},{"damage":2.0,"enemies":"Sentry and Sphere","floor":22.0,"turns":5.0},{"damage":28.0,"enemies":"Gremlin Leader","floor":23.0,"turns":6.0},{"damage":17.0,"enemies":"3 Cultists","floor":27.0,"turns":5.0},{"damage":1.0,"enemies":"Snecko","floor":28.0,"turns":3.0},{"damage":1.0,"enemies":"Centurion and Healer","floor":29.0,"turns":6.0},{"damage":3.0,"enemies":"3 Cultists","floor":31.0,"turns":3.0},{"damage":60.0,"enemies":"Automaton","floor":33.0,"turns":7.0},{"damage":4.0,"enemies":"3 Shapes","floor":35.0,"turns":2.0},{"damage":2.0,"enemies":"3 Darklings","floor":36.0,"turns":3.0},{"damage":17.0,"enemies":"Maw","floor":37.0,"turns":5.0},{"damage":22.0,"enemies":"Sphere and 2 Shapes","floor":38.0,"turns":4.0},{"damage":14.0,"enemies":"4 Shapes","floor":41.0,"turns":3.0},{"damage":9.0,"enemies":"3 Darklings","floor":45.0,"turns":3.0},{"damage":2.0,"enemies":"Giant Head","floor":46.0,"turns":5.0},{"damage":34.0,"enemies":"Maw","floor":47.0,"turns":5.0},{"damage":0.0,"enemies":"Sphere and 2 Shapes","floor":48.0,"turns":2.0},{"damage":97,"enemies":"Donu and Deca","floor":50,"turns":6}],"event_choices":[{"event_name":"Living Wall","player_choice":"Forget","floor":2.0,"damage_taken":0.0},{"event_name":"Shining Light","player_choice":"Entered Light","floor":3.0,"damage_taken":0.0},{"event_name":"Mirror Mist","player_choice":"Wander","floor":10.0,"damage_taken":0.0},{"event_name":"World of Goop","player_choice":"Gather Gold","floor":12.0,"damage_taken":0.0},{"event_name":"The Moai Head","player_choice":"Heal","floor":39.0,"damage_taken":0.0}],"boss_relics":[],"potions_floor_spawned":[1,5,16,23,27,29,31,38,41,48],"seed_played":"-4983565881225848373","killed_by":"Donu and Deca","ascension_level":0,"is_trial":false}