{"path_per_floor":["M","M","$","M","?","R","?","T","T","M","?","M","M","$","R","B",null,"M","M","?","?","T","R","M","M","T","R","$","M","M","$","R","B",null,"M","$","?","?","$","R","M","M","T","M","M","R","M","M","R"],"character_chosen":"IRONCLAD","items_purchased":["Apotheosis","Peace Pipe","Pen Nib"],"gold_per_floor":[216,228,27,46,46,46,46,46,46,59,59,69,84,9,9,113,113,133,144,194,294,294,294,310,325,325,325,33,51,70,70,70,175,175,190,41,41,41,41,41,52,69,69,82,95,95,107,127,127,127],"floor_reached":50,"campfire_rested":2,"playtime":1247,"current_hp_per_floor":[80,76,76,80,64,64,64,64,64,58,51,47,47,47,47,10,80,76,62,62,62,62,62,53,59,59,59,59,44,50,50,50,7,80,80,80,70,80,80,80,57,24,24,23,10,34,40,26,50,0],"items_purged":["Defend_R"],"gold":127,"score":438,"play_id":"900fdef8-5f93-45af-9546-8224bac9d90d","local_time":"20180417190003","is_prod":false,"is_daily":false,"chose_seed":false,"is_ascension_mode":false,"campfire_upgraded":4,"timestamp":1524006003,"path_taken":["M","?","$","M","?","R","?","?","T","M","?","?","M","$","R","BOSS","M","M","?","?","?","R","?","M","T","R","$","M","M","$","R","BOSS","M","$","?","?","?","R","M","M","T","M","?","R","M","M","R","BOSS"],"build_version":"2018-04-13","seed_source_timestamp":0,"purchased_purges":2,"victory":false,"master_deck":["Strike_R","Strike_R","Strike_R","Strike_R","Strike_R+1","Defend_R","Defend_R","Bash+1","Inflame+1","Shrug It Off","Apotheosis+1","Whirlwind+1","Whirlwind+1","Master of Strategy","Flex+1","Thunderclap+1","Thunderclap+1"],"max_hp_per_floor":[80,80,80,80,80,80,80,80,80,80,80,80,80,80,80,80,80,80,80,80,80,80,80,80,80,80,80,80,80,80,80,80,80,80,80,80,80,80,80,80,80,80,80,80,80,80,80,80,80,80],"relics":["Burning Blood","Mercury Hourglass","Blue Candle","Pantograph","Runic Dome","Molten Egg 2","Bottled Flame","Peace Pipe","Velvet Choker","Pen Nib","Letter Opener"],"card_choices":[{"not_picked":["Clothesline","Dropkick"],"picked":"Inflame","floor":1.0},{"not_picked":["Havoc","Anger"],"picked":"Shrug It Off","floor":2.0},{"not_picked":["Havoc","Sentinel"],"picked":"Whirlwind","floor":4.0},{"not_picked":["Intimidate","Armaments"],"picked":"Whirlwind","floor":13.0},{"not_picked":["Enlightenment","Thinking Ahead"],"picked":"Master of Strategy","floor":37},{"not_picked":["Armaments","Dual Wield"],"picked":"Flex","floor":44},{"not_picked":["Evolve","Twin Strike"],"picked":"Thunderclap","floor":45},{"not_picked":["Twin Strike","Carnage"],"picked":"Thunderclap","floor":48}],"player_experience":18040,"potions_floor_usage":[30,33,33,45,50,50],"damage_taken":[{"damage":6.0,"enemies":"Cultist","floor":1.0,"turns":3.0},{"damage":10.0,"enemies":"Small Slimes","floor":2.0,"turns":3.0},{"damage":0.0,"enemies":"2 Louse","floor":4.0,"turns":4.0},{"damage":12.0,"enemies":"Gremlin Gang","floor":10.0,"turns":2.0},{"damage":10.0,"enemies":"Looter","floor":12.0,"turns":3.0},{"damage":6.0,"enemies":"Exordium Wildlife","floor":13.0,"turns":2.0},{"damage":68.0,"enemies":"Hexaghost","floor":16.0,"turns":9.0},{"damage":10,"enemies":"Spheric Guardian","floor":18,"turns":3},{"damage":20,"enemies":"2 Thieves","floor":19,"turns":2},{"damage":15,"enemies":"Snecko","floor":24,"turns":3},{"damage":0,"enemies":"3 Cultists","floor":25,"turns":2},{"damage":21,"enemies":"Snake Plant","floor":29,"turns":3},{"damage":0,"enemies":"Snecko","floor":30,"turns":3},{"damage":86,"enemies":"Collector","floor":33,"turns":7},{"damage":0,"enemies":"3 Shapes","floor":35,"turns":1},{"damage":29,"enemies":"3 Darklings","floor":41,"turns":2},{"damage":39,"enemies":"Flame Bruiser 2 Orb","floor":42,"turns":4},{"damage":7,"enemies":"4 Shapes","floor":44,"turns":1},{"damage":19,"enemies":"Spire Growth","floor":45,"turns":3},{"damage":0,"enemies":"Flame Bruiser 2 Orb","floor":47,"turns":2},{"damage":20,"enemies":"Maw","floor":48,"turns":6},{"damage":94,"enemies":"Donu and Deca","floor":50,"turns":4}],"event_choices":[{"event_name":"Shining Light","player_choice":"Entered Light","floor":5.0,"damage_taken":0.0},{"event_name":"Liars Game","player_choice":"disagreed","floor":7.0,"damage_taken":0.0},{"event_name":"Scrap Ooze","player_choice":"success","floor":11.0,"damage_taken":7.0},{"event_name":"The Joust","player_choice":"Bet on Murderer","floor":20,"damage_taken":0},{"event_name":"Golden Shrine","player_choice":"Pray","floor":21,"damage_taken":0},{"event_name":"SensoryStone","player_choice":"Memory 3","floor":37,"damage_taken":0},{"event_name":"Winding Halls","player_choice":"Writhe","floor":38,"damage_taken":0}],"boss_relics":[{"not_picked":["Tiny House","Astrolabe"],"picked":"Runic Dome"},{"not_picked":["Pandora\u0027s Box","White Beast Statue"],"picked":"Velvet Choker"}],"potions_floor_spawned":[1,2,16,24,29,35,41,44],"seed_played":"-5045333294547009672","killed_by":"Donu and Deca","ascension_level":0,"is_trial":false}