{"path_per_floor":["M","M","?","?","M","R","?","R","T","E","$","M","?","$","R","B",null,"M","?","M","$","?","R","$","R","T","$","M","?","?","M","R"],"character_chosen":"THE_SILENT","items_purchased":["Bullet Time","Bane","Backflip","Bouncing Flask"],"gold_per_floor":[111,127,127,127,137,137,137,137,137,167,3,18,18,18,18,123,123,142,142,155,78,78,78,1,1,1,1,14,14,14,34,34],"floor_reached":33,"campfire_rested":2,"playtime":1964,"current_hp_per_floor":[67,67,72,72,72,72,72,72,72,50,50,45,33,33,33,25,75,55,55,25,25,16,40,40,40,40,40,18,18,18,6,30],"items_purged":[],"gold":34,"play_id":"a7c6a658-b385-42e6-b046-8f9f4206c72a","is_prod":false,"is_daily":false,"campfire_rituals":0,"campfire_upgraded":4,"is_hardmode":false,"path_taken":["M","M","?","?","M","R","?","R","T","E","?","M","?","?","R","BOSS","M","?","M","$","?","R","$","R","T","$","M","?","?","M","R","BOSS"],"build_version":"2018-01-18-PROD4","purchased_purges":0,"victory":false,"master_deck":["Defend_G","Defend_G","Defend_G","Defend_G","Strike_G","Strike_G","Strike_G","Strike_G","Survivor","Neutralize","Infinite Blades","Acrobatics","Calculated Gamble","Prepared","Riddle With Holes","Bullet Time","Noxious Fumes","A Thousand Cuts","Outmaneuver","Burst","Bane","Backflip","Bouncing Flask","Distraction","Bullet Time"],"max_hp_per_floor":[70,70,75,75,75,75,75,75,75,75,75,75,75,75,75,75,75,75,75,75,75,80,80,80,80,80,80,80,80,80,80,80],"relics":["Ring of the Snake","Pen Nib","Prayer Wheel","Anchor","Runic Pyramid","Nloth\u0027s Gift","Sundial"],"campfire_meditates":0,"card_choices":[{"not_picked":["Predator","Escape Plan"],"picked":"Infinite Blades"},{"not_picked":["Slice","Malaise"],"picked":"Acrobatics"},{"not_picked":["Quick Slash","Deflect"],"picked":"Prepared"},{"not_picked":["Footwork","Well Laid Plans"],"picked":"Riddle With Holes"},{"not_picked":["Bouncing Flask","Flying Knee"],"picked":"Noxious Fumes"},{"not_picked":["Unload","Envenom"],"picked":"A Thousand Cuts"},{"not_picked":["Acrobatics","Dodge and Roll"],"picked":"Outmaneuver"},{"not_picked":["Flying Knee","Deadly Poison"],"picked":"Burst"},{"not_picked":["Quick Slash","Infinite Blades"],"picked":"Distraction"}],"player_experience":36938,"potions_floor_usage":[33],"damage_taken":[{"damage":3.0,"enemies":"2 Louse","floor":1.0,"turns":3.0},{"damage":0.0,"enemies":"Small Slimes","floor":2.0,"turns":5.0},{"damage":0.0,"enemies":"Cultist","floor":5.0,"turns":5.0},{"damage":34.0,"enemies":"Gremlin Nob","floor":10.0,"turns":6.0},{"damage":5.0,"enemies":"Exordium Thugs","floor":12.0,"turns":4.0},{"damage":8.0,"enemies":"Hexaghost","floor":16.0,"turns":10.0},{"damage":20.0,"enemies":"Chosen","floor":18.0,"turns":7.0},{"damage":30.0,"enemies":"3 Byrds","floor":20.0,"turns":5.0},{"damage":22.0,"enemies":"Snake Plant","floor":28.0,"turns":4.0},{"damage":12,"enemies":"Snecko","floor":31,"turns":6},{"damage":57,"enemies":"Collector","floor":33,"turns":6}],"event_choices":[{"event_name":"Big Fish","player_choice":"Donut","floor":3.0,"damage_taken":0.0},{"event_name":"Living Wall","player_choice":"Change","floor":4.0,"damage_taken":0.0},{"event_name":"Purifier","player_choice":"One Purge","floor":7.0,"damage_taken":0.0},{"event_name":"Scrap Ooze","player_choice":"success","floor":13.0,"damage_taken":12.0},{"event_name":"N\u0027loth","player_choice":"Traded a Juzu Bracelet","floor":19.0,"damage_taken":0.0},{"event_name":"Forgotten Altar","player_choice":"Shed Blood","floor":22.0,"damage_taken":0.0},{"event_name":"Duplicator","player_choice":"One dupe","floor":29.0,"damage_taken":0.0},{"event_name":"The Mausoleum","player_choice":"No","floor":30,"damage_taken":0}],"boss_relics":[],"potions_floor_spawned":[1,2,10,31],"seed_played":"-2205020787556409646","killed_by":"Collector","is_trial":false}