{"path_per_floor":["M","M","$","M","?","R","$","M","T","R","M","?","M","M","R","B",null,"M","?","?","?","M","R","?","M","T","?","T","R","M"],"character_chosen":"THE_SILENT","items_purchased":[],"gold_per_floor":[113,126,51,61,11,11,11,29,29,29,47,47,62,78,78,180,210,222,222,222,122,137,137,137,156,156,156,208,208,221],"floor_reached":31,"campfire_rested":1,"playtime":1854,"current_hp_per_floor":[66,64,64,63,63,63,63,58,58,58,39,39,39,29,50,20,75,58,58,58,58,58,58,49,39,39,65,65,65,33],"items_purged":["Defend_G"],"gold":221,"play_id":"c3817f1c-c64d-44ff-b65f-d80c000e959c","is_prod":false,"is_daily":false,"campfire_rituals":0,"campfire_upgraded":4,"is_hardmode":false,"path_taken":["M","?","$","M","?","R","?","M","T","R","M","?","M","M","R","BOSS","M","?","?","?","M","R","?","M","T","?","?","R","M","M"],"build_version":"2018-01-18-PROD4","purchased_purges":1,"victory":false,"master_deck":["Defend_G","Defend_G","Defend_G","Strike_G","Strike_G","Strike_G","Strike_G","Survivor","Neutralize","Bouncing Flask","Corpse Explosion","Catalyst","Infinite Blades","Prepared","Infinite Blades","Flechettes","Wraith Form","Backflip","Terror","J.A.X.","Caltrops","Deadly Poison"],"max_hp_per_floor":[70,70,70,70,70,70,70,70,70,70,70,70,70,70,70,70,75,75,75,75,75,75,75,80,80,80,80,80,80,80],"relics":["Ring of the Snake","Frozen Egg","Bronze Scales","Tiny House","Tingsha","Bag of Preparation"],"campfire_meditates":0,"card_choices":[{"not_picked":["Bane","Dagger Throw"],"picked":"Bouncing Flask"},{"not_picked":["Dagger Throw","Outmaneuver"],"picked":"Corpse Explosion"},{"not_picked":["Malaise","Terror"],"picked":"Catalyst"},{"not_picked":["PiercingWail","Heel Hook"],"picked":"Infinite Blades"},{"not_picked":["Outmaneuver","PiercingWail"],"picked":"Prepared"},{"not_picked":["Masterful Stab","Outmaneuver"],"picked":"Infinite Blades"},{"not_picked":["Dash","Quick Slash"],"picked":"Flechettes"},{"not_picked":["Envenom","Phantasmal Killer"],"picked":"Wraith Form"},{"not_picked":["Quick Slash","Distraction"],"picked":"Backflip"},{"not_picked":["Dash","Masterful Stab"],"picked":"Terror"},{"not_picked":["PiercingWail","Leg Sweep"],"picked":"Caltrops"},{"not_picked":["Envenom","Poisoned Stab"],"picked":"Deadly Poison"}],"player_experience":31216,"potions_floor_usage":[13,13,14,25,25],"damage_taken":[{"damage":4,"enemies":"Blue Slaver","floor":1,"turns":5},{"damage":2,"enemies":"Small Slimes","floor":2,"turns":3},{"damage":1,"enemies":"Cultist","floor":4,"turns":3},{"damage":5,"enemies":"3 Louse","floor":8,"turns":4},{"damage":19,"enemies":"Exordium Thugs","floor":11,"turns":5},{"damage":0,"enemies":"Large Slime","floor":13,"turns":4},{"damage":10,"enemies":"Gremlin Gang","floor":14,"turns":4},{"damage":30,"enemies":"Hexaghost","floor":16,"turns":7},{"damage":17,"enemies":"3 Byrds","floor":18,"turns":3},{"damage":0,"enemies":"Chosen","floor":22,"turns":3},{"damage":16,"enemies":"Centurion and Healer","floor":25,"turns":4},{"damage":32,"enemies":"3 Cultists","floor":30,"turns":5},{"damage":35,"enemies":"Slaver and Parasite","floor":31,"turns":3}],"event_choices":[{"event_name":"The Cleric","player_choice":"Card Removal","floor":5,"damage_taken":0},{"event_name":"Dead Adventurer","player_choice":"Searched \u00271\u0027 times","floor":12,"damage_taken":0},{"event_name":"Back to Basics","player_choice":"Elegance","floor":19,"damage_taken":0},{"event_name":"Cursed Tome","player_choice":"Ignored","floor":20,"damage_taken":0},{"event_name":"Drug Dealer","player_choice":"Got JAXXED","floor":21,"damage_taken":0},{"event_name":"Forgotten Altar","player_choice":"Shed Blood","floor":24,"damage_taken":0},{"event_name":"The Library","player_choice":"Heal","floor":27,"damage_taken":0}],"boss_relics":[{"not_picked":["Runic Dome","Snecko Eye"],"picked":"Tiny House"}],"potions_floor_spawned":[1,4,11,22,25],"seed_played":"3712126233000144096","killed_by":"Slaver and Parasite","is_trial":false}