{"path_per_floor":["M","?","?","M","$","R","$","?","T","R","?","M","M","?","R","B",null,"M","M","?","$","?","R","M","?","T","M"],"character_chosen":"THE_SILENT","items_purchased":["Noxious Fumes","Acrobatics"],"gold_per_floor":[114,114,114,133,58,58,58,58,58,58,58,74,85,85,85,214,214,182,205,205,76,76,76,95,95,95,111],"floor_reached":28,"campfire_rested":1,"playtime":1607,"current_hp_per_floor":[70,70,63,63,63,63,63,68,68,68,53,50,47,47,47,26,75,36,25,25,25,25,47,30,30,30,27],"items_purged":["Writhe"],"gold":111,"play_id":"4f78f299-67b6-4a04-9e84-b38d8701bc81","is_prod":false,"is_daily":false,"is_ascension_mode":false,"campfire_upgraded":3,"path_taken":["M","?","?","?","$","R","?","?","T","R","?","?","M","?","R","BOSS","M","M","?","$","?","R","M","?","T","?","M"],"build_version":"2018-01-25-PROD3","purchased_purges":1,"victory":false,"master_deck":["Defend_G+1","Defend_G+1","Defend_G+1","Defend_G+1","Strike_G+1","Strike_G+1","Strike_G+1","Strike_G+1","Survivor","Neutralize+1","Backflip+1","Escape Plan+1","Noxious Fumes+1","Footwork+1","Endless Agony","Injury","Envenom+1","Deflect","Skewer","Acrobatics","Bouncing Flask"],"max_hp_per_floor":[70,70,70,70,70,70,70,75,75,75,75,75,75,75,75,75,75,75,75,75,75,75,75,75,75,75,75],"relics":["Ring of the Snake","Ice Cream","Golden Idol","Question Card","Dream Catcher","Bird Faced Urn"],"card_choices":[{"not_picked":["Underhanded Strike","Dodge and Roll"],"picked":"Backflip"},{"not_picked":["Backstab","Flying Knee"],"picked":"Escape Plan"},{"not_picked":["Distraction","Dagger Throw"],"picked":"Footwork"},{"not_picked":["Footwork","Deadly Poison"],"picked":"Endless Agony"},{"not_picked":["Venomology","Adrenaline"],"picked":"Envenom"},{"not_picked":["Sucker Punch","Flying Knee","Backstab"],"picked":"Deflect"},{"not_picked":["Dagger Spray","PiercingWail","Backflip"],"picked":"Skewer"},{"not_picked":["Deflect","Bane","Dagger Throw"],"picked":"Bouncing Flask"}],"player_experience":84935,"potions_floor_usage":[16,24,24,24],"damage_taken":[{"damage":0,"enemies":"2 Louse","floor":1,"turns":3},{"damage":0,"enemies":"Small Slimes","floor":4,"turns":5},{"damage":3,"enemies":"Jaw Worm","floor":12,"turns":3},{"damage":3,"enemies":"3 Louse","floor":13,"turns":4},{"damage":21,"enemies":"Hexaghost","floor":16,"turns":10},{"damage":39,"enemies":"2 Thieves","floor":18,"turns":5},{"damage":11,"enemies":"Chosen","floor":19,"turns":6},{"damage":17,"enemies":"3 Cultists","floor":24,"turns":7},{"damage":9,"enemies":"Snake Plant","floor":27,"turns":6},{"damage":31,"enemies":"Slaver and Parasite","floor":28,"turns":2}],"event_choices":[{"event_name":"Living Wall","player_choice":"Forget","floor":2,"damage_taken":0},{"event_name":"Golden Wing","player_choice":"Card Removal","floor":3,"damage_taken":0},{"event_name":"Big Fish","player_choice":"Donut","floor":8,"damage_taken":0},{"event_name":"Shining Light","player_choice":"Entered Light","floor":11,"damage_taken":0},{"event_name":"Golden Idol","player_choice":"Take Wound","floor":14,"damage_taken":0},{"event_name":"The Mausoleum","player_choice":"Yes","floor":20,"damage_taken":0},{"event_name":"Upgrade Shrine","player_choice":"Upgraded","floor":22,"damage_taken":0},{"event_name":"Back to Basics","player_choice":"Simplicity","floor":25,"damage_taken":0}],"boss_relics":[{"not_picked":["Velvet Choker","Cursed Key"],"picked":"Question Card"}],"potions_floor_spawned":[13,16,18,19],"seed_played":"2128813809887945628","killed_by":"Slaver and Parasite","ascension_level":0,"is_trial":false}