{"path_per_floor":["M","?","M","M","M","R","E","T","T","R","M","M","?","?","R","B",null,"M","?","$","M","?","R","T","R","T","M","R","M","E","M","R","B",null,"M","?","M","?","$","E","M","$","T","M","M","M","M","$","R"],"character_chosen":"THE_SILENT","items_purchased":["Panache","Bottled Lightning","Noxious Fumes","Acrobatics","Poison Potion"],"gold_per_floor":[20,20,31,50,61,61,96,96,121,121,141,156,215,215,215,313,313,324,249,36,49,49,49,49,49,49,62,62,82,115,128,128,230,230,244,244,255,255,5,32,51,51,124,138,149,164,176,25,25],"floor_reached":50,"campfire_rested":2,"playtime":3641,"current_hp_per_floor":[70,58,58,58,54,54,9,9,9,30,22,20,10,10,31,41,70,66,66,66,59,59,59,59,59,59,45,45,39,40,31,31,22,70,58,58,41,41,41,38,32,32,32,44,31,43,43,43,43],"items_purged":[],"gold":25,"play_id":"545519d0-7df3-4687-bf27-6b5bdbb80f6c","is_prod":false,"is_daily":false,"is_ascension_mode":false,"campfire_upgraded":6,"path_taken":["M","?","M","M","?","R","E","?","T","R","M","M","?","?","R","BOSS","M","?","$","M","?","R","?","R","T","M","R","M","E","M","R","BOSS","M","?","M","?","$","E","M","$","T","M","M","?","M","?","R","BOSS"],"build_version":"2018-01-25-PROD3","purchased_purges":0,"victory":false,"master_deck":["Defend_G+1","Defend_G+1","Defend_G+1","Defend_G+1","Defend_G+1","Strike_G+1","Strike_G+1","Strike_G+1","Strike_G+1","Survivor","Neutralize","Bullet Time+1","Prepared","Footwork","Backflip","Escape Plan","Infinite Blades","Deflect","Bouncing Flask+1","Corpse Explosion+1","Deflect","Panache+1","Blur","Pain","Regret","Footwork+1","Burst+1","Catalyst+1","After Image","Writhe","Regret","Cloak And Dagger+1","Eviscerate+1","Accuracy","Cloak And Dagger","Writhe","Blade Dance+1","Endless Agony+1","Cloak And Dagger+1","Caltrops+1","Noxious Fumes+1","Acrobatics"],"max_hp_per_floor":[70,70,70,70,70,70,70,70,70,70,70,70,70,70,70,70,70,70,70,70,70,70,70,70,70,70,70,70,70,70,70,70,70,70,70,70,70,70,70,70,70,70,70,70,70,70,70,70,70],"relics":["Ring of the Snake","Ornamental Fan","Mummified Hand","Du-Vu Doll","Whetstone","Pantograph","Sundial","Cursed Key","Gremlin Horn","Torii","Pen Nib","Calling Bell","Vajra","Meat on the Bone","Dodecahedron","Spirit Poop","Bottled Lightning","Bag of Preparation","Toolbox"],"card_choices":[{"not_picked":["Glass Knife","Tactician"],"picked":"Bullet Time"},{"not_picked":["PiercingWail","Distraction"],"picked":"Prepared"},{"not_picked":["Dagger Throw","Tools of the Trade"],"picked":"Footwork"},{"not_picked":["Dagger Spray","Sucker Punch"],"picked":"Backflip"},{"not_picked":["PiercingWail","Terror"],"picked":"Escape Plan"},{"not_picked":["Endless Agony","PiercingWail"],"picked":"Infinite Blades"},{"not_picked":["Tools of the Trade","Masterful Stab"],"picked":"Deflect"},{"not_picked":["Poisoned Stab","Predator"],"picked":"Bouncing Flask"},{"not_picked":["Unload","Phantasmal Killer"],"picked":"Corpse Explosion"},{"not_picked":["Dagger Spray","Underhanded Strike"],"picked":"Deflect"},{"not_picked":["Flying Knee","All Out Attack"],"picked":"Blur"},{"not_picked":["Reflex","Bane"],"picked":"Footwork"},{"not_picked":["Dagger Spray","Malaise"],"picked":"Burst"},{"not_picked":["Escape Plan","Riddle With Holes"],"picked":"Catalyst"},{"not_picked":["Storm of Steel","Bullet Time"],"picked":"After Image"},{"not_picked":["Outmaneuver","Escape Plan"],"picked":"Cloak And Dagger"},{"not_picked":["Dagger Spray","Dagger Throw"],"picked":"Eviscerate"},{"not_picked":["PiercingWail","Deadly Poison"],"picked":"Accuracy"},{"not_picked":["Quick Slash","Dagger Throw"],"picked":"Cloak And Dagger"},{"not_picked":["Outmaneuver","Finisher"],"picked":"Blade Dance"},{"not_picked":["Dagger Throw","Quick Slash"],"picked":"Endless Agony"},{"not_picked":["Riddle With Holes","Well Laid Plans"],"picked":"Cloak And Dagger"},{"not_picked":["Doppelganger","Deflect"],"picked":"Caltrops"}],"player_experience":78016,"potions_floor_usage":[13,16,30,30,33,33,40,50,50,50],"damage_taken":[{"damage":0,"enemies":"Small Slimes","floor":1,"turns":5},{"damage":0,"enemies":"Jaw Worm","floor":3,"turns":5},{"damage":0,"enemies":"Blue Slaver","floor":4,"turns":5},{"damage":4,"enemies":"2 Fungi Beasts","floor":5,"turns":5},{"damage":45,"enemies":"Gremlin Nob","floor":7,"turns":6},{"damage":8,"enemies":"3 Louse","floor":11,"turns":6},{"damage":2,"enemies":"Lots of Slimes","floor":12,"turns":4},{"damage":10,"enemies":"Lagavulin Event","floor":13,"turns":9},{"damage":15,"enemies":"Hexaghost","floor":16,"turns":15},{"damage":4,"enemies":"Shell Parasite","floor":18,"turns":7},{"damage":7,"enemies":"Spheric Guardian","floor":21,"turns":4},{"damage":14,"enemies":"Snake Plant","floor":27,"turns":3},{"damage":6,"enemies":"Chosen and Byrds","floor":29,"turns":8},{"damage":11,"enemies":"Book of Stabbing","floor":30,"turns":5},{"damage":9,"enemies":"Centurion and Healer","floor":31,"turns":4},{"damage":34,"enemies":"Automaton","floor":33,"turns":14},{"damage":12,"enemies":"3 Darklings","floor":35,"turns":6},{"damage":17,"enemies":"3 Shapes","floor":37,"turns":4},{"damage":15,"enemies":"2 Orb Walkers","floor":40,"turns":4},{"damage":18,"enemies":"Maw","floor":41,"turns":8},{"damage":0,"enemies":"3 Darklings","floor":44,"turns":1},{"damage":25,"enemies":"4 Shapes","floor":45,"turns":3},{"damage":0,"enemies":"Sphere and 2 Shapes","floor":46,"turns":1},{"damage":0,"enemies":"3 Darklings","floor":47,"turns":1},{"damage":75,"enemies":"Time Eater","floor":50,"turns":8}],"event_choices":[{"event_name":"Scrap Ooze","player_choice":"success","floor":2,"damage_taken":12},{"event_name":"Dead Adventurer","player_choice":"Searched \u00271\u0027 times","floor":13,"damage_taken":0},{"event_name":"Wheel of Change","player_choice":"Relic","floor":14,"damage_taken":0},{"event_name":"Beggar","player_choice":"Gave Gold","floor":19,"damage_taken":0},{"event_name":"Back to Basics","player_choice":"Simplicity","floor":22,"damage_taken":0},{"event_name":"Mysterious Sphere","player_choice":"Ignore","floor":36,"damage_taken":0},{"event_name":"Bonfire Elementals","player_choice":"CURSE","floor":38,"damage_taken":0}],"boss_relics":[{"not_picked":["Orrery","Velvet Choker"],"picked":"Cursed Key"},{"not_picked":["The Specimen","Black Star"],"picked":"Calling Bell"}],"potions_floor_spawned":[4,12,13,16,18,29,30,35,45,47],"seed_played":"-5999723349639378762","killed_by":"Time Eater","ascension_level":0,"is_trial":false}