{"path_per_floor":["M","?","?","$","M","R","M","M","T","E","R","?","?","?","R","B",null,"M","$","?","M","M","R","?","R","T","E","R","$","R","M","R","B",null,"M","$","?","$","?","M","R","M","T","?","E","T","R","M","R"],"character_chosen":"THE_SILENT","items_purchased":["Apotheosis","Backflip","Anchor","Quick Slash","Footwork"],"gold_per_floor":[112,287,287,56,67,67,81,92,92,117,117,145,145,145,145,244,244,260,38,38,55,75,75,75,75,75,104,104,77,77,88,88,183,183,202,26,26,26,26,43,43,53,53,53,78,78,78,94,94],"floor_reached":50,"campfire_rested":5,"playtime":2214,"current_hp_per_floor":[68,68,61,61,61,61,61,61,61,49,49,49,54,54,54,23,75,67,67,51,44,30,52,52,74,74,51,73,73,73,66,66,16,75,52,52,52,52,71,68,68,67,67,67,7,7,29,26,48],"items_purged":["Strike_G","Corpse Explosion"],"gold":94,"score":476,"play_id":"f3c5c721-4f6e-49f8-9c64-60cc5253c6a8","is_prod":false,"is_daily":false,"is_ascension_mode":true,"campfire_upgraded":6,"path_taken":["M","?","?","$","M","R","M","M","T","E","R","?","?","?","R","BOSS","M","$","?","M","M","R","?","R","T","E","R","$","R","M","R","BOSS","M","$","?","$","?","M","R","M","T","?","E","?","R","M","R","BOSS"],"build_version":"2018-02-12-PROD1","purchased_purges":3,"victory":false,"master_deck":["Defend_G","Defend_G","Defend_G","Defend_G","Defend_G","Strike_G","Strike_G","Strike_G","Survivor","Neutralize","Noxious Fumes+1","Apotheosis+1","Backflip+1","Caltrops+1","Deflect","Outmaneuver","Night Terror+1","Bane","Quick Slash","Prepared+1","Footwork+1","Writhe","Noxious Fumes+1","Injury","Blur+1","Regret","Skewer+1"],"max_hp_per_floor":[70,70,70,70,70,70,70,70,70,70,70,70,75,75,75,75,75,75,75,75,75,75,75,75,75,75,75,75,75,75,75,75,75,75,75,75,75,75,75,75,75,75,75,75,75,75,75,75,75],"relics":["Ring of the Snake","Juzu Bracelet","Letter Opener","Odd Mushroom","Cursed Key","Anchor","Enchiridion","Tingsha","Du-Vu Doll","Lizard Tail","Spirit Poop","Ice Cream","Girya","Peace Pipe"],"card_choices":[{"not_picked":["Flying Knee","PiercingWail"],"picked":"Noxious Fumes"},{"not_picked":["Underhanded Strike","Backflip"],"picked":"Caltrops"},{"not_picked":["Infinite Blades","Bane"],"picked":"Deflect"},{"not_picked":["Skewer","Backflip"],"picked":"Outmaneuver"},{"not_picked":["Glass Knife","Adrenaline"],"picked":"Night Terror"},{"not_picked":["Dagger Spray","All Out Attack"],"picked":"Bane"},{"not_picked":["Terror","Malaise"],"picked":"Prepared"},{"not_picked":["Venomology","Storm of Steel"],"picked":"Corpse Explosion"},{"not_picked":["Outmaneuver","Poisoned Stab"],"picked":"Noxious Fumes"},{"not_picked":["Deadly Poison","Blade Dance"],"picked":"Blur"},{"not_picked":["Dodge and Roll","Underhanded Strike"],"picked":"Skewer"}],"player_experience":124898,"potions_floor_usage":[21,35,45,45,50],"damage_taken":[{"damage":2,"enemies":"Cultist","floor":1,"turns":5},{"damage":0,"enemies":"2 Louse","floor":5,"turns":3},{"damage":0,"enemies":"Blue Slaver","floor":7,"turns":5},{"damage":0,"enemies":"Large Slime","floor":8,"turns":5},{"damage":12,"enemies":"Gremlin Nob","floor":10,"turns":5},{"damage":0,"enemies":"The Mushroom Lair","floor":12,"turns":4},{"damage":31,"enemies":"Slime Boss","floor":16,"turns":10},{"damage":8,"enemies":"Spheric Guardian","floor":18,"turns":6},{"damage":7,"enemies":"2 Thieves","floor":21,"turns":5},{"damage":14,"enemies":"Chosen and Byrds","floor":22,"turns":7},{"damage":23,"enemies":"Gremlin Leader","floor":27,"turns":7},{"damage":7,"enemies":"Slaver and Parasite","floor":31,"turns":7},{"damage":50,"enemies":"Collector","floor":33,"turns":15},{"damage":23,"enemies":"3 Darklings","floor":35,"turns":4},{"damage":3,"enemies":"3 Shapes","floor":40,"turns":4},{"damage":1,"enemies":"3 Darklings","floor":42,"turns":6},{"damage":99,"enemies":"Nemesis","floor":45,"turns":10},{"damage":3,"enemies":"4 Shapes","floor":48,"turns":4},{"damage":52,"enemies":"Donu and Deca","floor":50,"turns":5}],"event_choices":[{"event_name":"Liars Game","player_choice":"agreed","floor":2,"damage_taken":0},{"event_name":"Golden Wing","player_choice":"Card Removal","floor":3,"damage_taken":0},{"event_name":"Mushrooms","player_choice":"Fought Mushrooms","floor":12,"damage_taken":0},{"event_name":"Big Fish","player_choice":"Donut","floor":13,"damage_taken":0},{"event_name":"Shining Light","player_choice":"Ignored","floor":14,"damage_taken":0},{"event_name":"Cursed Tome","player_choice":"Obtained Book","floor":20,"damage_taken":0},{"event_name":"Back to Basics","player_choice":"Elegance","floor":24,"damage_taken":0},{"event_name":"Bonfire Elementals","player_choice":"CURSE","floor":37,"damage_taken":0},{"event_name":"Winding Halls","player_choice":"Writhe","floor":39,"damage_taken":0},{"event_name":"Match and Keep!","player_choice":"0 cards matched","floor":44,"damage_taken":0}],"boss_relics":[{"not_picked":["Snecko Eye","Tiny House"],"picked":"Cursed Key"},{"not_picked":["Eternal Feather","Runic Dome"],"picked":"Lizard Tail"}],"potions_floor_spawned":[1,10,21,33,40,42],"seed_played":"-4229210681051651901","killed_by":"Donu and Deca","ascension_level":2,"is_trial":false}