{"path_per_floor":["M","?","M","$","M","R","$","R","T","T","M","M","$","M","R","B",null,"M","?","$","?","?","R","$","R","T","M","E","$","M","M","R","B",null,"M","?","$","$","M","E","$","R","T","M","M","?","R","?","R","B"],"character_chosen":"THE_SILENT","items_purchased":["Apotheosis","Footwork","Expertise"],"gold_per_floor":[117,117,135,60,77,77,77,77,77,102,116,131,31,51,51,148,178,189,189,64,14,14,14,14,14,14,24,351,20,37,50,50,146,146,159,159,159,159,172,231,86,86,111,126,142,142,142,142,142,142],"floor_reached":51,"campfire_rested":5,"playtime":2576,"current_hp_per_floor":[59,59,57,57,57,57,57,57,57,57,57,47,47,40,58,54,68,65,65,65,65,53,53,53,53,53,53,52,52,52,50,71,38,73,73,73,73,73,62,30,30,51,51,34,27,27,48,48,69,18],"items_purged":["Strike_G","Strike_G","Strike_G","Defend_G"],"gold":142,"score":608,"play_id":"77169301-3f6e-430d-9e9c-fa8a88e5a0c7","is_prod":false,"is_daily":false,"is_ascension_mode":true,"campfire_upgraded":4,"path_taken":["M","?","?","$","?","R","$","R","T","?","M","?","?","M","R","BOSS","M","?","$","?","?","R","?","R","T","M","E","$","M","M","R","BOSS","M","?","?","$","M","E","$","R","T","M","?","?","R","?","R","BOSS"],"build_version":"2018-02-08-PROD1","purchased_purges":5,"victory":true,"master_deck":["Defend_G","Defend_G","Defend_G","Survivor","Neutralize+1","Acrobatics","Noxious Fumes+1","Bouncing Flask","Noxious Fumes+1","Escape Plan","Bullet Time+1","Noxious Fumes","Catalyst","Apotheosis","Burst","Backflip+1","Footwork","Expertise","After Image"],"max_hp_per_floor":[63,63,63,63,63,63,63,63,63,63,63,63,63,63,63,63,68,68,68,68,68,73,73,73,73,73,73,73,73,73,73,73,73,73,73,73,73,73,73,73,73,73,73,73,73,73,73,73,73,73],"relics":["Ring of the Snake","Frozen Eye","Oddly Smooth Stone","Tiny House","Gambling Chip","Old Coin","White Beast Statue","Tiny Chest","Snake Skull"],"card_choices":[{"not_picked":["PiercingWail","Quick Slash"],"picked":"Acrobatics"},{"not_picked":["Bane","Slice"],"picked":"Noxious Fumes"},{"not_picked":["PiercingWail","Sucker Punch"],"picked":"Bouncing Flask"},{"not_picked":["Dagger Throw","Sucker Punch"],"picked":"Noxious Fumes"},{"not_picked":["Bouncing Flask","Outmaneuver"],"picked":"Escape Plan"},{"not_picked":["Die Die Die","Tactician"],"picked":"Bullet Time"},{"not_picked":["Bouncing Flask","Deflect"],"picked":"Quick Slash"},{"not_picked":["Masterful Stab","Dagger Throw"],"picked":"Noxious Fumes"},{"not_picked":["Dodge and Roll","Dash"],"picked":"Catalyst"},{"not_picked":["Deadly Poison","Prepared"],"picked":"Expertise"},{"not_picked":["Adrenaline","Die Die Die"],"picked":"Burst"},{"not_picked":["Poisoned Stab","Slice"],"picked":"Backflip"}],"player_experience":116117,"potions_floor_usage":[16,16,27,39,44,50,50],"damage_taken":[{"damage":4,"enemies":"Cultist","floor":1,"turns":5},{"damage":2,"enemies":"Blue Slaver","floor":3,"turns":5},{"damage":0,"enemies":"Jaw Worm","floor":5,"turns":5},{"damage":0,"enemies":"Red Slaver","floor":11,"turns":4},{"damage":10,"enemies":"Gremlin Gang","floor":12,"turns":4},{"damage":7,"enemies":"Exordium Thugs","floor":14,"turns":5},{"damage":4,"enemies":"The Guardian","floor":16,"turns":8},{"damage":3,"enemies":"Shell Parasite","floor":18,"turns":6},{"damage":0,"enemies":"Spheric Guardian","floor":27,"turns":3},{"damage":1,"enemies":"Gremlin Leader","floor":28,"turns":5},{"damage":0,"enemies":"Snake Plant","floor":30,"turns":2},{"damage":2,"enemies":"Centurion and Healer","floor":31,"turns":5},{"damage":33,"enemies":"Collector","floor":33,"turns":6},{"damage":0,"enemies":"Orb Walker","floor":35,"turns":3},{"damage":11,"enemies":"3 Darklings","floor":39,"turns":5},{"damage":32,"enemies":"Nemesis","floor":40,"turns":7},{"damage":17,"enemies":"Maw","floor":44,"turns":4},{"damage":7,"enemies":"Sphere and 2 Shapes","floor":45,"turns":5},{"damage":66,"enemies":"Time Eater","floor":50,"turns":8}],"event_choices":[{"event_name":"The Lab","player_choice":"Got Potions","floor":2,"damage_taken":0},{"event_name":"Bonfire Elementals","player_choice":"BASIC","floor":19,"damage_taken":0},{"event_name":"The Joust","player_choice":"Bet on Murderer","floor":21,"damage_taken":0},{"event_name":"Forgotten Altar","player_choice":"Shed Blood","floor":22,"damage_taken":0},{"event_name":"Transmorgrifier","player_choice":"Transform","floor":46,"damage_taken":0},{"event_name":"Accursed Blacksmith","player_choice":"Ignore","floor":48,"damage_taken":0}],"boss_relics":[{"not_picked":["Snecko Eye","Runic Dome"],"picked":"Tiny House"},{"not_picked":["Astrolabe","Pandora\u0027s Box"],"picked":"White Beast Statue"}],"potions_floor_spawned":[3,14,16,30,31,33,35,39,40,44,45],"seed_played":"-3686047614334727206","ascension_level":1,"is_trial":false}