{"path_per_floor":["M","M","$","M","?","R","M","R","T","M","R","M","?","?","R","B",null,"M","M","M","M","M","R","M","R","T","M","?","?","M","T","R","B",null,"M","?","?","M","$","R","M","R","T","M","?","M","$","?","R"],"character_chosen":"THE_SILENT","items_purchased":["Accuracy","Kunai","Acrobatics","Ancient Tea Set"],"gold_per_floor":[109,122,47,64,29,29,42,42,122,132,132,144,144,144,144,240,240,259,278,288,304,319,319,334,334,384,400,400,400,411,434,434,539,539,555,555,555,573,184,184,199,199,199,210,210,228,107,0,0],"floor_reached":50,"campfire_rested":5,"playtime":2369,"current_hp_per_floor":[66,66,66,55,70,70,55,55,55,53,53,53,46,46,46,17,70,53,40,39,38,26,47,43,64,64,57,57,57,52,52,70,7,70,58,70,70,55,55,65,38,69,69,36,36,23,23,23,54],"items_purged":["Strike_G","Decay"],"gold":0,"score":452,"play_id":"ba6dacfc-2648-4dfb-84e1-fee97f83df0a","is_prod":false,"is_daily":false,"is_ascension_mode":true,"campfire_upgraded":5,"path_taken":["M","M","$","M","?","R","M","R","T","M","R","?","?","?","R","BOSS","M","M","?","?","M","R","M","R","T","M","?","?","?","?","R","BOSS","M","?","?","M","$","R","M","R","T","M","?","?","$","?","R","BOSS"],"build_version":"2018-02-12-PROD1","purchased_purges":2,"victory":false,"master_deck":["Defend_G","Defend_G","Defend_G","Defend_G","Defend_G","Strike_G","Strike_G","Strike_G","Survivor","Neutralize+1","Quick Slash","Noxious Fumes+1","Flying Knee+1","Terror+1","Deflect","Backflip+1","After Image","Escape Plan+1","Unload","Choke+1","Infinite Blades+1","Catalyst","Phantasmal Killer","Prepared","Accuracy+1","Acrobatics","Outmaneuver+1","Crippling Poison"],"max_hp_per_floor":[70,70,70,70,70,70,70,70,70,70,70,70,70,70,70,70,70,70,70,70,70,70,70,70,70,70,70,70,70,70,70,70,70,70,70,70,70,70,70,70,70,70,70,70,70,70,70,70,70],"relics":["Ring of the Snake","The Courier","Bag of Preparation","Sozu","Vajra","Orichalcum","Happy Flower","Eternal Feather","Kunai","Unceasing Top","Ancient Tea Set","Red Mask"],"card_choices":[{"not_picked":["Dagger Throw","Prepared"],"picked":"Quick Slash"},{"not_picked":["Acrobatics","Cloak And Dagger"],"picked":"Noxious Fumes"},{"not_picked":["Prepared","Riddle With Holes"],"picked":"Flying Knee"},{"not_picked":["Outmaneuver","Endless Agony"],"picked":"Terror"},{"not_picked":["Malaise","Terror"],"picked":"Deflect"},{"not_picked":["Expertise","Dodge and Roll"],"picked":"Backflip"},{"not_picked":["Tactician","Venomology"],"picked":"After Image"},{"not_picked":["Poisoned Stab","Acrobatics"],"picked":"Escape Plan"},{"not_picked":["Dagger Spray","Deadly Poison"],"picked":"Unload"},{"not_picked":["Dagger Spray","Dodge and Roll"],"picked":"Choke"},{"not_picked":["Flying Knee","Dash"],"picked":"Infinite Blades"},{"not_picked":["Dagger Throw","Envenom"],"picked":"Catalyst"},{"not_picked":["Unload","Envenom"],"picked":"Phantasmal Killer"},{"not_picked":["Deflect","Backstab"],"picked":"Prepared"},{"not_picked":["Masterful Stab","Noxious Fumes"],"picked":"Outmaneuver"},{"not_picked":["Acrobatics","Bane"],"picked":"Crippling Poison"}],"player_experience":133291,"potions_floor_usage":[10,16],"damage_taken":[{"damage":4,"enemies":"Blue Slaver","floor":1,"turns":5},{"damage":0,"enemies":"2 Louse","floor":2,"turns":3},{"damage":11,"enemies":"Jaw Worm","floor":4,"turns":3},{"damage":15,"enemies":"Red Slaver","floor":7,"turns":5},{"damage":2,"enemies":"Exordium Wildlife","floor":10,"turns":5},{"damage":0,"enemies":"Large Slime","floor":12,"turns":4},{"damage":29,"enemies":"Slime Boss","floor":16,"turns":10},{"damage":17,"enemies":"Spheric Guardian","floor":18,"turns":7},{"damage":13,"enemies":"3 Byrds","floor":19,"turns":5},{"damage":1,"enemies":"Centurion and Healer","floor":20,"turns":7},{"damage":1,"enemies":"3 Cultists","floor":21,"turns":6},{"damage":12,"enemies":"Snake Plant","floor":22,"turns":5},{"damage":4,"enemies":"Centurion and Healer","floor":24,"turns":6},{"damage":7,"enemies":"Snecko","floor":27,"turns":4},{"damage":5,"enemies":"3 Cultists","floor":30,"turns":5},{"damage":63,"enemies":"Automaton","floor":33,"turns":11},{"damage":12,"enemies":"3 Shapes","floor":35,"turns":7},{"damage":15,"enemies":"Orb Walker","floor":38,"turns":3},{"damage":27,"enemies":"3 Darklings","floor":41,"turns":5},{"damage":33,"enemies":"Sphere and 2 Shapes","floor":44,"turns":7},{"damage":13,"enemies":"Maw","floor":46,"turns":7},{"damage":65,"enemies":"Awakened One","floor":50,"turns":10}],"event_choices":[{"event_name":"The Cleric","player_choice":"Healed","floor":5,"damage_taken":0},{"event_name":"Scrap Ooze","player_choice":"success","floor":13,"damage_taken":7},{"event_name":"Living Wall","player_choice":"Grow","floor":14,"damage_taken":0},{"event_name":"Forgotten Altar","player_choice":"Smashed Altar","floor":28,"damage_taken":0},{"event_name":"The Mausoleum","player_choice":"Yes","floor":29,"damage_taken":0},{"event_name":"Winding Halls","player_choice":"Writhe","floor":36,"damage_taken":0},{"event_name":"Fountain of Cleansing","player_choice":"Removed Curse","floor":45,"damage_taken":0},{"event_name":"Tomb of Lord Red Mask","player_choice":"Paid","floor":48,"damage_taken":0}],"boss_relics":[{"not_picked":["Black Star","Astrolabe"],"picked":"Sozu"},{"not_picked":["Snecko Eye","White Beast Statue"],"picked":"Eternal Feather"}],"potions_floor_spawned":[2,4,16,19,20,30,33,35,41],"seed_played":"-2065070299558420348","killed_by":"Awakened One","ascension_level":2,"is_trial":false}