{"path_per_floor":["M","?","?","?","M","R","E","R","T","E","$","M","R","M","R","B",null,"M","?","?","M","M","R","M","R","T","?","$","M","M","$","R"],"character_chosen":"THE_SILENT","items_purchased":["Heel Hook","Accuracy","Block Potion","Flying Knee","Bag of Preparation"],"gold_per_floor":[110,110,110,110,129,129,156,156,181,210,88,103,103,122,122,220,220,239,239,489,507,521,521,536,536,536,451,270,280,298,43,43],"floor_reached":33,"campfire_rested":3,"playtime":1472,"current_hp_per_floor":[70,70,70,70,70,70,70,70,70,32,32,32,32,30,30,9,70,62,62,62,59,25,46,5,26,26,26,26,19,19,19,40],"items_purged":["Strike_G","Regret","Injury"],"gold":43,"score":308,"play_id":"1ddc460b-5091-4cb0-ab43-98ff632e2f53","is_prod":false,"is_daily":false,"is_ascension_mode":true,"campfire_upgraded":4,"path_taken":["M","?","?","?","M","R","E","R","T","E","$","M","R","M","R","BOSS","M","?","?","?","M","R","M","R","T","?","$","M","?","$","R","BOSS"],"build_version":"2018-02-12-PROD1","purchased_purges":3,"victory":false,"master_deck":["Defend_G","Defend_G","Defend_G","Defend_G","Defend_G","Strike_G","Strike_G","Strike_G","Strike_G","Survivor","Neutralize+1","Dodge and Roll+1","Quick Slash+1","Sucker Punch+1","Backflip","Heel Hook+1","Backflip","Night Terror","Infinite Blades+1","Footwork","Acrobatics+1","Cloak And Dagger","Accuracy","A Thousand Cuts","Noxious Fumes","Flying Knee","Underhanded Strike+1"],"max_hp_per_floor":[70,70,70,70,70,70,70,70,70,70,70,70,70,70,70,70,70,70,70,70,70,70,70,70,70,70,70,70,70,70,70,70],"relics":["Ring of the Snake","NeowsBlessing","Smiling Mask","Art of War","Paper Crane","Cursed Key","Toxic Egg 2","Dream Catcher","Bag of Preparation"],"card_choices":[{"not_picked":["Masterful Stab","All Out Attack"],"picked":"Dodge and Roll"},{"not_picked":["All Out Attack","PiercingWail"],"picked":"Quick Slash"},{"not_picked":["Slice","Bouncing Flask"],"picked":"Sucker Punch"},{"not_picked":["Acrobatics","Prepared"],"picked":"Backflip"},{"not_picked":["Deadly Poison","Bane"],"picked":"Backflip"},{"not_picked":["After Image","Venomology"],"picked":"Night Terror"},{"not_picked":["Endless Agony","Prepared"],"picked":"Infinite Blades"},{"not_picked":["Reflex","PiercingWail"],"picked":"Acrobatics"},{"not_picked":["Caltrops","Dash"],"picked":"Cloak And Dagger"},{"not_picked":["Acrobatics","Bane"],"picked":"A Thousand Cuts"},{"not_picked":["Well Laid Plans","Deadly Poison"],"picked":"Noxious Fumes"},{"not_picked":["Dagger Throw","Sucker Punch"],"picked":"Underhanded Strike"}],"player_experience":135660,"potions_floor_usage":[14,16,16,18,29,33],"damage_taken":[{"damage":0,"enemies":"Cultist","floor":1,"turns":1},{"damage":0,"enemies":"Blue Slaver","floor":5,"turns":1},{"damage":0,"enemies":"Lagavulin","floor":7,"turns":1},{"damage":38,"enemies":"Gremlin Nob","floor":10,"turns":6},{"damage":0,"enemies":"Small Slimes","floor":12,"turns":3},{"damage":2,"enemies":"Gremlin Gang","floor":14,"turns":6},{"damage":21,"enemies":"Slime Boss","floor":16,"turns":13},{"damage":8,"enemies":"3 Byrds","floor":18,"turns":5},{"damage":3,"enemies":"Shell Parasite","floor":21,"turns":6},{"damage":34,"enemies":"Snake Plant","floor":22,"turns":10},{"damage":41,"enemies":"3 Cultists","floor":24,"turns":7},{"damage":7,"enemies":"Chosen and Byrds","floor":29,"turns":9},{"damage":0,"enemies":"Snecko","floor":30,"turns":7},{"damage":58,"enemies":"Collector","floor":33,"turns":5}],"event_choices":[{"event_name":"Upgrade Shrine","player_choice":"Upgraded","floor":2,"damage_taken":0},{"event_name":"Wheel of Change","player_choice":"Curse","floor":3,"damage_taken":0},{"event_name":"Purifier","player_choice":"One Purge","floor":4,"damage_taken":0},{"event_name":"The Library","player_choice":"Read","floor":19,"damage_taken":0},{"event_name":"Golden Shrine","player_choice":"Desecrate","floor":20,"damage_taken":0},{"event_name":"Addict","player_choice":"Obtained Relic","floor":27,"damage_taken":0}],"boss_relics":[{"not_picked":["Question Card","Tiny House"],"picked":"Cursed Key"}],"potions_floor_spawned":[1,10,12,16,30],"seed_played":"-194210792867927002","killed_by":"Collector","ascension_level":2,"is_trial":false}