{"path_per_floor":["M","M","$","M","?","E","R","M","T","?","M","?","R","?","R","B",null,"M","?","$","?","M","R","?","R","T","T","$","M","M","?","R"],"character_chosen":"THE_SILENT","items_purchased":["Noxious Fumes"],"gold_per_floor":[118,138,56,69,69,104,104,124,124,124,138,138,138,138,138,237,237,256,256,181,181,155,155,155,155,155,155,155,171,184,184,184],"floor_reached":33,"campfire_rested":1,"playtime":1512,"current_hp_per_floor":[70,69,69,68,73,60,60,54,54,54,46,46,46,46,46,9,75,75,75,75,61,52,52,52,52,52,52,52,26,8,8,32],"items_purged":["Strike_G"],"gold":184,"score":267,"play_id":"f6c6c571-7675-4617-a6dc-6afb09dceb74","is_prod":false,"is_daily":false,"is_ascension_mode":true,"campfire_upgraded":5,"path_taken":["M","?","$","M","?","E","R","M","T","?","?","?","R","?","R","BOSS","M","?","$","?","M","R","?","R","T","?","$","M","M","?","R","BOSS"],"build_version":"2018-02-15-PROD1","purchased_purges":1,"victory":false,"master_deck":["Defend_G","Defend_G","Defend_G","Defend_G","Defend_G","Strike_G","Strike_G","Survivor","Neutralize+1","Escape Plan","Backflip","Noxious Fumes+1","Outmaneuver+1","PiercingWail","Envenom+1","Backflip","Bullet Time","Noxious Fumes+1","Finesse+1","Backflip"],"max_hp_per_floor":[70,70,70,70,75,75,75,75,75,75,75,75,75,75,75,75,75,75,75,75,80,80,80,80,80,80,80,80,80,80,80,80],"relics":["Ring of the Snake","Bottled Flame","Torii","Centennial Puzzle","Snecko Eye","Unceasing Top","Ornamental Fan"],"card_choices":[{"not_picked":["Deadly Poison","Slice"],"picked":"Escape Plan"},{"not_picked":["Deadly Poison","Poisoned Stab"],"picked":"Backflip"},{"not_picked":["Sucker Punch","Quick Slash"],"picked":"Outmaneuver"},{"not_picked":["Slice","Tools of the Trade"],"picked":"PiercingWail"},{"not_picked":["Tactician","Burst"],"picked":"Bullet Time"},{"not_picked":["Terror","Concentrate"],"picked":"Noxious Fumes"}],"player_experience":175388,"potions_floor_usage":[16,30],"damage_taken":[{"damage":0,"enemies":"Cultist","floor":1,"turns":3},{"damage":1,"enemies":"Small Slimes","floor":2,"turns":4},{"damage":1,"enemies":"Jaw Worm","floor":4,"turns":5},{"damage":13,"enemies":"3 Sentries","floor":6,"turns":8},{"damage":6,"enemies":"Exordium Thugs","floor":8,"turns":5},{"damage":8,"enemies":"2 Fungi Beasts","floor":11,"turns":4},{"damage":37,"enemies":"Slime Boss","floor":16,"turns":12},{"damage":0,"enemies":"Shell Parasite","floor":18,"turns":7},{"damage":9,"enemies":"2 Thieves","floor":22,"turns":5},{"damage":26,"enemies":"Chosen and Byrds","floor":29,"turns":9},{"damage":18,"enemies":"3 Cultists","floor":30,"turns":6},{"damage":41,"enemies":"Automaton","floor":33,"turns":8}],"event_choices":[{"event_name":"Big Fish","player_choice":"Donut","floor":5,"damage_taken":0},{"event_name":"Match and Keep!","player_choice":"2 cards matched","floor":10,"damage_taken":0},{"event_name":"Purifier","player_choice":"One Purge","floor":12,"damage_taken":0},{"event_name":"Dead Adventurer","player_choice":"Searched \u00272\u0027 times","floor":14,"damage_taken":0},{"event_name":"Back to Basics","player_choice":"Elegance","floor":19,"damage_taken":0},{"event_name":"Forgotten Altar","player_choice":"Shed Blood","floor":21,"damage_taken":0},{"event_name":"Match and Keep!","player_choice":"1 cards matched","floor":24,"damage_taken":0},{"event_name":"Duplicator","player_choice":"One dupe","floor":31,"damage_taken":0}],"boss_relics":[{"not_picked":["White Beast Statue","The Specimen"],"picked":"Snecko Eye"}],"potions_floor_spawned":[11,22],"seed_played":"5664912972044703832","killed_by":"Automaton","ascension_level":2,"is_trial":false}