{"path_per_floor":["M","?","$","?","M","R","E","M","T","$","M","M","R","?","R","B",null,"M","?","M","$","?","R","M","M","T","M","R","E","$","M","R"],"character_chosen":"THE_SILENT","items_purchased":["Well Laid Plans","Blur","Bane"],"gold_per_floor":[110,110,35,35,51,51,85,98,149,44,60,74,74,136,136,241,241,241,241,241,241,241,241,241,241,241,241,241,241,191,191,191],"floor_reached":33,"campfire_rested":3,"playtime":1171,"current_hp_per_floor":[70,70,70,70,67,67,55,55,55,55,32,27,48,42,42,9,70,69,56,42,42,42,42,28,16,16,16,38,22,22,14,37],"items_purged":["Strike_G"],"gold":191,"score":294,"play_id":"9ad3648d-1c88-4114-a3d5-9060241d57b2","is_prod":false,"is_daily":false,"is_ascension_mode":true,"campfire_upgraded":3,"path_taken":["M","?","$","?","M","R","E","?","T","$","M","?","R","?","R","BOSS","M","?","?","?","?","R","M","M","T","M","R","E","$","M","R","BOSS"],"build_version":"2018-02-22-PROD2","purchased_purges":2,"victory":false,"master_deck":["Defend_G","Defend_G","Defend_G","Defend_G","Defend_G","Strike_G","Strike_G","Strike_G","Survivor","Neutralize","Die Die Die+1","Predator","Footwork+1","Well Laid Plans","Blur","Die Die Die+1","Escape Plan","Glass Knife+1","Backflip","Escape Plan+1","Envenom","Bane+1"],"max_hp_per_floor":[70,70,70,70,70,70,70,70,70,70,70,70,70,70,70,70,70,70,75,75,75,75,75,75,75,75,75,75,75,75,77,77],"relics":["Ring of the Snake","Shuriken","Snake Skull","Molten Egg 2","Ectoplasm","Singing Bowl","Omamori"],"card_choices":[{"not_picked":["Flying Knee","Dodge and Roll"],"picked":"Die Die Die"},{"not_picked":["Quick Slash","Underhanded Strike"],"picked":"Predator"},{"not_picked":["Bane","Flying Knee"],"picked":"Footwork"},{"not_picked":["Poisoned Stab","Flying Knee"],"picked":"Die Die Die"},{"not_picked":["Blur","Bane"],"picked":"Escape Plan"},{"not_picked":["Doppelganger","Venomology"],"picked":"Glass Knife"},{"not_picked":["All Out Attack","Underhanded Strike"],"picked":"Backflip"},{"not_picked":["Choke","Poisoned Stab"],"picked":"Escape Plan"},{"not_picked":["Acrobatics","Poisoned Stab"],"picked":"Envenom"}],"player_experience":200741,"potions_floor_usage":[14,16,16,29,31,33],"damage_taken":[{"damage":0,"enemies":"2 Louse","floor":1,"turns":3},{"damage":3,"enemies":"Jaw Worm","floor":5,"turns":5},{"damage":12,"enemies":"Gremlin Nob","floor":7,"turns":4},{"damage":0,"enemies":"Cultist","floor":8,"turns":2},{"damage":23,"enemies":"Gremlin Gang","floor":11,"turns":4},{"damage":5,"enemies":"Red Slaver","floor":12,"turns":2},{"damage":6,"enemies":"Gremlin Nob","floor":14,"turns":4},{"damage":33,"enemies":"Slime Boss","floor":16,"turns":14},{"damage":1,"enemies":"Spheric Guardian","floor":18,"turns":3},{"damage":14,"enemies":"Shell Parasite","floor":20,"turns":4},{"damage":14,"enemies":"Snecko","floor":24,"turns":5},{"damage":12,"enemies":"Snake Plant","floor":25,"turns":4},{"damage":0,"enemies":"Centurion and Healer","floor":27,"turns":6},{"damage":16,"enemies":"Book of Stabbing","floor":29,"turns":5},{"damage":10,"enemies":"Snecko","floor":31,"turns":4},{"damage":48,"enemies":"Champ","floor":33,"turns":8}],"event_choices":[{"event_name":"Liars Game","player_choice":"disagreed","floor":2,"damage_taken":0},{"event_name":"Bonfire Elementals","player_choice":"BASIC","floor":4,"damage_taken":0},{"event_name":"Dead Adventurer","player_choice":"Searched \u00271\u0027 times","floor":14,"damage_taken":0},{"event_name":"Forgotten Altar","player_choice":"Shed Blood","floor":19,"damage_taken":0},{"event_name":"Drug Dealer","player_choice":"Ignored","floor":22,"damage_taken":0}],"boss_relics":[{"not_picked":["White Beast Statue","Lizard Tail"],"picked":"Ectoplasm"}],"potions_floor_spawned":[5,8,11,12,16,24,27,31],"seed_played":"-6355046246999382758","killed_by":"Champ","ascension_level":2,"is_trial":false}