{"path_per_floor":["M","?","$","M","M","R","E","M","T","M","?","?","R","M","R","B",null,"M","M"],"character_chosen":"THE_SILENT","items_purchased":["Backflip"],"gold_per_floor":[115,115,65,85,95,95,122,136,136,148,248,226,226,246,246,346,346,357,377],"floor_reached":20,"campfire_rested":3,"playtime":898,"current_hp_per_floor":[77,59,59,56,56,81,44,23,23,17,17,17,42,28,53,26,84,67,65],"items_purged":[],"gold":377,"score":194,"play_id":"9f294084-510f-4385-a1c9-4c18cbc69262","is_prod":false,"is_daily":false,"is_ascension_mode":true,"campfire_upgraded":0,"path_taken":["M","?","$","?","M","R","E","?","T","?","?","?","R","?","R","BOSS","M","M","?"],"build_version":"2018-02-22-PROD2","purchased_purges":0,"victory":false,"master_deck":["Defend_G","Defend_G","Defend_G","Defend_G","Defend_G","Strike_G","Strike_G","Strike_G","Strike_G","Strike_G","Survivor","Neutralize","Tools of the Trade","Backflip","Cloak And Dagger","Flying Knee","Choke","Terror","Bullet Time","Reflex+1"],"max_hp_per_floor":[77,84,84,84,84,84,84,84,84,84,84,84,84,84,84,84,84,84,84],"relics":["Ring of the Snake","Strawberry","Toolbox","Bird Faced Urn","Cursed Key"],"card_choices":[{"not_picked":["Dodge and Roll","Predator"],"picked":"Tools of the Trade"},{"not_picked":["Blade Dance","Deadly Poison"],"picked":"Cloak And Dagger"},{"not_picked":["Cloak And Dagger","PiercingWail"],"picked":"Flying Knee"},{"not_picked":["Bane","Reflex"],"picked":"Choke"},{"not_picked":["Dagger Throw","Underhanded Strike"],"picked":"Terror"},{"not_picked":["After Image","Die Die Die"],"picked":"Bullet Time"},{"not_picked":["Poisoned Stab","PiercingWail"],"picked":"Reflex"}],"player_experience":202566,"potions_floor_usage":[16,16,16,20],"damage_taken":[{"damage":0,"enemies":"Small Slimes","floor":1,"turns":3},{"damage":3,"enemies":"2 Louse","floor":4,"turns":2},{"damage":0,"enemies":"Cultist","floor":5,"turns":4},{"damage":37,"enemies":"3 Sentries","floor":7,"turns":15},{"damage":21,"enemies":"Lots of Slimes","floor":8,"turns":5},{"damage":6,"enemies":"Red Slaver","floor":10,"turns":3},{"damage":14,"enemies":"Looter","floor":14,"turns":3},{"damage":44,"enemies":"Hexaghost","floor":16,"turns":14},{"damage":17,"enemies":"Shell Parasite","floor":18,"turns":7},{"damage":4,"enemies":"2 Thieves","floor":19,"turns":4},{"damage":87,"enemies":"Cultist and Chosen","floor":20,"turns":8}],"event_choices":[{"event_name":"Scrap Ooze","player_choice":"success","floor":2,"damage_taken":25},{"event_name":"Golden Shrine","player_choice":"Pray","floor":11,"damage_taken":0},{"event_name":"World of Goop","player_choice":"Left","floor":12,"damage_taken":0}],"boss_relics":[{"not_picked":["White Beast Statue","Velvet Choker"],"picked":"Cursed Key"}],"potions_floor_spawned":[1,4,14,18],"seed_played":"-5815545668287258524","killed_by":"Cultist and Chosen","ascension_level":2,"is_trial":false}