{"path_per_floor":["M","M","M","$","?","R","?","E","T","R","?","E","R","$","R","B",null,"M","?","?","M","M","R","?","M","T","M","M","R","?","?","R","B",null,"M","$","?","M","M","R","T","E","T","?","M","M","M","M","R","B"],"character_chosen":"THE_SILENT","items_purchased":["Footwork","Backflip","Cloak And Dagger","Panache","Infinite Blades"],"gold_per_floor":[111,128,139,23,23,23,23,53,106,106,57,84,84,11,11,111,111,129,44,44,58,72,72,72,84,84,95,109,109,109,209,209,314,314,334,60,60,71,82,82,107,137,137,137,149,167,185,202,202,202],"floor_reached":51,"campfire_rested":3,"playtime":2060,"current_hp_per_floor":[62,59,55,55,43,43,43,33,33,54,54,39,60,60,60,36,70,70,70,70,70,70,70,54,47,47,51,52,52,39,39,61,52,75,73,73,73,75,66,66,66,58,58,58,70,37,40,69,69,37],"items_purged":["Strike_G"],"gold":202,"score":776,"play_id":"0a75267a-1642-40e9-874d-a1d72fe28264","local_time":"20180311203508","is_prod":false,"is_daily":false,"is_ascension_mode":true,"campfire_upgraded":6,"timestamp":1520796908,"path_taken":["M","M","M","$","?","R","?","E","T","R","?","E","R","$","R","BOSS","M","?","?","?","M","R","?","M","T","?","M","R","?","?","R","BOSS","M","$","?","?","M","R","?","E","T","?","M","?","M","M","R","BOSS"],"build_version":"2018-03-09","purchased_purges":2,"victory":true,"master_deck":["Defend_G+1","Defend_G+1","Defend_G+1","Defend_G+1","Defend_G+1","Strike_G+1","Strike_G+1","Strike_G+1","Strike_G+1","Survivor","Neutralize+1","Outmaneuver+1","Adrenaline+1","Footwork+1","A Thousand Cuts+1","Backflip","Cloak And Dagger+1","Die Die Die","Footwork","Backstab+1","Skewer+1","Escape Plan","Flying Knee","Envenom+1","Panache+1","Infinite Blades","Adrenaline+1","Catalyst+1","Dash+1","Footwork+1"],"max_hp_per_floor":[70,70,70,70,70,70,70,70,70,70,70,70,70,70,70,70,70,70,70,70,70,70,70,70,70,70,70,70,70,75,75,75,75,75,75,75,75,75,75,75,75,75,75,75,75,75,75,75,75,75],"relics":["Ring of the Snake","Snake Skull","Ninja Scroll","Happy Flower","War Paint","Philosopher\u0027s Stone","Du-Vu Doll","Nilry\u0027s Codex","Bird Faced Urn","The Specimen","Omamori","The Courier","Paper Crane"],"card_choices":[{"not_picked":["Slice","Deadly Poison"],"picked":"Outmaneuver"},{"not_picked":["Endless Agony","Deadly Poison"],"picked":"Adrenaline"},{"not_picked":["Dagger Spray","Dagger Throw"],"picked":"A Thousand Cuts"},{"not_picked":["Grand Finale","Wraith Form"],"picked":"Die Die Die"},{"not_picked":["Bane","Leg Sweep"],"picked":"Footwork"},{"not_picked":["PiercingWail","Outmaneuver"],"picked":"Backstab"},{"not_picked":["Backstab","Sucker Punch"],"picked":"Skewer"},{"not_picked":["Bane","Sucker Punch"],"picked":"Escape Plan"},{"not_picked":["Outmaneuver","Prepared"],"picked":"Flying Knee"},{"not_picked":["Wraith Form","Burst"],"picked":"Envenom"},{"not_picked":["Phantasmal Killer","Sucker Punch"],"picked":"Catalyst"},{"not_picked":["Doppelganger","Sucker Punch"],"picked":"Dash"},{"not_picked":["Poisoned Stab","Flying Knee"],"picked":"Footwork"}],"player_experience":233036,"potions_floor_usage":[8,12,33,33,38,39,48,50,50],"damage_taken":[{"damage":8,"enemies":"Jaw Worm","floor":1,"turns":5},{"damage":3,"enemies":"Small Slimes","floor":2,"turns":5},{"damage":4,"enemies":"2 Louse","floor":3,"turns":3},{"damage":10,"enemies":"Gremlin Nob","floor":8,"turns":5},{"damage":15,"enemies":"Lagavulin","floor":12,"turns":9},{"damage":24,"enemies":"The Guardian","floor":16,"turns":15},{"damage":0,"enemies":"3 Byrds","floor":18,"turns":2},{"damage":0,"enemies":"Shell Parasite","floor":21,"turns":3},{"damage":0,"enemies":"Snecko","floor":22,"turns":5},{"damage":7,"enemies":"Chosen and Byrds","floor":25,"turns":6},{"damage":2,"enemies":"Centurion and Healer","floor":27,"turns":4},{"damage":5,"enemies":"Snake Plant","floor":28,"turns":3},{"damage":30,"enemies":"Automaton","floor":33,"turns":10},{"damage":6,"enemies":"3 Shapes","floor":35,"turns":4},{"damage":1,"enemies":"Orb Walker","floor":38,"turns":2},{"damage":13,"enemies":"3 Darklings","floor":39,"turns":3},{"damage":20,"enemies":"Nemesis","floor":42,"turns":5},{"damage":0,"enemies":"Maw","floor":45,"turns":5},{"damage":40,"enemies":"4 Shapes","floor":46,"turns":2},{"damage":1,"enemies":"3 Darklings","floor":47,"turns":3},{"damage":0,"enemies":"Maw","floor":48,"turns":7},{"damage":50,"enemies":"Donu and Deca","floor":50,"turns":7}],"event_choices":[{"event_name":"Scrap Ooze","player_choice":"success","floor":5,"damage_taken":12},{"event_name":"Living Wall","player_choice":"Grow","floor":7,"damage_taken":0},{"event_name":"World of Goop","player_choice":"Left","floor":11,"damage_taken":0},{"event_name":"Addict","player_choice":"Obtained Relic","floor":19,"damage_taken":0},{"event_name":"Back to Basics","player_choice":"Simplicity","floor":20,"damage_taken":0},{"event_name":"Cursed Tome","player_choice":"Obtained Book","floor":24,"damage_taken":0},{"event_name":"Forgotten Altar","player_choice":"Shed Blood","floor":30,"damage_taken":0},{"event_name":"Golden Shrine","player_choice":"Pray","floor":31,"damage_taken":0},{"event_name":"Duplicator","player_choice":"One dupe","floor":37,"damage_taken":0},{"event_name":"Mysterious Sphere","player_choice":"Ignore","floor":44,"damage_taken":0}],"boss_relics":[{"not_picked":["Velvet Choker","Runic Pyramid"],"picked":"Philosopher\u0027s Stone"},{"not_picked":["Orrery","Runic Dome"],"picked":"The Specimen"}],"potions_floor_spawned":[2,8,18,22,27,35,42,46,47],"seed_played":"-7112595640590210616","ascension_level":2,"is_trial":false}