{"path_per_floor":["M","?","M","?","$","E","?","?","T","R","E","$","R","M","R","B",null,"M","T","M","$","M","R","?","M","T","R","E","M","M","M","R"],"character_chosen":"THE_SILENT","items_purchased":["Escape Plan","Toxic Egg 2"],"gold_per_floor":[116,116,127,127,58,87,87,37,37,37,63,63,63,79,79,184,184,201,249,261,0,12,12,12,29,105,105,140,151,170,189,189],"floor_reached":33,"campfire_rested":4,"playtime":1366,"current_hp_per_floor":[60,60,60,60,60,48,63,63,63,63,36,36,54,54,54,5,63,56,56,39,39,29,47,47,39,39,57,27,27,20,14,32],"items_purged":[],"gold":189,"score":316,"play_id":"0ce35c92-cbba-41d1-a844-812e15c48784","local_time":"20180311234115","is_prod":false,"is_daily":false,"is_ascension_mode":true,"campfire_upgraded":2,"timestamp":1520808075,"path_taken":["M","?","?","?","?","E","?","?","T","R","E","?","R","M","R","BOSS","M","?","M","$","M","R","?","?","T","R","E","?","M","M","R","BOSS"],"build_version":"2018-03-09","purchased_purges":0,"victory":false,"master_deck":["Defend_G","Defend_G","Defend_G","Defend_G","Defend_G","Strike_G+1","Strike_G+1","Strike_G","Strike_G","Survivor+1","Neutralize+1","Die Die Die+1","Escape Plan+1","Well Laid Plans","Accuracy","A Thousand Cuts","Leg Sweep","Blade Dance","Backflip","Backstab","Flying Knee","Bullet Time+1","Backflip+1","Burst+1","Blur+1"],"max_hp_per_floor":[63,63,63,63,63,63,63,63,63,63,63,63,63,63,63,63,63,63,63,63,63,63,63,63,63,63,63,63,63,63,63,63],"relics":["Ring of the Snake","Whetstone","Pen Nib","Lantern","Orrery","Ancient Tea Set","Toxic Egg 2","Letter Opener","Happy Flower"],"card_choices":[{"not_picked":["Corpse Explosion","Night Terror"],"picked":"Die Die Die"},{"not_picked":["Infinite Blades","Slice"],"picked":"Well Laid Plans"},{"not_picked":["Sucker Punch","Dagger Throw"],"picked":"Accuracy"},{"not_picked":["Die Die Die","Burst"],"picked":"A Thousand Cuts"},{"not_picked":["Dagger Throw","Reflex"],"picked":"Leg Sweep"},{"not_picked":["Concentrate","Accuracy"],"picked":"Blade Dance"},{"not_picked":["Prepared","Slice"],"picked":"Backflip"},{"not_picked":["Slice","Heel Hook"],"picked":"Backstab"},{"not_picked":["Poisoned Stab","Reflex"],"picked":"Flying Knee"},{"not_picked":["Backflip","Backstab"],"picked":"Bullet Time"},{"not_picked":["Sucker Punch","Accuracy"],"picked":"Backflip"},{"not_picked":["Underhanded Strike","Acrobatics"],"picked":"Burst"},{"not_picked":["Deflect","Poisoned Stab"],"picked":"Blur"}],"player_experience":235096,"potions_floor_usage":[6,11,28,30,31,33],"damage_taken":[{"damage":3,"enemies":"Small Slimes","floor":1,"turns":4},{"damage":0,"enemies":"Cultist","floor":3,"turns":4},{"damage":12,"enemies":"3 Sentries","floor":6,"turns":6},{"damage":27,"enemies":"Gremlin Nob","floor":11,"turns":4},{"damage":0,"enemies":"2 Louse","floor":14,"turns":2},{"damage":49,"enemies":"The Guardian","floor":16,"turns":20},{"damage":7,"enemies":"3 Byrds","floor":18,"turns":4},{"damage":17,"enemies":"Spheric Guardian","floor":20,"turns":4},{"damage":10,"enemies":"Slaver and Parasite","floor":22,"turns":9},{"damage":8,"enemies":"Snake Plant","floor":25,"turns":4},{"damage":30,"enemies":"Book of Stabbing","floor":28,"turns":6},{"damage":0,"enemies":"Centurion and Healer","floor":29,"turns":5},{"damage":7,"enemies":"Chosen and Byrds","floor":30,"turns":4},{"damage":6,"enemies":"Snake Plant","floor":31,"turns":4},{"damage":37,"enemies":"Champ","floor":33,"turns":10}],"event_choices":[{"event_name":"Accursed Blacksmith","player_choice":"Forge","floor":2,"damage_taken":0},{"event_name":"Upgrade Shrine","player_choice":"Upgraded","floor":4,"damage_taken":0},{"event_name":"Big Fish","player_choice":"Banana","floor":7,"damage_taken":0},{"event_name":"The Cleric","player_choice":"Card Removal","floor":8,"damage_taken":0},{"event_name":"Cursed Tome","player_choice":"Ignored","floor":24,"damage_taken":0}],"boss_relics":[{"not_picked":["Calling Bell","Runic Pyramid"],"picked":"Orrery"}],"potions_floor_spawned":[1,6,25,28,29,31],"seed_played":"8494561611526873261","killed_by":"Champ","ascension_level":3,"is_trial":false}