{"path_per_floor":["M","$","?","$","?","R","M","R","T","R","?","T","E","M","R","B",null,"M","?","?","M","T","E","$","R","T","E","?","$","E","M","R","B",null,"M","?","M","?","$","E","R","M","T","M","T"],"character_chosen":"THE_SILENT","items_purchased":["Infinite Blades","Flying Knee","Backflip","Bandage Up","Footwork","Apotheosis","Bottled Lightning"],"gold_per_floor":[118,36,36,36,36,36,54,54,54,54,54,81,115,130,130,254,254,238,238,238,252,324,364,134,134,134,178,178,104,139,159,159,283,283,299,299,315,648,198,225,225,237,237,257,257],"floor_reached":46,"campfire_rested":3,"playtime":1820,"current_hp_per_floor":[61,61,61,61,61,61,61,61,61,61,61,61,49,49,49,26,65,57,57,57,51,51,29,29,48,48,52,36,36,11,7,26,21,65,65,65,63,63,63,29,48,32,38,12,18],"items_purged":["Strike_G"],"gold":257,"score":655,"play_id":"6999295b-5009-4227-ae42-9ee83979b597","local_time":"20180316112112","is_prod":false,"is_daily":false,"is_ascension_mode":true,"campfire_upgraded":4,"timestamp":1521195672,"path_taken":["M","$","?","?","?","R","M","R","T","R","?","?","E","M","R","BOSS","M","?","?","M","?","E","$","R","T","E","?","$","E","M","R","BOSS","M","?","M","?","$","E","R","M","T","M","?","E"],"build_version":"2018-03-15","purchased_purges":2,"victory":false,"master_deck":["Defend_G","Defend_G","Defend_G","Defend_G+1","Defend_G","Strike_G","Strike_G","Strike_G","Survivor","Neutralize+1","PiercingWail","Infinite Blades+1","Flying Knee+1","Cloak And Dagger+1","Adrenaline+1","Noxious Fumes","Accuracy","Footwork","Backflip+1","Bandage Up","Acrobatics+1","Footwork","Outmaneuver+1","Envenom","Die Die Die+1","Dagger Spray+1","Apotheosis","Pain","Clumsy"],"max_hp_per_floor":[70,70,70,70,70,70,70,70,70,70,65,65,65,65,65,65,65,65,65,65,65,65,65,65,65,65,65,65,65,65,65,65,65,65,65,65,65,65,65,65,65,65,71,71,77],"relics":["Ring of the Snake","Bronze Scales","Lantern","Juzu Bracelet","Black Star","Paper Crane","Happy Flower","Orichalcum","War Paint","Molten Egg 2","Pantograph","Nilry\u0027s Codex","Du-Vu Doll","Sundial","Cursed Key","Bottled Lightning","Smiling Mask","Darkstone Periapt","Dodecahedron","Ice Cream"],"card_choices":[{"not_picked":["Deadly Poison","Predator"],"picked":"PiercingWail"},{"not_picked":["Infinite Blades","Bane"],"picked":"Cloak And Dagger"},{"not_picked":["Bullet Time","Tools of the Trade"],"picked":"Adrenaline"},{"not_picked":["Sucker Punch","Deadly Poison"],"picked":"Noxious Fumes"},{"not_picked":["PiercingWail","Expertise"],"picked":"Footwork"},{"not_picked":["Calculated Gamble","Caltrops"],"picked":"Acrobatics"},{"not_picked":["Bane","Deadly Poison"],"picked":"Outmaneuver"},{"not_picked":["Poisoned Stab","Backflip"],"picked":"Envenom"},{"not_picked":["Burst","Unload"],"picked":"Die Die Die"},{"not_picked":["Bouncing Flask","Acrobatics"],"picked":"Dagger Spray"}],"player_experience":243732,"potions_floor_usage":[46,46],"damage_taken":[{"damage":9.0,"enemies":"2 Louse","floor":1.0,"turns":4.0},{"damage":0.0,"enemies":"Cultist","floor":7.0,"turns":4.0},{"damage":12.0,"enemies":"3 Sentries","floor":13.0,"turns":6.0},{"damage":0.0,"enemies":"Small Slimes","floor":14.0,"turns":3.0},{"damage":23.0,"enemies":"Slime Boss","floor":16.0,"turns":12.0},{"damage":8.0,"enemies":"2 Thieves","floor":18.0,"turns":4.0},{"damage":6.0,"enemies":"3 Byrds","floor":21.0,"turns":2.0},{"damage":22.0,"enemies":"Gremlin Leader","floor":23.0,"turns":8.0},{"damage":0.0,"enemies":"Book of Stabbing","floor":27.0,"turns":6.0},{"damage":29.0,"enemies":"Slavers","floor":30.0,"turns":6.0},{"damage":8.0,"enemies":"Snake Plant","floor":31.0,"turns":5.0},{"damage":34.0,"enemies":"Collector","floor":33.0,"turns":9.0},{"damage":0.0,"enemies":"3 Shapes","floor":35.0,"turns":5.0},{"damage":6.0,"enemies":"3 Darklings","floor":37.0,"turns":5.0},{"damage":34,"enemies":"2 Orb Walkers","floor":40,"turns":5},{"damage":22,"enemies":"Maw","floor":42,"turns":7},{"damage":32,"enemies":"4 Shapes","floor":44,"turns":5},{"damage":24,"enemies":"Nemesis","floor":46,"turns":5}],"event_choices":[{"event_name":"Purifier","player_choice":"One Purge","floor":3.0,"damage_taken":0.0},{"event_name":"Liars Game","player_choice":"disagreed","floor":5.0,"damage_taken":0.0},{"event_name":"Golden Idol","player_choice":"Lose Max HP","floor":11.0,"damage_taken":0.0},{"event_name":"The Library","player_choice":"Read","floor":19.0,"damage_taken":0.0},{"event_name":"Upgrade Shrine","player_choice":"Upgraded","floor":20.0,"damage_taken":0.0},{"event_name":"Cursed Tome","player_choice":"Obtained Book","floor":28.0,"damage_taken":0.0},{"event_name":"Tomb of Lord Red Mask","player_choice":"Ignored","floor":36.0,"damage_taken":0.0},{"event_name":"The Moai Head","player_choice":"Gave Idol","floor":38.0,"damage_taken":0.0}],"boss_relics":[],"potions_floor_spawned":[14,23,30,35,42,44],"seed_played":"5126732848299465501","killed_by":"Nemesis","ascension_level":4,"is_trial":false}