{"path_per_floor":["M","M","$","M","?","E","R","?","T","$","T","M","$","M","R","B",null,"M","?","M","$","T","R","M","R","T","$","M","$","M","M","R","B",null,"M","$","M","M","?","E","R","E","T","M","?","M","?","?","R","B"],"character_chosen":"THE_SILENT","items_purchased":["Backflip","Infinite Blades","Noxious Fumes","Flying Knee","Blur","Apotheosis","Pantograph","Singing Bowl"],"gold_per_floor":[118,132,8,26,26,88,88,144,196,20,20,39,39,52,52,155,155,172,172,182,182,209,209,222,222,522,90,107,107,126,141,141,240,240,257,107,123,136,0,28,28,59,82,97,97,109,109,109,109,109],"floor_reached":51,"campfire_rested":6,"playtime":1548,"current_hp_per_floor":[70,70,70,70,70,52,52,34,34,34,34,31,31,31,52,43,70,38,38,38,38,38,59,36,57,57,57,46,46,46,26,47,51,70,64,64,59,51,51,1,22,19,19,19,66,36,36,27,47,24],"items_purged":[],"gold":109,"score":831,"play_id":"3387f840-6d79-4408-a83f-53b91bf75922","local_time":"20180314220025","is_prod":false,"is_daily":false,"is_ascension_mode":true,"campfire_upgraded":1,"timestamp":1521061225,"path_taken":["M","M","?","M","?","E","R","?","T","$","?","M","$","M","R","BOSS","M","?","M","?","?","R","M","R","T","$","?","$","M","M","R","BOSS","M","$","M","?","?","E","R","E","T","M","?","?","?","?","R","BOSS"],"build_version":"2018-03-09","purchased_purges":0,"victory":true,"master_deck":["Defend_G+1","Defend_G+1","Defend_G+1","Defend_G+1","Defend_G+1","Strike_G+1","Strike_G+1","Strike_G+1","Strike_G+1","Survivor","Neutralize","Terror","Backflip","Infinite Blades","Dash+1","Infinite Blades","Noxious Fumes","Flying Knee","Blur","Adrenaline","Bouncing Flask","Escape Plan+1","Apotheosis","Accuracy","Blade Dance","After Image","Noxious Fumes+1","Adrenaline","Madness","Madness"],"max_hp_per_floor":[70,70,70,70,70,70,70,70,70,70,70,70,70,70,70,70,70,70,70,70,70,70,70,70,70,70,70,70,70,70,70,70,70,70,70,70,72,72,72,72,72,74,74,76,66,68,68,68,68,68],"relics":["Ring of the Snake","NeowsBlessing","Tiny Chest","Darkstone Periapt","Bag of Marbles","Vajra","Philosopher\u0027s Stone","Anchor","Old Coin","Pantograph","Sozu","Singing Bowl","Red Mask","Centennial Puzzle","Orichalcum","Pen Nib"],"card_choices":[{"not_picked":["Prepared","Dagger Spray"],"picked":"Terror"},{"not_picked":["Malaise","Sucker Punch"],"picked":"Backstab"},{"not_picked":["Tactician","Dagger Throw"],"picked":"Dash"},{"not_picked":["Outmaneuver","Choke"],"picked":"Infinite Blades"},{"not_picked":["Wraith Form","Storm of Steel"],"picked":"Adrenaline"},{"not_picked":["PiercingWail","Acrobatics"],"picked":"Bouncing Flask"},{"not_picked":["Slice","Outmaneuver"],"picked":"Escape Plan"},{"not_picked":["Catalyst","Dagger Spray"],"picked":"Accuracy"},{"not_picked":["Predator","Deadly Poison"],"picked":"Blade Dance"},{"not_picked":["Tactician","Storm of Steel"],"picked":"After Image"},{"not_picked":["Terror","Deflect"],"picked":"Noxious Fumes"},{"not_picked":["Reflex","Caltrops"],"picked":"Adrenaline"}],"player_experience":241493,"potions_floor_usage":[8,14,16,33,33,33],"damage_taken":[{"damage":0,"enemies":"Cultist","floor":1,"turns":1},{"damage":0,"enemies":"Small Slimes","floor":2,"turns":1},{"damage":0,"enemies":"2 Louse","floor":4,"turns":1},{"damage":18,"enemies":"3 Sentries","floor":6,"turns":9},{"damage":18,"enemies":"Gremlin Nob","floor":8,"turns":4},{"damage":3,"enemies":"Blue Slaver","floor":12,"turns":2},{"damage":0,"enemies":"3 Louse","floor":14,"turns":1},{"damage":9,"enemies":"Slime Boss","floor":16,"turns":6},{"damage":32,"enemies":"3 Byrds","floor":18,"turns":5},{"damage":0,"enemies":"Spheric Guardian","floor":20,"turns":3},{"damage":23,"enemies":"Snake Plant","floor":24,"turns":3},{"damage":11,"enemies":"Slaver and Parasite","floor":28,"turns":4},{"damage":0,"enemies":"Snecko","floor":30,"turns":3},{"damage":20,"enemies":"Sentry and Sphere","floor":31,"turns":5},{"damage":19,"enemies":"Champ","floor":33,"turns":8},{"damage":6,"enemies":"3 Darklings","floor":35,"turns":5},{"damage":7,"enemies":"Orb Walker","floor":37,"turns":3},{"damage":8,"enemies":"4 Shapes","floor":38,"turns":7},{"damage":50,"enemies":"2 Orb Walkers","floor":40,"turns":5},{"damage":5,"enemies":"Giant Head","floor":42,"turns":7},{"damage":2,"enemies":"Maw","floor":44,"turns":6},{"damage":32,"enemies":"3 Darklings","floor":46,"turns":4},{"damage":44,"enemies":"Donu and Deca","floor":50,"turns":9}],"event_choices":[{"event_name":"Purifier","player_choice":"One Purge","floor":5,"damage_taken":0},{"event_name":"Dead Adventurer","player_choice":"Searched \u00271\u0027 times","floor":8,"damage_taken":0},{"event_name":"Back to Basics","player_choice":"Simplicity","floor":19,"damage_taken":0},{"event_name":"Tomb of Lord Red Mask","player_choice":"Paid","floor":39,"damage_taken":0},{"event_name":"The Moai Head","player_choice":"Heal","floor":45,"damage_taken":0},{"event_name":"Winding Halls","player_choice":"Embrace Madness","floor":48,"damage_taken":0}],"boss_relics":[{"not_picked":["Black Star","Orrery"],"picked":"Philosopher\u0027s Stone"},{"not_picked":["Pandora\u0027s Box","Runic Pyramid"],"picked":"Sozu"}],"potions_floor_spawned":[2,8,8,16,20,24,30,31,38,42,44,46],"seed_played":"-739581072825158188","ascension_level":3,"is_trial":false}