{"path_per_floor":["M","M","?","$","?","R","?","$","T","?","M","R","M","M","R","B",null,"M","$","M","M"],"character_chosen":"THE_SILENT","items_purchased":["Die Die Die","Backflip","Caltrops"],"gold_per_floor":[119,138,138,57,132,132,132,53,53,53,72,72,85,102,102,202,202,213,138,155,175,175],"floor_reached":22,"campfire_rested":1,"playtime":615,"current_hp_per_floor":[61,61,54,54,43,43,43,43,43,43,43,43,33,33,54,12,70,63,63,47,38,0],"items_purged":["Strike_G"],"gold":175,"score":211,"play_id":"2b37351c-a85e-4529-851d-04c0e6219ca1","local_time":"20180324233132","is_prod":false,"is_daily":false,"is_ascension_mode":true,"campfire_upgraded":2,"timestamp":1521930692,"path_taken":["M","M","?","$","?","R","?","$","T","?","M","R","M","M","R","BOSS","M","$","M","M","M"],"build_version":"2018-03-22v2","purchased_purges":1,"victory":false,"master_deck":["Defend_G","Defend_G","Defend_G","Defend_G","Strike_G","Strike_G","Strike_G","Survivor","Neutralize","Dagger Spray","Die Die Die+1","Neutralize","Backflip","Caltrops+1","Accuracy","Flying Knee","Cloak And Dagger","Die Die Die","Noxious Fumes+1","Outmaneuver+1"],"max_hp_per_floor":[70,70,70,70,70,70,70,70,70,70,70,70,70,70,70,70,70,70,70,70,70,70],"relics":["Ring of the Snake","Torii","Philosopher\u0027s Stone"],"card_choices":[{"not_picked":["Slice","Calculated Gamble"],"picked":"Dagger Spray","floor":1},{"not_picked":["Bane","Quick Slash"],"picked":"Flying Knee","floor":11},{"not_picked":["Heel Hook","Dagger Spray"],"picked":"Cloak And Dagger","floor":14},{"not_picked":["Bullet Time","Phantasmal Killer"],"picked":"Die Die Die","floor":16},{"not_picked":["Malaise","Accuracy"],"picked":"Noxious Fumes","floor":18},{"not_picked":["Choke","Terror"],"picked":"Outmaneuver","floor":20}],"player_experience":261147,"potions_floor_usage":[14,21],"damage_taken":[{"damage":9,"enemies":"Jaw Worm","floor":1,"turns":3},{"damage":0,"enemies":"Small Slimes","floor":2,"turns":3},{"damage":0,"enemies":"Cultist","floor":11,"turns":2},{"damage":10,"enemies":"Large Slime","floor":13,"turns":4},{"damage":0,"enemies":"Lots of Slimes","floor":14,"turns":2},{"damage":42,"enemies":"The Guardian","floor":16,"turns":13},{"damage":7,"enemies":"Chosen","floor":18,"turns":6},{"damage":16,"enemies":"Shell Parasite","floor":20,"turns":7},{"damage":9,"enemies":"3 Cultists","floor":21,"turns":4},{"damage":45,"enemies":"Snecko","floor":22,"turns":5}],"event_choices":[{"event_name":"Golden Wing","player_choice":"Card Removal","floor":3,"damage_taken":0},{"event_name":"World of Goop","player_choice":"Gather Gold","floor":5,"damage_taken":0},{"event_name":"Match and Keep!","player_choice":"1 cards matched","floor":7,"damage_taken":0},{"event_name":"Transmorgrifier","player_choice":"Transform","floor":10,"damage_taken":0}],"boss_relics":[{"not_picked":["Lizard Tail","Cursed Key"],"picked":"Philosopher\u0027s Stone"}],"potions_floor_spawned":[11,20],"seed_played":"427488961081969051","killed_by":"Snecko","ascension_level":4,"is_trial":false}