{"path_per_floor":["M","M","?","?","M","R","E","R","T","?","M","R","M","M","R","B",null,"M","?","M","$","?","E","?"],"character_chosen":"THE_SILENT","items_purchased":["Apotheosis"],"gold_per_floor":[114,126,126,126,141,141,174,174,474,439,455,455,475,486,486,588,588,588,588,513,229,229,229,229,229],"floor_reached":25,"campfire_rested":1,"playtime":699,"current_hp_per_floor":[58,54,54,54,54,54,32,53,53,70,55,55,55,55,55,35,70,70,70,48,48,48,26,26,0],"items_purged":["Strike_G"],"gold":229,"score":265,"play_id":"86b4d122-cddf-497c-a548-a5d0c7ace52f","local_time":"20180324234322","is_prod":false,"is_daily":false,"is_ascension_mode":true,"campfire_upgraded":3,"timestamp":1521931402,"path_taken":["M","M","?","?","M","R","E","R","T","?","M","R","?","M","R","BOSS","M","?","M","$","?","E","?","E"],"build_version":"2018-03-22v2","purchased_purges":1,"victory":false,"master_deck":["Defend_G","Defend_G","Defend_G","Defend_G","Defend_G","Strike_G","Strike_G","Strike_G","Survivor","Neutralize+1","Footwork+1","Bouncing Flask+1","Outmaneuver+1","Die Die Die","Dash","Sucker Punch","Well Laid Plans+1","Apotheosis"],"max_hp_per_floor":[70,70,70,70,70,70,70,70,70,70,70,70,70,70,70,70,70,70,70,70,70,70,70,70,70],"relics":["Ring of the Snake","Dream Catcher","Sundial","Old Coin","Ectoplasm","Regal Pillow"],"card_choices":[{"not_picked":["Heel Hook","Riddle With Holes"],"picked":"Footwork","floor":1},{"not_picked":["Sucker Punch","Flechettes"],"picked":"Bouncing Flask","floor":2},{"not_picked":["Dagger Throw","Prepared"],"picked":"Outmaneuver","floor":8},{"not_picked":["Envenom","A Thousand Cuts"],"picked":"Die Die Die","floor":16},{"not_picked":["Sucker Punch","Slice"],"picked":"Dash","floor":18},{"not_picked":["Bane","Slice"],"picked":"Well Laid Plans","floor":20}],"player_experience":261762,"potions_floor_usage":[7,11,14,18,20,25],"damage_taken":[{"damage":12,"enemies":"Small Slimes","floor":1,"turns":3},{"damage":4,"enemies":"Cultist","floor":2,"turns":4},{"damage":0,"enemies":"2 Louse","floor":5,"turns":3},{"damage":22,"enemies":"Gremlin Nob","floor":7,"turns":5},{"damage":15,"enemies":"Large Slime","floor":11,"turns":7},{"damage":0,"enemies":"2 Fungi Beasts","floor":13,"turns":4},{"damage":15,"enemies":"Exordium Wildlife","floor":14,"turns":5},{"damage":20,"enemies":"Hexaghost","floor":16,"turns":9},{"damage":0,"enemies":"Chosen","floor":18,"turns":5},{"damage":22,"enemies":"2 Thieves","floor":20,"turns":4},{"damage":22,"enemies":"Slavers","floor":23,"turns":7},{"damage":27,"enemies":"Book of Stabbing","floor":25,"turns":5}],"event_choices":[{"event_name":"Accursed Blacksmith","player_choice":"Forge","floor":3,"damage_taken":0},{"event_name":"Shining Light","player_choice":"Ignored","floor":4,"damage_taken":0},{"event_name":"The Cleric","player_choice":"Healed","floor":10,"damage_taken":0},{"event_name":"Transmorgrifier","player_choice":"Transform","floor":19,"damage_taken":0},{"event_name":"Match and Keep!","player_choice":"0 cards matched","floor":22,"damage_taken":0},{"event_name":"The Mausoleum","player_choice":"No","floor":24,"damage_taken":0}],"boss_relics":[{"not_picked":["Philosopher\u0027s Stone","Calling Bell"],"picked":"Ectoplasm"}],"potions_floor_spawned":[1,2,5,13,16,18],"seed_played":"-3922526628554661114","killed_by":"Book of Stabbing","ascension_level":4,"is_trial":false}