{"path_per_floor":["M","?","?","$","M","R","E","M","T","R","M","E","M","M","R","B",null,"M","?","$","?","M","E","$"],"character_chosen":"THE_SILENT","items_purchased":["Dash","Bandage Up","Lee\u0027s Waffle"],"gold_per_floor":[116,191,191,15,34,34,66,86,86,86,97,156,173,189,189,293,293,310,310,235,160,175,210,7],"floor_reached":25,"campfire_rested":1,"playtime":986,"current_hp_per_floor":[61,50,43,43,43,61,39,43,43,43,43,33,37,41,41,24,63,51,51,51,51,29,15,70],"items_purged":["Strike_G"],"gold":7,"score":277,"play_id":"3d72e4e5-a420-4bf5-acdc-4cfd1255a6c0","local_time":"20180316134219","is_prod":false,"is_daily":false,"is_ascension_mode":true,"campfire_upgraded":2,"timestamp":1521204139,"path_taken":["M","?","?","$","M","R","E","?","T","R","M","E","?","M","R","BOSS","M","?","$","?","?","E","?","E"],"build_version":"2018-03-15","purchased_purges":1,"victory":false,"master_deck":["Defend_G","Defend_G","Defend_G","Defend_G","Strike_G","Strike_G","Strike_G","Survivor","Neutralize","Phantasmal Killer+1","Backflip","Dash+1","Bandage Up","Cloak And Dagger","Dagger Spray","Backflip","After Image","PiercingWail","Leg Sweep","Flying Knee","Escape Plan"],"max_hp_per_floor":[63,63,63,63,63,63,63,63,63,63,63,63,63,63,63,63,63,63,63,63,63,63,63,70],"relics":["Ring of the Snake","Bronze Scales","Unceasing Top","Tiny Chest","Philosopher\u0027s Stone","Frozen Egg 2","Lee\u0027s Waffle"],"card_choices":[{"not_picked":["Corpse Explosion","Night Terror"],"picked":"Phantasmal Killer"},{"not_picked":["Sucker Punch","Underhanded Strike"],"picked":"Backflip"},{"not_picked":["Riddle With Holes","Sucker Punch"],"picked":"Cloak And Dagger"},{"not_picked":["Tactician","Distraction"],"picked":"Dagger Spray"},{"not_picked":["Prepared","Heel Hook"],"picked":"Backflip"},{"not_picked":["Quick Slash","Catalyst"],"picked":"After Image"},{"not_picked":["Sucker Punch","Setup"],"picked":"PiercingWail"},{"not_picked":["Infinite Blades","Heel Hook"],"picked":"Leg Sweep"},{"not_picked":["Flying Knee","Bane"],"picked":"Escape Plan"}],"player_experience":247478,"potions_floor_usage":[12,14,18,23,25,25],"damage_taken":[{"damage":2,"enemies":"Small Slimes","floor":1,"turns":3},{"damage":4,"enemies":"Jaw Worm","floor":5,"turns":4},{"damage":24,"enemies":"3 Sentries","floor":7,"turns":14},{"damage":0,"enemies":"Cultist","floor":8,"turns":4},{"damage":4,"enemies":"Large Slime","floor":11,"turns":6},{"damage":14,"enemies":"Gremlin Nob","floor":12,"turns":4},{"damage":0,"enemies":"Looter","floor":13,"turns":4},{"damage":0,"enemies":"Exordium Thugs","floor":14,"turns":3},{"damage":21,"enemies":"The Guardian","floor":16,"turns":17},{"damage":12,"enemies":"Chosen","floor":18,"turns":8},{"damage":26,"enemies":"3 Byrds","floor":22,"turns":4},{"damage":33,"enemies":"Book of Stabbing","floor":23,"turns":7},{"damage":79,"enemies":"Gremlin Leader","floor":25,"turns":7}],"event_choices":[{"event_name":"World of Goop","player_choice":"Gather Gold","floor":2,"damage_taken":0},{"event_name":"Golden Wing","player_choice":"Card Removal","floor":3,"damage_taken":0},{"event_name":"The Library","player_choice":"Read","floor":19,"damage_taken":0},{"event_name":"Beggar","player_choice":"Gave Gold","floor":21,"damage_taken":0}],"boss_relics":[{"not_picked":["Eternal Feather","Snecko Eye"],"picked":"Philosopher\u0027s Stone"}],"potions_floor_spawned":[7,11,12,13,16,23],"seed_played":"-8912939460949580199","killed_by":"Gremlin Leader","ascension_level":4,"is_trial":false}