{"path_per_floor":["M","?","?","M","M","E","R","M","T","$","M","?","M","M","R","B",null,"M","?","?","?","M","E","R","M","T","R","?","T","$","?","R","B",null,"M","$","?","M","M","R","?","M","T","?","?","R","M","M","R"],"character_chosen":"THE_SILENT","items_purchased":["Blade Dance","Backstab","Backflip","Caltrops","Bandage Up","Noxious Fumes","Escape Plan"],"gold_per_floor":[113,113,113,136,150,189,189,208,208,92,106,106,120,134,134,259,297,311,226,226,226,244,278,278,301,325,325,325,325,124,124,124,247,247,260,153,0,25,49,49,49,63,90,90,90,90,105,129,129],"floor_reached":50,"campfire_rested":3,"playtime":1566,"current_hp_per_floor":[64,52,52,52,52,39,39,41,41,41,43,59,56,55,55,33,70,49,49,70,67,53,7,42,41,41,67,67,67,67,67,67,42,67,59,59,59,62,51,51,51,56,56,56,56,56,49,11,46],"items_purged":[],"gold":129,"score":555,"play_id":"ca2f3cdd-f88c-45e2-a04c-007aadaa9a98","local_time":"20180314112912","is_prod":false,"is_daily":false,"is_ascension_mode":true,"campfire_upgraded":5,"timestamp":1521023352,"path_taken":["M","?","?","M","M","E","R","M","T","$","M","?","M","M","R","BOSS","M","?","?","?","?","E","R","M","T","R","?","?","$","?","R","BOSS","M","$","?","M","?","R","?","M","T","?","?","R","M","M","R","BOSS"],"build_version":"2018-03-09","purchased_purges":4,"victory":false,"master_deck":["Defend_G+1","Defend_G+1","Defend_G+1","Defend_G+1","Defend_G+1","Strike_G+1","Strike_G+1","Strike_G+1","Survivor","Neutralize","PiercingWail","Flying Knee","Dagger Spray+1","Infinite Blades","Blade Dance+1","Backstab","Leg Sweep","Choke","Envenom+1","Backstab+1","Backflip","Caltrops","Bandage Up+1","Adrenaline+1","Noxious Fumes+1","Escape Plan","Noxious Fumes+1","Injury","Adrenaline"],"max_hp_per_floor":[70,70,65,65,65,65,65,65,65,65,65,65,65,65,65,65,70,70,70,70,67,67,67,67,67,67,67,67,67,67,67,67,67,67,67,67,67,67,67,67,67,67,67,67,67,67,67,67,67],"relics":["Ring of the Snake","Shuriken","Golden Idol","Blood Vial","Ginger","Tiny House","Regal Pillow","Spirit Poop","Bronze Scales","Ancient Tea Set","Calipers","Sozu","Red Mask","Juzu Bracelet"],"card_choices":[{"not_picked":["Eviscerate","Deadly Poison"],"picked":"PiercingWail"},{"not_picked":["Crippling Poison","Choke"],"picked":"Flying Knee"},{"not_picked":["Prepared","Eviscerate"],"picked":"Dagger Spray"},{"not_picked":["Heel Hook","Bouncing Flask"],"picked":"Infinite Blades"},{"not_picked":["Crippling Poison","Acrobatics"],"picked":"Leg Sweep"},{"not_picked":["Bane","Deflect"],"picked":"Choke"},{"not_picked":["Bullet Time","Die Die Die"],"picked":"Envenom"},{"not_picked":["PiercingWail","Riddle With Holes"],"picked":"Backstab"},{"not_picked":["Tools of the Trade","Wraith Form"],"picked":"Adrenaline"},{"not_picked":["Well Laid Plans","Acrobatics"],"picked":"Noxious Fumes"},{"not_picked":["Backflip","Leg Sweep"],"picked":"Adrenaline"}],"player_experience":239608,"potions_floor_usage":[6,23,23,33],"damage_taken":[{"damage":6,"enemies":"2 Louse","floor":1,"turns":2},{"damage":0,"enemies":"Small Slimes","floor":4,"turns":3},{"damage":0,"enemies":"Cultist","floor":5,"turns":4},{"damage":13,"enemies":"3 Sentries","floor":6,"turns":4},{"damage":0,"enemies":"Red Slaver","floor":8,"turns":4},{"damage":0,"enemies":"2 Fungi Beasts","floor":11,"turns":3},{"damage":5,"enemies":"Blue Slaver","floor":13,"turns":3},{"damage":3,"enemies":"Looter","floor":14,"turns":3},{"damage":24,"enemies":"The Guardian","floor":16,"turns":10},{"damage":21,"enemies":"Spheric Guardian","floor":18,"turns":5},{"damage":14,"enemies":"2 Thieves","floor":22,"turns":3},{"damage":48,"enemies":"Gremlin Leader","floor":23,"turns":5},{"damage":3,"enemies":"Chosen and Byrds","floor":25,"turns":6},{"damage":29,"enemies":"Champ","floor":33,"turns":8},{"damage":12,"enemies":"3 Darklings","floor":35,"turns":5},{"damage":3,"enemies":"Orb Walker","floor":38,"turns":3},{"damage":16,"enemies":"3 Darklings","floor":39,"turns":4},{"damage":3,"enemies":"4 Shapes","floor":42,"turns":5},{"damage":15,"enemies":"Maw","floor":47,"turns":6},{"damage":46,"enemies":"Sphere and 2 Shapes","floor":48,"turns":6},{"damage":98,"enemies":"Time Eater","floor":50,"turns":8}],"event_choices":[{"event_name":"Scrap Ooze","player_choice":"success","floor":2,"damage_taken":12},{"event_name":"Golden Idol","player_choice":"Lose Max HP","floor":3,"damage_taken":0},{"event_name":"Mushrooms","player_choice":"Healed and dodged fight","floor":12,"damage_taken":0},{"event_name":"Addict","player_choice":"Obtained Relic","floor":19,"damage_taken":0},{"event_name":"The Library","player_choice":"Heal","floor":20,"damage_taken":0},{"event_name":"Bonfire Elementals","player_choice":"CURSE","floor":21,"damage_taken":0},{"event_name":"Back to Basics","player_choice":"Simplicity","floor":28,"damage_taken":0},{"event_name":"Purifier","player_choice":"One Purge","floor":31,"damage_taken":0},{"event_name":"Tomb of Lord Red Mask","player_choice":"Paid","floor":37,"damage_taken":0},{"event_name":"Accursed Blacksmith","player_choice":"Forge","floor":41,"damage_taken":0},{"event_name":"Mysterious Sphere","player_choice":"Ignore","floor":44,"damage_taken":0}],"boss_relics":[{"not_picked":["Question Card","Pandora\u0027s Box"],"picked":"Tiny House"},{"not_picked":["Snecko Eye","Philosopher\u0027s Stone"],"picked":"Sozu"}],"potions_floor_spawned":[5,11,16,18,25,39,42,47],"seed_played":"-9129115393054522983","killed_by":"Time Eater","ascension_level":3,"is_trial":false}