{"path_per_floor":["M","M","?","T","M","?","E","R","T","R","?","R","M","?","R","B",null,"M","?","T","M","?","E","$","R","T","R","M","M","R","?","R"],"character_chosen":"THE_SILENT","items_purchased":[],"gold_per_floor":[116,131,81,105,125,125,156,156,202,202,262,262,243,243,243,346,346,366,366,391,406,406,432,357,357,429,429,440,456,456,456,456,456],"floor_reached":33,"campfire_rested":3,"playtime":1298,"current_hp_per_floor":[59,52,52,52,52,45,25,58,58,58,46,46,48,48,48,13,70,70,70,70,54,35,24,24,35,35,35,33,22,22,6,31,0],"items_purged":["Strike_G"],"gold":456,"score":338,"play_id":"c20b94c9-f899-4baf-8c2c-c710334449d1","local_time":"20180413194438","is_prod":false,"is_daily":false,"chose_seed":false,"is_ascension_mode":true,"campfire_upgraded":5,"timestamp":1523641478,"path_taken":["M","M","?","?","?","?","E","R","T","R","?","R","M","?","R","BOSS","M","?","?","M","?","E","$","R","T","R","M","M","R","?","R","BOSS"],"build_version":"2018-04-12","seed_source_timestamp":23942305235419,"purchased_purges":1,"victory":false,"master_deck":["Defend_G","Defend_G","Defend_G","Strike_G","Strike_G","Survivor","Neutralize+1","Noxious Fumes+1","Backflip+1","Cloak And Dagger+1","Die Die Die","Escape Plan","Choke+1","Ghostly","Ghostly","Ghostly","Ghostly","Ghostly","Dash+1"],"max_hp_per_floor":[63,63,63,63,63,63,63,63,63,63,63,63,63,70,70,70,70,70,70,70,70,35,35,35,35,35,35,35,35,35,35,35,35],"relics":["Ring of the Snake","Blood Vial","Regal Pillow","Juzu Bracelet","Girya","Strawberry","Lizard Tail","Omamori","Bag of Preparation","Toolbox","Enchiridion"],"card_choices":[{"not_picked":["Slice","Acrobatics"],"picked":"Noxious Fumes","floor":5.0},{"not_picked":["Masterful Stab","After Image"],"picked":"Backflip","floor":7.0},{"not_picked":["PiercingWail","Dodge and Roll"],"picked":"Cloak And Dagger","floor":13.0},{"not_picked":["Tactician","After Image"],"picked":"Die Die Die","floor":16.0},{"not_picked":["Eviscerate","Masterful Stab"],"picked":"Choke","floor":21},{"not_picked":["Dagger Throw","Eviscerate"],"picked":"Dash","floor":23}],"player_experience":293544,"potions_floor_usage":[23,33,33],"damage_taken":[{"damage":4.0,"enemies":"Cultist","floor":1.0,"turns":4.0},{"damage":7.0,"enemies":"2 Louse","floor":2.0,"turns":2.0},{"damage":2.0,"enemies":"Jaw Worm","floor":5.0,"turns":7.0},{"damage":22.0,"enemies":"3 Sentries","floor":7.0,"turns":9.0},{"damage":14.0,"enemies":"3 Sentries","floor":11.0,"turns":7.0},{"damage":0.0,"enemies":"Exordium Thugs","floor":13.0,"turns":4.0},{"damage":37.0,"enemies":"Slime Boss","floor":16.0,"turns":10.0},{"damage":0,"enemies":"Shell Parasite","floor":18,"turns":8},{"damage":16,"enemies":"3 Byrds","floor":21,"turns":6},{"damage":11,"enemies":"Slavers","floor":23,"turns":7},{"damage":2,"enemies":"Centurion and Healer","floor":28,"turns":8},{"damage":13,"enemies":"3 Cultists","floor":29,"turns":6},{"damage":71,"enemies":"Champ","floor":33,"turns":12}],"event_choices":[{"event_name":"The Cleric","player_choice":"Card Removal","floor":3.0,"damage_taken":0.0},{"event_name":"Golden Wing","player_choice":"Card Removal","floor":6.0,"damage_taken":0.0},{"event_name":"Dead Adventurer","player_choice":"Searched \u00271\u0027 times","floor":11.0,"damage_taken":0.0},{"event_name":"Scrap Ooze","player_choice":"success","floor":14.0,"damage_taken":7.0},{"event_name":"The Library","player_choice":"Read","floor":19,"damage_taken":0},{"event_name":"Ghosts","player_choice":"Became a Ghost","floor":22,"damage_taken":0},{"event_name":"Cursed Tome","player_choice":"Obtained Book","floor":31,"damage_taken":0}],"boss_relics":[],"potions_floor_spawned":[1,5,11,16,18,29],"seed_played":"3279003762716165948","killed_by":"Champ","ascension_level":4,"is_trial":false}