{"path_per_floor":["M","M","?","?","M","R","?","M","T","E","M","R","$","M","R","B",null,"M","$","?","M","?","E","M","R","T","R","M","M","R","M","R"],"character_chosen":"THE_SILENT","items_purchased":["Bandage Up","Bouncing Flask","Footwork","Bandage Up"],"gold_per_floor":[113,127,127,127,140,140,140,160,185,224,244,244,1,17,17,147,147,172,4,4,25,25,69,90,90,90,90,115,140,140,163,163,163],"floor_reached":33,"campfire_rested":2,"playtime":1118,"current_hp_per_floor":[63,63,50,35,35,53,63,58,58,51,51,51,51,55,55,28,54,58,58,58,54,54,38,59,59,59,59,57,49,63,50,50,0],"items_purged":["Strike_G"],"gold":163,"score":336,"play_id":"0b4c778b-6346-4dcc-bd70-aa3f637880f6","local_time":"20180420102407","is_prod":false,"is_daily":false,"chose_seed":false,"is_ascension_mode":true,"campfire_upgraded":5,"timestamp":1524212647,"path_taken":["M","M","?","?","M","R","?","M","T","E","?","R","$","M","R","BOSS","M","$","?","M","?","E","M","R","T","R","M","M","R","M","R","BOSS"],"build_version":"2018-04-19","seed_source_timestamp":1032060886871158,"purchased_purges":1,"victory":false,"master_deck":["Defend_G","Defend_G","Defend_G","Defend_G","Defend_G+1","Strike_G","Strike_G","Strike_G","Strike_G","Survivor","Neutralize+1","Dash+1","Bouncing Flask+1","Flying Knee","Dagger Spray","Bandage Up","Bouncing Flask+1","Glass Knife+1","Footwork+1","Bandage Up","Malaise+1","Bane","Writhe","Caltrops+1"],"max_hp_per_floor":[63,63,63,63,63,63,63,63,63,63,63,63,63,63,63,63,63,63,63,63,63,63,63,63,63,63,63,63,63,63,63,63,63],"relics":["Ring of the Snake","The Specimen","Golden Idol","Lantern","Anchor","Cursed Key","Regal Pillow","Meat on the Bone"],"card_choices":[{"not_picked":["Acrobatics","Dagger Spray"],"picked":"Dash","floor":1.0},{"not_picked":["Poisoned Stab","Prepared"],"picked":"Bouncing Flask","floor":2.0},{"not_picked":["Quick Slash","Acrobatics"],"picked":"Flying Knee","floor":5.0},{"not_picked":["Prepared","Wraith Form v2"],"picked":"Dagger Spray","floor":10.0},{"not_picked":["Night Terror","Doppelganger"],"picked":"Glass Knife","floor":16.0},{"not_picked":["Dodge and Roll","Sucker Punch"],"picked":"Bane","floor":21.0},{"not_picked":["Slice","Quick Slash"],"picked":"Caltrops","floor":28}],"player_experience":305896,"potions_floor_usage":[24,33,33],"damage_taken":[{"damage":0.0,"enemies":"Small Slimes","floor":1.0,"turns":3.0},{"damage":0.0,"enemies":"Jaw Worm","floor":2.0,"turns":4.0},{"damage":0.0,"enemies":"2 Louse","floor":5.0,"turns":2.0},{"damage":5.0,"enemies":"Large Slime","floor":8.0,"turns":7.0},{"damage":7.0,"enemies":"Lagavulin","floor":10.0,"turns":5.0},{"damage":0.0,"enemies":"Gremlin Gang","floor":11.0,"turns":3.0},{"damage":0.0,"enemies":"Lots of Slimes","floor":14.0,"turns":2.0},{"damage":31.0,"enemies":"The Guardian","floor":16.0,"turns":8.0},{"damage":0.0,"enemies":"Chosen","floor":18.0,"turns":3.0},{"damage":12.0,"enemies":"2 Thieves","floor":21.0,"turns":4.0},{"damage":24,"enemies":"Gremlin Leader","floor":23,"turns":7},{"damage":2,"enemies":"Snake Plant","floor":24,"turns":5},{"damage":9,"enemies":"Cultist and Chosen","floor":28,"turns":5},{"damage":16,"enemies":"3 Cultists","floor":29,"turns":4},{"damage":13,"enemies":"Centurion and Healer","floor":31,"turns":5},{"damage":84,"enemies":"Automaton","floor":33,"turns":12}],"event_choices":[{"event_name":"Shining Light","player_choice":"Entered Light","floor":3.0,"damage_taken":0.0},{"event_name":"Golden Idol","player_choice":"Take Damage","floor":4.0,"damage_taken":0.0},{"event_name":"Big Fish","player_choice":"Banana","floor":7.0,"damage_taken":0.0},{"event_name":"The Library","player_choice":"Read","floor":20.0,"damage_taken":0.0},{"event_name":"Upgrade Shrine","player_choice":"Upgraded","floor":22.0,"damage_taken":0.0}],"boss_relics":[],"potions_floor_spawned":[2,5,10,21,28],"seed_played":"4339491002967441227","killed_by":"Automaton","ascension_level":5,"is_trial":false}