{"path_per_floor":["M","?","M","$","?","?","R","E","T","R","M","M","M","$","R","B",null,"M","M","$","M","$","R","M","R","T","?","M","R","?","M","R"],"character_chosen":"IRONCLAD","items_purchased":["Clash","Flex","Blood Vial","Flex"],"gold_per_floor":[118,118,132,4,79,254,254,285,332,332,351,361,376,70,70,169,169,184,195,22,33,33,33,50,50,50,100,119,119,119,137,137],"floor_reached":33,"campfire_rested":2,"playtime":1695,"current_hp_per_floor":[80,80,80,80,69,69,69,75,75,75,73,69,38,38,62,40,80,80,63,63,61,61,61,61,61,61,61,61,61,61,38,77],"items_purged":["Defend_R","Doubt","Regret"],"gold":137,"score":298,"play_id":"d6cc7cc3-4bc5-4f02-96a4-08a7ddafddb9","is_prod":false,"is_daily":false,"is_ascension_mode":false,"campfire_upgraded":5,"path_taken":["M","?","M","?","?","?","R","E","T","R","?","?","M","$","R","BOSS","M","M","$","M","$","R","M","R","T","?","M","R","?","M","R","BOSS"],"build_version":"2018-02-15-PROD1","purchased_purges":3,"victory":false,"master_deck":["Strike_R","Strike_R","Strike_R","Strike_R","Strike_R","Defend_R","Defend_R","Defend_R","Bash+1","Clash","Thunderclap+1","Clash","Flex","Clash","Flex+1","Offering+1","Flex","Offering+1","Spot Weakness","Writhe","Clash"],"max_hp_per_floor":[80,80,80,80,80,80,80,80,80,80,80,80,80,80,80,80,80,80,80,80,80,80,80,80,80,80,80,80,80,80,80,80],"relics":["Burning Blood","NeowsBlessing","Happy Flower","Dodecahedron","Oddly Smooth Stone","Blood Vial","Sozu","Self Forming Clay","Regal Pillow"],"card_choices":[{"not_picked":["Wild Strike","Second Wind"],"picked":"Clash"},{"not_picked":["True Grit","Havoc"],"picked":"Thunderclap"},{"not_picked":["Uppercut","Corruption"],"picked":"Flex"},{"not_picked":["Cleave","Dual Wield"],"picked":"Clash"},{"not_picked":["Bludgeon","Barricade"],"picked":"Offering"},{"not_picked":["Evolve","Sword Boomerang"],"picked":"Offering"},{"not_picked":["Reckless Charge","Twin Strike"],"picked":"Spot Weakness"},{"not_picked":["Body Slam","Cleave"],"picked":"Clash"}],"player_experience":61237,"potions_floor_usage":[12,13],"damage_taken":[{"damage":0,"enemies":"Small Slimes","floor":1,"turns":1},{"damage":0,"enemies":"2 Louse","floor":3,"turns":1},{"damage":0,"enemies":"Lagavulin","floor":8,"turns":1},{"damage":8,"enemies":"Cultist","floor":11,"turns":3},{"damage":10,"enemies":"Looter","floor":12,"turns":3},{"damage":37,"enemies":"Exordium Thugs","floor":13,"turns":5},{"damage":30,"enemies":"Slime Boss","floor":16,"turns":7},{"damage":5,"enemies":"Chosen","floor":18,"turns":2},{"damage":23,"enemies":"Shell Parasite","floor":19,"turns":4},{"damage":10,"enemies":"Centurion and Healer","floor":21,"turns":5},{"damage":8,"enemies":"Snake Plant","floor":24,"turns":1},{"damage":8,"enemies":"3 Cultists","floor":28,"turns":2},{"damage":31,"enemies":"Slaver and Parasite","floor":31,"turns":3},{"damage":95,"enemies":"Automaton","floor":33,"turns":6}],"event_choices":[{"event_name":"Big Fish","player_choice":"Box","floor":2,"damage_taken":0},{"event_name":"World of Goop","player_choice":"Gather Gold","floor":5,"damage_taken":0},{"event_name":"Liars Game","player_choice":"agreed","floor":6,"damage_taken":0},{"event_name":"The Joust","player_choice":"Bet on Murderer","floor":27,"damage_taken":0},{"event_name":"The Mausoleum","player_choice":"Yes","floor":30,"damage_taken":0}],"boss_relics":[{"not_picked":["Cursed Key","Runic Dome"],"picked":"Sozu"}],"potions_floor_spawned":[3,11,13,16,21,24,28,31],"seed_played":"-6865280717705205677","killed_by":"Automaton","ascension_level":0,"is_trial":false}