{"path_per_floor":["M","M","$","M","$","E","R","M","T","R","M","M","E","M","R","B",null,"M","$","M","M","?","R","M","M","T","M","R","?","M","M","R","B",null,"M","M","M","M","$","R","$","M","T","R","?","E","$","M","R"],"character_chosen":"IRONCLAD","items_purchased":["Lantern"],"gold_per_floor":[214,228,9,28,28,56,56,76,76,76,86,102,127,139,139,234,234,234,134,134,134,134,134,134,134,134,134,134,134,134,134,134,134,134,134,134,134,134,9,9,9,9,9,9,9,9,9,9,9],"floor_reached":50,"campfire_rested":3,"playtime":2885,"current_hp_per_floor":[80,80,80,80,80,59,59,68,68,68,70,54,57,63,73,19,90,72,72,79,64,64,64,63,45,45,54,54,38,44,37,66,21,99,99,90,79,64,64,64,64,44,44,74,100,73,73,79,112],"items_purged":["Defend_R","Defend_R","Juggernaut"],"gold":9,"score":517,"play_id":"30637680-6a26-4e58-8e29-2a5dc7f8ff6a","is_prod":false,"is_daily":false,"is_ascension_mode":false,"campfire_upgraded":1,"path_taken":["M","M","$","M","$","E","R","M","T","R","M","M","E","M","R","BOSS","M","$","M","M","?","R","M","M","T","M","R","?","?","M","R","BOSS","M","M","?","M","$","R","?","M","T","R","?","E","?","M","R","BOSS"],"build_version":"2018-02-15-PROD1","purchased_purges":4,"victory":false,"master_deck":["Strike_R","Strike_R","Strike_R","Strike_R","Strike_R","Bash","Cleave","Headbutt+1","Sword Boomerang","Bloodletting","Armaments","Perfected Strike","Clash","Inflame","Pommel Strike","Feed","Shrug It Off","Battle Trance","Flex","Heavy Blade+1","Spot Weakness+1","Limit Break","Hemokinesis+1","True Grit+1","Armaments+1","Warcry+1","Flex+1","Pommel Strike+1","Twin Strike+1","Inflame+1","Writhe","Perfected Strike+1","Bloodletting+1"],"max_hp_per_floor":[80,80,80,80,80,80,80,80,80,80,80,80,80,80,90,90,90,93,93,93,93,93,93,96,96,96,96,96,96,96,99,99,99,99,99,102,102,102,102,102,102,102,102,102,102,109,109,112,112],"relics":["Burning Blood","Lantern","Magic Flower","Shovel","Oddly Smooth Stone","Anchor","Pear","Ectoplasm","Self Forming Clay","Prayer Wheel","Dodecahedron","Enchiridion","Astrolabe","Bird Faced Urn","Strawberry"],"card_choices":[{"not_picked":["Corruption","Body Slam"],"picked":"Cleave"},{"not_picked":["Armaments","Body Slam"],"picked":"Headbutt"},{"not_picked":["Fire Breathing","Twin Strike"],"picked":"Sword Boomerang"},{"not_picked":["Evolve","Bludgeon"],"picked":"Bloodletting"},{"not_picked":["Anger","Body Slam"],"picked":"Armaments"},{"not_picked":["Rupture","Clothesline"],"picked":"Perfected Strike"},{"not_picked":["Sever Soul","Iron Wave"],"picked":"Clash"},{"not_picked":["Dual Wield","Body Slam"],"picked":"Inflame"},{"not_picked":["Warcry","Combust"],"picked":"Pommel Strike"},{"not_picked":["Immolate","Impervious"],"picked":"Feed"},{"not_picked":["Clash","Armaments"],"picked":"Shrug It Off"},{"not_picked":["Warcry","Metallicize"],"picked":"Battle Trance"},{"not_picked":["Twin Strike","Bloodletting"],"picked":"Flex"},{"not_picked":["Cleave","Wild Strike"],"picked":"Heavy Blade"},{"not_picked":["Inflame","Rupture"],"picked":"Spot Weakness"},{"not_picked":["Juggernaut","Demon Form"],"picked":"Limit Break"},{"not_picked":["Twin Strike","Cleave"],"picked":"Armaments"},{"not_picked":["True Grit","Twin Strike"],"picked":"Warcry"},{"not_picked":["Iron Wave","Bludgeon"],"picked":"Flex"},{"not_picked":["Anger","Iron Wave"],"picked":"Pommel Strike"},{"not_picked":["Fire Breathing","Heavy Blade"],"picked":"Twin Strike"},{"not_picked":["Battle Trance","Headbutt"],"picked":"Inflame"},{"not_picked":["Flame Barrier","Cleave"],"picked":"Perfected Strike"},{"not_picked":["Feel No Pain","Sever Soul"],"picked":"Bloodletting"}],"player_experience":39535,"potions_floor_usage":[6,13,16,24,30,30,33,38,50],"damage_taken":[{"damage":1,"enemies":"Jaw Worm","floor":1,"turns":5},{"damage":1,"enemies":"Cultist","floor":2,"turns":3},{"damage":0,"enemies":"Small Slimes","floor":4,"turns":3},{"damage":27,"enemies":"Gremlin Nob","floor":6,"turns":4},{"damage":0,"enemies":"Exordium Wildlife","floor":8,"turns":3},{"damage":7,"enemies":"Blue Slaver","floor":11,"turns":3},{"damage":25,"enemies":"Gremlin Gang","floor":12,"turns":5},{"damage":16,"enemies":"3 Sentries","floor":13,"turns":4},{"damage":3,"enemies":"Red Slaver","floor":14,"turns":2},{"damage":63,"enemies":"The Guardian","floor":16,"turns":8},{"damage":32,"enemies":"3 Byrds","floor":18,"turns":5},{"damage":2,"enemies":"Shell Parasite","floor":20,"turns":2},{"damage":24,"enemies":"Snecko","floor":21,"turns":4},{"damage":15,"enemies":"3 Cultists","floor":24,"turns":4},{"damage":27,"enemies":"Sentry and Sphere","floor":25,"turns":4},{"damage":0,"enemies":"Snecko","floor":27,"turns":3},{"damage":3,"enemies":"Cultist and Chosen","floor":30,"turns":4},{"damage":21,"enemies":"Sentry and Sphere","floor":31,"turns":4},{"damage":54,"enemies":"Champ","floor":33,"turns":6},{"damage":3,"enemies":"3 Darklings","floor":35,"turns":2},{"damage":23,"enemies":"3 Shapes","floor":36,"turns":4},{"damage":20,"enemies":"3 Darklings","floor":37,"turns":4},{"damage":24,"enemies":"Maw","floor":38,"turns":5},{"damage":35,"enemies":"Sphere and 2 Shapes","floor":42,"turns":4},{"damage":48,"enemies":"2 Orb Walkers","floor":46,"turns":4},{"damage":14,"enemies":"4 Shapes","floor":48,"turns":3},{"damage":127,"enemies":"Donu and Deca","floor":50,"turns":8}],"event_choices":[{"event_name":"Match and Keep!","player_choice":"1 cards matched","floor":22,"damage_taken":0},{"event_name":"Cursed Tome","player_choice":"Obtained Book","floor":29,"damage_taken":0},{"event_name":"Winding Halls","player_choice":"Writhe","floor":45,"damage_taken":0}],"boss_relics":[{"not_picked":["Eternal Feather","Snecko Eye"],"picked":"Ectoplasm"},{"not_picked":["Black Star","Runic Cube"],"picked":"Astrolabe"}],"potions_floor_spawned":[1,4,8,13,14,21,25,27,37,38,46],"seed_played":"9169812515763281364","killed_by":"Donu and Deca","ascension_level":0,"is_trial":false}