{"path_per_floor":["M","M","M","M","?","R","E","R","T","M","?","M","M","M","R","B",null,"M","$","M","?","$"],"character_chosen":"IRONCLAD","items_purchased":["Happy Flower","Whirlwind"],"gold_per_floor":[114,129,147,165,165,165,197,197,223,233,233,258,277,292,292,411,411,425,127,115,115,15],"floor_reached":23,"campfire_rested":1,"playtime":1347,"current_hp_per_floor":[75,73,68,62,62,62,48,72,72,70,70,65,58,60,60,38,74,41,41,31,31,31],"items_purged":["Regret","Decay"],"gold":15,"score":195,"play_id":"4165c8c7-4c40-42d5-977b-0a4c725cc18e","is_prod":false,"is_daily":false,"is_ascension_mode":false,"campfire_upgraded":2,"path_taken":["M","M","M","M","?","R","E","R","T","M","?","M","M","M","R","BOSS","M","$","M","?","$","E"],"build_version":"2018-02-12-PROD1","purchased_purges":2,"victory":false,"master_deck":["Strike_R","Strike_R","Strike_R","Strike_R","Strike_R","Defend_R","Defend_R","Defend_R","Defend_R","Bash","Pommel Strike","Clothesline","Metallicize","Offering+1","Headbutt","Perfected Strike","Perfected Strike","Flex","Inflame+1","Limit Break","Cleave+1","Whirlwind","Pommel Strike"],"max_hp_per_floor":[80,80,80,80,80,80,80,80,80,80,74,74,74,74,74,74,74,74,74,74,74,74],"relics":["Burning Blood","Self Forming Clay","Lantern","Prayer Wheel","Golden Idol","Philosopher\u0027s Stone","Happy Flower"],"card_choices":[{"not_picked":["Intimidate","Searing Blow"],"picked":"Pommel Strike"},{"not_picked":["Body Slam","Warcry"],"picked":"Clothesline"},{"not_picked":["Fire Breathing","Bloodletting"],"picked":"Metallicize"},{"not_picked":["Infernal Blade","Flex"],"picked":"Offering"},{"not_picked":["Sword Boomerang","Sever Soul"],"picked":"Headbutt"},{"not_picked":["Hemokinesis","Twin Strike"],"picked":"Perfected Strike"},{"not_picked":["Sword Boomerang","Clothesline"],"picked":"Perfected Strike"},{"not_picked":["Twin Strike","Searing Blow"],"picked":"Flex"},{"not_picked":["Pommel Strike","Uppercut"],"picked":"Inflame"},{"not_picked":["Bludgeon","Feed"],"picked":"Limit Break"},{"not_picked":["Rampage","Perfected Strike"],"picked":"Cleave"},{"not_picked":["Rampage","Blood for Blood"],"picked":"Pommel Strike"}],"player_experience":24771,"potions_floor_usage":[7,10,18],"damage_taken":[{"damage":11,"enemies":"Jaw Worm","floor":1,"turns":2},{"damage":8,"enemies":"2 Louse","floor":2,"turns":4},{"damage":11,"enemies":"Blue Slaver","floor":3,"turns":4},{"damage":12,"enemies":"Looter","floor":4,"turns":4},{"damage":20,"enemies":"Gremlin Nob","floor":7,"turns":4},{"damage":8,"enemies":"Exordium Wildlife","floor":10,"turns":4},{"damage":11,"enemies":"Exordium Thugs","floor":12,"turns":4},{"damage":13,"enemies":"Lots of Slimes","floor":13,"turns":3},{"damage":4,"enemies":"Large Slime","floor":14,"turns":3},{"damage":28,"enemies":"Hexaghost","floor":16,"turns":8},{"damage":39,"enemies":"3 Byrds","floor":18,"turns":4},{"damage":16,"enemies":"2 Thieves","floor":20,"turns":4},{"damage":35,"enemies":"Slavers","floor":23,"turns":3}],"event_choices":[{"event_name":"Big Fish","player_choice":"Box","floor":5,"damage_taken":0},{"event_name":"Golden Idol","player_choice":"Lose Max HP","floor":11,"damage_taken":0},{"event_name":"Wheel of Change","player_choice":"Curse","floor":21,"damage_taken":0}],"boss_relics":[{"not_picked":["Snecko Eye","Eternal Feather"],"picked":"Philosopher\u0027s Stone"}],"potions_floor_spawned":[1,2,7,20],"seed_played":"-4819644192786306690","killed_by":"Slavers","ascension_level":0,"is_trial":false}