{"path_per_floor":["M","?","M","?","?","E","R","M","T","E","M","M","M","M","R"],"character_chosen":"IRONCLAD","items_purchased":[],"gold_per_floor":[113,213,227,227,227,262,262,275,275,302,317,329,348,365,365],"floor_reached":16,"campfire_rested":2,"playtime":11860,"current_hp_per_floor":[76,76,69,69,69,14,38,44,44,31,30,18,18,15,54],"items_purged":[],"gold":365,"score":114,"play_id":"1a299c9d-4059-44ce-bb82-a10e14e848a6","is_prod":false,"is_daily":false,"is_ascension_mode":false,"campfire_upgraded":0,"path_taken":["M","?","M","?","?","E","R","M","T","E","M","M","M","?","R","BOSS"],"build_version":"2018-02-12-PROD1","purchased_purges":0,"victory":false,"master_deck":["Strike_R","Strike_R","Strike_R","Strike_R","Strike_R","Defend_R","Defend_R","Defend_R","Defend_R","Bash","Rage","Searing Blow","Rage","Warcry","Bash","Rampage","Flex","Inflame","Thunderclap","Shrug It Off","Intimidate","Iron Wave"],"max_hp_per_floor":[80,80,80,80,80,80,80,80,80,80,80,80,80,80,80],"relics":["Burning Blood","Bottled Lightning","Bird Faced Urn","Regal Pillow"],"card_choices":[{"not_picked":["Second Wind","Shrug It Off"],"picked":"Rage"},{"not_picked":["Body Slam","Sever Soul"],"picked":"Searing Blow"},{"not_picked":["Berserk","Heavy Blade"],"picked":"Rage"},{"not_picked":["Pommel Strike","Heavy Blade"],"picked":"Rampage"},{"not_picked":["Sword Boomerang","Second Wind"],"picked":"Flex"},{"not_picked":["Reckless Charge","Heavy Blade"],"picked":"Inflame"},{"not_picked":["Armaments","Cleave"],"picked":"Thunderclap"},{"not_picked":["Clothesline","Heavy Blade"],"picked":"Shrug It Off"},{"not_picked":["Bloodletting","Sever Soul"],"picked":"Intimidate"},{"not_picked":["Armaments","Pummel"],"picked":"Iron Wave"}],"player_experience":3802,"potions_floor_usage":[11,14,14,14],"damage_taken":[{"damage":10,"enemies":"Small Slimes","floor":1,"turns":3},{"damage":13,"enemies":"Blue Slaver","floor":3,"turns":4},{"damage":61,"enemies":"Lagavulin","floor":6,"turns":9},{"damage":0,"enemies":"Cultist","floor":8,"turns":4},{"damage":19,"enemies":"3 Sentries","floor":10,"turns":9},{"damage":9,"enemies":"Red Slaver","floor":11,"turns":3},{"damage":20,"enemies":"Lots of Slimes","floor":12,"turns":5},{"damage":8,"enemies":"3 Louse","floor":13,"turns":4},{"damage":9,"enemies":"Gremlin Gang","floor":14,"turns":4},{"damage":68,"enemies":"Slime Boss","floor":16,"turns":7}],"event_choices":[{"event_name":"Golden Shrine","player_choice":"Pray","floor":2,"damage_taken":0},{"event_name":"Match and Keep!","player_choice":"2 cards matched","floor":4,"damage_taken":0},{"event_name":"The Cleric","player_choice":"Leave","floor":5,"damage_taken":0}],"boss_relics":[],"potions_floor_spawned":[6,8,10,12,13],"seed_played":"-4549771841189035006","killed_by":"Slime Boss","ascension_level":0,"is_trial":false}