{"path_per_floor":["M","?","?","M","?","R","E","M","T","M","M","$","M","?","R","B",null,"M","?","?","?","M","R","?","E","T","$","R","$","?","M","R","B",null,"M","$","M","?","M","R","?","M","T","M","M"],"character_chosen":"IRONCLAD","items_purchased":["True Grit","Armaments","Metallicize"],"gold_per_floor":[117,117,117,132,82,82,114,126,149,161,175,55,69,69,69,166,166,176,176,176,276,291,291,291,323,323,178,178,97,97,112,112,217,217,233,108,126,126,144,144,144,154,231,242,262],"floor_reached":46,"campfire_rested":3,"playtime":2827,"current_hp_per_floor":[80,73,73,79,79,79,80,80,80,80,80,80,80,80,80,49,80,73,73,57,57,59,59,44,16,16,16,41,41,41,36,61,23,85,49,49,37,37,27,52,73,79,79,55,28],"items_purged":["Bash","True Grit","Writhe"],"gold":262,"score":415,"play_id":"ad624c5a-fe64-4b8d-aea9-9858fe5d25ee","is_prod":false,"is_daily":false,"is_ascension_mode":false,"campfire_upgraded":3,"path_taken":["M","?","?","M","?","R","E","M","T","M","M","$","M","?","R","BOSS","M","?","?","?","M","R","?","E","T","$","R","$","?","M","R","BOSS","M","$","M","?","?","R","?","M","T","M","M","M"],"build_version":"2018-02-15-PROD1","purchased_purges":3,"victory":false,"master_deck":["Strike_R+1","Strike_R","Strike_R","Strike_R","Strike_R","Defend_R+1","Defend_R","Defend_R","Shrug It Off+1","Reckless Charge+1","Barricade+1","Thunderclap","Flex","Body Slam","Necronomicurse","Perfected Strike+1","Spot Weakness","Armaments","Metallicize","Thunderclap+1","Armaments+1","Battle Trance+1","Writhe","Fire Breathing+1","Headbutt+1"],"max_hp_per_floor":[80,80,80,80,80,80,80,80,80,80,80,80,80,80,80,80,80,80,80,80,80,80,80,85,85,85,85,85,85,85,85,85,85,85,85,85,85,85,85,85,85,85,85,85,85],"relics":["Burning Blood","NeowsBlessing","War Paint","Anchor","Happy Flower","Runic Dome","Necronomicon","Dodecahedron","Ginger","Centennial Puzzle","Runic Pyramid","Ornamental Fan"],"card_choices":[{"not_picked":["Feel No Pain","Twin Strike"],"picked":"Shrug It Off"},{"not_picked":["Perfected Strike","Thunderclap"],"picked":"Reckless Charge"},{"not_picked":["Rupture","Heavy Blade"],"picked":"Barricade"},{"not_picked":["Warcry","Fire Breathing"],"picked":"Thunderclap"},{"not_picked":["Burning Pact","Clothesline"],"picked":"Flex"},{"not_picked":["Twin Strike","Juggernaut"],"picked":"Body Slam"},{"not_picked":["Burning Pact","Flex"],"picked":"Perfected Strike"},{"not_picked":["Headbutt","Pommel Strike"],"picked":"Spot Weakness"},{"not_picked":["Clothesline","Heavy Blade"],"picked":"Thunderclap"},{"not_picked":["Reaper","Dark Embrace"],"picked":"Bludgeon"},{"not_picked":["Iron Wave","Shockwave"],"picked":"Armaments"},{"not_picked":["Sword Boomerang","Rampage"],"picked":"Battle Trance"},{"not_picked":["Anger","Thunderclap"],"picked":"Fire Breathing"},{"not_picked":["Fiend Fire","Flex"],"picked":"Headbutt"}],"player_experience":33961,"potions_floor_usage":[16,16,16,25,33,42],"damage_taken":[{"damage":0,"enemies":"2 Louse","floor":1,"turns":1},{"damage":0,"enemies":"Small Slimes","floor":4,"turns":1},{"damage":0,"enemies":"Lagavulin","floor":7,"turns":1},{"damage":0,"enemies":"Cultist","floor":8,"turns":3},{"damage":0,"enemies":"Large Slime","floor":10,"turns":4},{"damage":0,"enemies":"Gremlin Gang","floor":11,"turns":6},{"damage":0,"enemies":"Lots of Slimes","floor":13,"turns":3},{"damage":37,"enemies":"Slime Boss","floor":16,"turns":12},{"damage":13,"enemies":"Shell Parasite","floor":18,"turns":7},{"damage":4,"enemies":"3 Byrds","floor":22,"turns":7},{"damage":34,"enemies":"Slavers","floor":25,"turns":6},{"damage":11,"enemies":"Snake Plant","floor":31,"turns":2},{"damage":44,"enemies":"Collector","floor":33,"turns":12},{"damage":42,"enemies":"3 Darklings","floor":35,"turns":8},{"damage":18,"enemies":"Orb Walker","floor":37,"turns":3},{"damage":16,"enemies":"Sphere and 2 Shapes","floor":39,"turns":4},{"damage":0,"enemies":"Maw","floor":42,"turns":7},{"damage":30,"enemies":"4 Shapes","floor":44,"turns":6},{"damage":33,"enemies":"Sphere and 2 Shapes","floor":45,"turns":6},{"damage":28,"enemies":"Maw","floor":46,"turns":5}],"event_choices":[{"event_name":"Scrap Ooze","player_choice":"success","floor":2,"damage_taken":7},{"event_name":"Upgrade Shrine","player_choice":"Upgraded","floor":3,"damage_taken":0},{"event_name":"The Cleric","player_choice":"Card Removal","floor":5,"damage_taken":0},{"event_name":"The Lab","player_choice":"Got Potions","floor":14,"damage_taken":0},{"event_name":"Drug Dealer","player_choice":"Ignored","floor":19,"damage_taken":0},{"event_name":"Cursed Tome","player_choice":"Obtained Book","floor":20,"damage_taken":0},{"event_name":"Golden Shrine","player_choice":"Pray","floor":21,"damage_taken":0},{"event_name":"Forgotten Altar","player_choice":"Shed Blood","floor":24,"damage_taken":0},{"event_name":"The Mausoleum","player_choice":"Yes","floor":30,"damage_taken":0},{"event_name":"Winding Halls","player_choice":"Writhe","floor":41,"damage_taken":0}],"boss_relics":[{"not_picked":["Calling Bell","Eternal Feather"],"picked":"Runic Dome"},{"not_picked":["Black Star","Sozu"],"picked":"Runic Pyramid"}],"potions_floor_spawned":[1,10,13,22,25,37,39,42],"seed_played":"-1385020096008405450","killed_by":"Maw","ascension_level":0,"is_trial":false}