{"path_per_floor":["M","M","?","?","?","R","E","M","T","M","M","M","R","?","R","B",null,"M","M","?","M","M","R","E","M","T","?","R","M","$","E","R","B",null,"M","$","?","$","M","R","$","M","T","?","?"],"character_chosen":"IRONCLAD","items_purchased":["Toxic Egg 2","Good Instincts","Fire Potion","Finesse","Fire Potion","Shrug It Off"],"gold_per_floor":[113,124,124,124,124,124,164,187,214,238,257,275,275,275,275,403,403,394,408,408,433,453,453,494,517,517,517,517,535,68,109,109,237,237,260,22,22,22,47,47,21,39,39,0,63],"floor_reached":46,"campfire_rested":2,"playtime":3401,"current_hp_per_floor":[80,80,80,64,44,44,50,56,56,59,64,70,70,70,70,69,80,70,76,76,69,71,71,48,10,20,20,62,65,65,50,90,18,90,77,77,66,66,62,62,62,64,64,64,55],"items_purged":["Strike_R","Pain"],"gold":63,"score":486,"play_id":"29351fd0-2b13-432d-bc88-642b204137a9","is_prod":false,"is_daily":false,"is_ascension_mode":false,"campfire_upgraded":5,"path_taken":["M","M","?","?","?","R","E","M","T","M","?","M","R","?","R","BOSS","M","?","?","M","M","R","E","M","T","?","R","M","$","E","R","BOSS","M","$","?","$","M","R","$","M","T","?","?","M"],"build_version":"2018-02-15-PROD1","purchased_purges":2,"victory":false,"master_deck":["Strike_R+1","Strike_R+1","Strike_R+1","Strike_R+1","Defend_R+1","Defend_R+1","Defend_R+1","Defend_R+1","Flame Barrier+1","Disarm","Impervious","Body Slam","Shrug It Off+1","Armaments+1","Rampage+1","Shrug It Off","Good Instincts+1","Injury","Shrug It Off+1","Finesse+1","Madness+1","Madness+1","Iron Wave+1","Shrug It Off+1"],"max_hp_per_floor":[80,80,80,80,80,80,80,80,80,80,80,80,80,80,80,80,80,80,80,80,80,80,80,80,80,90,90,90,90,90,90,90,90,90,90,90,90,90,90,90,90,90,90,90,104],"relics":["Burning Blood","NeowsBlessing","Golden Idol","Mercury Hourglass","Omamori","Regal Pillow","Velvet Choker","Orichalcum","Pear","Toxic Egg 2","Bag of Preparation","Calling Bell","Juzu Bracelet","Bronze Scales","Blood Vial","Ancient Tea Set","Red Mask","Mango"],"card_choices":[{"not_picked":["Sword Boomerang","Double Tap"],"picked":"Flame Barrier"},{"not_picked":["Clothesline","Combust"],"picked":"Disarm"},{"not_picked":["Brutality","Feed"],"picked":"Impervious"},{"not_picked":["Wild Strike","Iron Wave"],"picked":"Body Slam"},{"not_picked":["Fire Breathing","Spot Weakness"],"picked":"Armaments"},{"not_picked":["Headbutt","Havoc"],"picked":"Rampage"},{"not_picked":["Anger","Headbutt"],"picked":"Shrug It Off"},{"not_picked":["Body Slam","Battle Trance"],"picked":"Shrug It Off"},{"not_picked":["Heavy Blade","Pommel Strike"],"picked":"Iron Wave"}],"player_experience":44122,"potions_floor_usage":[16,16,16,21,31,31,42,45,45,46],"damage_taken":[{"damage":0,"enemies":"Small Slimes","floor":1,"turns":1},{"damage":0,"enemies":"Jaw Worm","floor":2,"turns":1},{"damage":0,"enemies":"Lagavulin","floor":7,"turns":1},{"damage":0,"enemies":"2 Louse","floor":8,"turns":2},{"damage":3,"enemies":"Looter","floor":10,"turns":4},{"damage":1,"enemies":"Large Slime","floor":11,"turns":8},{"damage":0,"enemies":"Exordium Wildlife","floor":12,"turns":4},{"damage":22,"enemies":"Slime Boss","floor":16,"turns":20},{"damage":16,"enemies":"2 Thieves","floor":18,"turns":4},{"damage":0,"enemies":"Shell Parasite","floor":19,"turns":5},{"damage":13,"enemies":"Chosen and Byrds","floor":21,"turns":6},{"damage":4,"enemies":"Sentry and Sphere","floor":22,"turns":5},{"damage":29,"enemies":"Gremlin Leader","floor":24,"turns":7},{"damage":44,"enemies":"Cultist and Chosen","floor":25,"turns":8},{"damage":3,"enemies":"Slaver and Parasite","floor":29,"turns":8},{"damage":21,"enemies":"Slavers","floor":31,"turns":6},{"damage":78,"enemies":"Collector","floor":33,"turns":13},{"damage":19,"enemies":"Orb Walker","floor":35,"turns":5},{"damage":12,"enemies":"3 Darklings","floor":39,"turns":6},{"damage":6,"enemies":"Sphere and 2 Shapes","floor":42,"turns":7},{"damage":31,"enemies":"Mysterious Sphere","floor":45,"turns":7},{"damage":62,"enemies":"Maw","floor":46,"turns":11}],"event_choices":[{"event_name":"Living Wall","player_choice":"Forget","floor":3,"damage_taken":0},{"event_name":"Shining Light","player_choice":"Entered Light","floor":4,"damage_taken":0},{"event_name":"Golden Idol","player_choice":"Take Damage","floor":5,"damage_taken":0},{"event_name":"Big Fish","player_choice":"Box","floor":14,"damage_taken":0},{"event_name":"The Library","player_choice":"Read","floor":20,"damage_taken":0},{"event_name":"Back to Basics","player_choice":"Simplicity","floor":27,"damage_taken":0},{"event_name":"Winding Halls","player_choice":"Embrace Madness","floor":37,"damage_taken":0},{"event_name":"Tomb of Lord Red Mask","player_choice":"Paid","floor":44,"damage_taken":0},{"event_name":"Mysterious Sphere","player_choice":"Fight","floor":45,"damage_taken":0}],"boss_relics":[{"not_picked":["Astrolabe","Mark of Pain"],"picked":"Velvet Choker"},{"not_picked":["Eternal Feather","Cursed Key"],"picked":"Calling Bell"}],"potions_floor_spawned":[1,8,10,11,16,29,31,33,35,39,45],"seed_played":"3547140579531544978","killed_by":"Maw","ascension_level":0,"is_trial":false}