{"path_per_floor":["M","M","M","M","M","E","M","M","T","M","M","M","R","M","R","B",null,"M","M","M","?","M","R","M","R","T","M","R","M","M","M","R"],"character_chosen":"IRONCLAD","items_purchased":[],"gold_per_floor":[112,128,141,153,164,195,208,219,219,238,252,263,263,276,276,373,373,383,402,422,322,332,332,345,345,345,359,359,378,390,400,400],"floor_reached":33,"campfire_rested":4,"playtime":1980,"current_hp_per_floor":[80,80,62,52,48,32,25,23,23,28,24,22,22,18,42,28,80,61,41,15,15,11,35,36,36,50,17,45,33,21,17,45],"items_purged":[],"gold":400,"score":291,"play_id":"5d9d22c4-b949-443b-a037-0b47159da0c3","is_prod":false,"is_daily":false,"is_ascension_mode":false,"campfire_upgraded":2,"path_taken":["M","M","M","M","M","E","M","M","T","M","M","M","R","M","R","BOSS","M","M","M","?","M","R","M","R","T","M","R","?","M","M","R","BOSS"],"build_version":"2018-02-12-PROD1","purchased_purges":0,"victory":false,"master_deck":["Strike_R","Strike_R","Strike_R","Strike_R","Strike_R","Defend_R","Defend_R","Defend_R","Defend_R","Bash","Twin Strike","Whirlwind","Twin Strike","Pummel+1","Spot Weakness+1","Twin Strike","Cleave","Shrug It Off","Seeing Red","Heavy Blade","Demon Form","Pummel+1","J.A.X.","Heavy Blade","Heavy Blade","Twin Strike+1","Whirlwind"],"max_hp_per_floor":[80,80,80,80,80,80,80,80,80,80,80,80,80,80,80,80,80,80,80,80,80,80,80,80,80,94,94,94,94,94,94,94],"relics":["Burning Blood","Letter Opener","Charon\u0027s Ashes","Mark of Pain","Mango"],"card_choices":[{"not_picked":["Thunderclap","Searing Blow"],"picked":"Twin Strike"},{"not_picked":["Clash","Battle Trance"],"picked":"Whirlwind"},{"not_picked":["Clothesline","True Grit"],"picked":"Twin Strike"},{"not_picked":["Flex","Corruption"],"picked":"Pummel"},{"not_picked":["Barricade","Rupture"],"picked":"Spot Weakness"},{"not_picked":["True Grit","Uppercut"],"picked":"Twin Strike"},{"not_picked":["Feel No Pain","Battle Trance"],"picked":"Cleave"},{"not_picked":["Bloodletting","Corruption"],"picked":"Shrug It Off"},{"not_picked":["Cleave","Rupture"],"picked":"Seeing Red"},{"not_picked":["Corruption","Burning Pact"],"picked":"Heavy Blade"},{"not_picked":["Double Tap","Feed"],"picked":"Demon Form"},{"not_picked":["Thunderclap","Clash"],"picked":"Pummel"},{"not_picked":["Rampage","Flex"],"picked":"Heavy Blade"},{"not_picked":["Clothesline","Flex"],"picked":"Heavy Blade"},{"not_picked":["Infernal Blade","True Grit"],"picked":"Twin Strike"},{"not_picked":["Warcry","Corruption"],"picked":"Whirlwind"}],"player_experience":18984,"potions_floor_usage":[6,16,20,22,29,30,33,33],"damage_taken":[{"damage":6,"enemies":"Cultist","floor":1,"turns":3},{"damage":6,"enemies":"Jaw Worm","floor":2,"turns":3},{"damage":24,"enemies":"Blue Slaver","floor":3,"turns":3},{"damage":16,"enemies":"2 Fungi Beasts","floor":4,"turns":3},{"damage":10,"enemies":"Looter","floor":5,"turns":3},{"damage":22,"enemies":"3 Sentries","floor":6,"turns":6},{"damage":13,"enemies":"Red Slaver","floor":7,"turns":2},{"damage":8,"enemies":"Gremlin Gang","floor":8,"turns":4},{"damage":1,"enemies":"2 Fungi Beasts","floor":10,"turns":2},{"damage":10,"enemies":"Looter","floor":11,"turns":3},{"damage":8,"enemies":"Red Slaver","floor":12,"turns":3},{"damage":10,"enemies":"Large Slime","floor":14,"turns":5},{"damage":20,"enemies":"Slime Boss","floor":16,"turns":7},{"damage":25,"enemies":"Shell Parasite","floor":18,"turns":4},{"damage":26,"enemies":"Chosen","floor":19,"turns":6},{"damage":32,"enemies":"Sentry and Sphere","floor":20,"turns":5},{"damage":10,"enemies":"Centurion and Healer","floor":22,"turns":4},{"damage":5,"enemies":"Chosen and Byrds","floor":24,"turns":4},{"damage":39,"enemies":"Snake Plant","floor":27,"turns":5},{"damage":18,"enemies":"Snecko","floor":29,"turns":4},{"damage":30,"enemies":"Centurion and Healer","floor":30,"turns":6},{"damage":10,"enemies":"Sentry and Sphere","floor":31,"turns":3},{"damage":82,"enemies":"Automaton","floor":33,"turns":6}],"event_choices":[{"event_name":"Drug Dealer","player_choice":"Got JAXXED","floor":21,"damage_taken":0}],"boss_relics":[{"not_picked":["Philosopher\u0027s Stone","Runic Pyramid"],"picked":"Mark of Pain"}],"potions_floor_spawned":[3,4,6,8,11,19,24,27,31],"seed_played":"1244606379843081204","killed_by":"Automaton","ascension_level":0,"is_trial":false}