{"path_per_floor":["M","?","?","M","M","$","R","M","T","$","R","E","?","M","R","B",null,"M","?","$","?","M","R","M","E","T","R","?","M","?","M","R"],"character_chosen":"IRONCLAD","items_purchased":["Molten Egg 2","Flex","Clash"],"gold_per_floor":[115,290,290,302,318,243,243,259,285,30,30,60,10,29,29,133,133,147,147,47,47,64,64,79,111,111,111,111,125,125,138,138],"floor_reached":33,"campfire_rested":3,"playtime":655,"current_hp_per_floor":[70,70,70,59,59,59,59,46,46,46,70,45,45,45,69,21,80,80,80,80,80,72,72,68,30,30,30,30,32,59,58,83],"items_purged":["Defend_R"],"gold":138,"score":305,"play_id":"8a5b3598-cf3a-4a57-8633-2637b25db5b9","is_prod":false,"is_daily":false,"is_ascension_mode":true,"campfire_upgraded":3,"path_taken":["M","?","?","M","?","$","R","M","T","?","R","E","?","M","R","BOSS","M","?","$","?","M","R","M","E","T","R","?","?","?","M","R","BOSS"],"build_version":"2018-02-22-PROD2","purchased_purges":1,"victory":false,"master_deck":["Strike_R+1","Strike_R+1","Strike_R+1","Strike_R+1","Strike_R+1","Bash","Limit Break+1","Heavy Blade+1","Clash","Inflame+1","Spot Weakness","Limit Break","Flex","Clash+1","Battle Trance+1","Seeing Red"],"max_hp_per_floor":[80,80,80,80,80,80,80,80,80,80,80,80,80,80,80,80,80,80,80,80,80,80,80,80,82,82,82,82,82,82,84,84],"relics":["Black Blood","Whetstone","Molten Egg 2","Bottled Lightning","Singing Bowl","Bird Faced Urn"],"card_choices":[{"not_picked":["Shrug It Off","Clash"],"picked":"Heavy Blade"},{"not_picked":["Pommel Strike","Reaper"],"picked":"Clash"},{"not_picked":["Perfected Strike","Anger"],"picked":"Inflame"},{"not_picked":["Uppercut","Wild Strike"],"picked":"Spot Weakness"},{"not_picked":["Reaper","Impervious"],"picked":"Limit Break"},{"not_picked":["Cleave","Shrug It Off"],"picked":"Battle Trance"},{"not_picked":["Pummel","Thunderclap"],"picked":"Seeing Red"}],"player_experience":104835,"potions_floor_usage":[24,29,31,31,33],"damage_taken":[{"damage":16,"enemies":"2 Louse","floor":1,"turns":3},{"damage":17,"enemies":"Small Slimes","floor":4,"turns":3},{"damage":6,"enemies":"Cultist","floor":5,"turns":3},{"damage":19,"enemies":"3 Louse","floor":8,"turns":2},{"damage":31,"enemies":"Lagavulin","floor":12,"turns":5},{"damage":6,"enemies":"Exordium Wildlife","floor":14,"turns":2},{"damage":54,"enemies":"Hexaghost","floor":16,"turns":6},{"damage":10,"enemies":"Spheric Guardian","floor":18,"turns":3},{"damage":18,"enemies":"Chosen","floor":22,"turns":3},{"damage":14,"enemies":"Centurion and Healer","floor":24,"turns":3},{"damage":50,"enemies":"Slavers","floor":25,"turns":5},{"damage":10,"enemies":"Chosen and Byrds","floor":29,"turns":3},{"damage":15,"enemies":"Cultist and Chosen","floor":31,"turns":4},{"damage":101,"enemies":"Automaton","floor":33,"turns":6}],"event_choices":[{"event_name":"Liars Game","player_choice":"agreed","floor":2,"damage_taken":0},{"event_name":"Living Wall","player_choice":"Forget","floor":3,"damage_taken":0},{"event_name":"The Cleric","player_choice":"Card Removal","floor":13,"damage_taken":0},{"event_name":"Purifier","player_choice":"One Purge","floor":19,"damage_taken":0},{"event_name":"Back to Basics","player_choice":"Simplicity","floor":21,"damage_taken":0},{"event_name":"Vampires","player_choice":"Ignored","floor":28,"damage_taken":0},{"event_name":"The Library","player_choice":"Heal","floor":30,"damage_taken":0}],"boss_relics":[{"not_picked":["Black Star","Astrolabe"],"picked":"Black Blood"}],"potions_floor_spawned":[4,14,16,18,25,29,31],"seed_played":"5212234463170752091","killed_by":"Automaton","ascension_level":1,"is_trial":false}