{"path_per_floor":["M","?","M","$","?","R","M","M","T","M","M","E","$","M","R","B",null,"M","?","M","M","M","R","$","?","T","$","?","R","M","M","R"],"character_chosen":"IRONCLAD","items_purchased":["Armaments","Letter Opener"],"gold_per_floor":[109,109,121,46,46,46,56,69,96,110,120,150,98,110,110,210,210,228,228,245,263,282,282,43,43,114,14,14,14,24,42,42],"floor_reached":33,"campfire_rested":0,"playtime":819,"current_hp_per_floor":[80,80,80,80,73,73,73,77,77,80,80,61,61,67,67,46,80,69,69,71,66,68,68,68,68,68,68,68,68,70,72,72],"items_purged":["Strike_R","Strike_R"],"gold":42,"score":251,"play_id":"98dfe852-0929-4930-b93c-c8d2d354c7a9","is_prod":false,"is_daily":false,"is_ascension_mode":false,"campfire_upgraded":5,"path_taken":["M","?","M","$","?","R","M","M","T","M","M","E","$","M","R","BOSS","M","?","M","M","M","R","$","?","T","$","?","R","M","?","R","BOSS"],"build_version":"2018-02-22-PROD2","purchased_purges":2,"victory":false,"master_deck":["Strike_R","Strike_R","Defend_R","Defend_R","Defend_R","Defend_R","Impervious+1","Body Slam+1","Body Slam+1","Armaments+1","Offering+1","Armaments+1","Flame Barrier+1"],"max_hp_per_floor":[80,80,80,80,80,80,80,80,80,80,80,80,80,80,80,80,80,80,80,80,80,80,80,80,80,80,80,80,80,80,80,80],"relics":["Burning Blood","Regal Pillow","Vajra","Sozu","Letter Opener","Self Forming Clay"],"card_choices":[{"not_picked":["Havoc","Armaments"],"picked":"Body Slam"},{"not_picked":["Demon Form","Bludgeon"],"picked":"Offering"},{"not_picked":["Searing Blow","Ghostly Armor"],"picked":"Armaments"},{"not_picked":["Clothesline","Rage"],"picked":"Flame Barrier"}],"player_experience":134051,"potions_floor_usage":[8,10,16],"damage_taken":[{"damage":6,"enemies":"Cultist","floor":1,"turns":3},{"damage":5,"enemies":"Small Slimes","floor":3,"turns":3},{"damage":6,"enemies":"Jaw Worm","floor":7,"turns":2},{"damage":2,"enemies":"Exordium Thugs","floor":8,"turns":6},{"damage":0,"enemies":"2 Fungi Beasts","floor":10,"turns":2},{"damage":2,"enemies":"Blue Slaver","floor":11,"turns":3},{"damage":25,"enemies":"Gremlin Nob","floor":12,"turns":4},{"damage":0,"enemies":"Exordium Thugs","floor":14,"turns":5},{"damage":42,"enemies":"Slime Boss","floor":16,"turns":13},{"damage":17,"enemies":"Shell Parasite","floor":18,"turns":5},{"damage":4,"enemies":"3 Byrds","floor":20,"turns":4},{"damage":11,"enemies":"3 Cultists","floor":21,"turns":4},{"damage":4,"enemies":"Snake Plant","floor":22,"turns":3},{"damage":4,"enemies":"Sentry and Sphere","floor":30,"turns":2},{"damage":4,"enemies":"3 Cultists","floor":31,"turns":3},{"damage":79,"enemies":"Champ","floor":33,"turns":10}],"event_choices":[{"event_name":"Transmorgrifier","player_choice":"Transform","floor":2,"damage_taken":0},{"event_name":"Golden Wing","player_choice":"Card Removal","floor":5,"damage_taken":0},{"event_name":"Accursed Blacksmith","player_choice":"Forge","floor":19,"damage_taken":0},{"event_name":"Beggar","player_choice":"Ignored","floor":25,"damage_taken":0},{"event_name":"Cursed Tome","player_choice":"Ignored","floor":28,"damage_taken":0}],"boss_relics":[{"not_picked":["Cursed Key","Black Star"],"picked":"Sozu"}],"potions_floor_spawned":[3,8,12,18,20,30],"seed_played":"1474282743877874863","killed_by":"Champ","ascension_level":0,"is_trial":false}