{"path_per_floor":["M","M","$","M","?","R","M","M","T","?","M","R","$","E","R","B",null,"M","M","T","$","?","R","?","M","T","$","M","?","M","M","R","B",null,"M","$","?","M","M","E","R","M","T","?","M","E","M","?","R"],"character_chosen":"IRONCLAD","items_purchased":[],"gold_per_floor":[113,133,58,73,73,73,93,111,135,135,151,151,51,85,85,206,206,219,235,281,156,156,156,156,181,181,31,47,47,66,86,86,211,211,235,60,60,74,89,127,127,148,148,148,173,217,230,563,563],"floor_reached":50,"campfire_rested":2,"playtime":1302,"current_hp_per_floor":[80,80,80,74,74,74,75,66,66,46,46,46,46,41,65,19,80,75,70,70,70,70,70,70,65,65,65,67,67,69,71,71,44,80,55,55,90,90,79,87,87,94,94,94,96,98,88,88,102],"items_purged":["Injury","Defend_R","Defend_R","Strike_R","Bash"],"gold":563,"score":603,"play_id":"2f0a333e-8357-44d9-ab06-7a1f986bfbd1","is_prod":false,"is_daily":false,"is_ascension_mode":true,"campfire_upgraded":5,"path_taken":["M","M","$","M","?","R","?","M","T","?","M","R","$","E","R","BOSS","M","M","?","$","?","R","?","M","T","$","M","?","?","M","R","BOSS","M","$","?","M","M","E","R","M","T","?","M","E","?","?","R","BOSS"],"build_version":"2018-02-22-PROD2","purchased_purges":6,"victory":false,"master_deck":["Strike_R","Strike_R","Strike_R","Strike_R","Offering+1","Dropkick+1","Armaments+1","Flex","Dual Wield+1","Thunderclap+1"],"max_hp_per_floor":[80,80,80,80,80,80,80,80,80,80,80,80,80,80,80,80,80,80,80,80,80,80,80,80,80,80,80,80,80,80,80,80,80,80,80,80,90,90,90,92,92,94,94,94,96,98,100,100,102],"relics":["Black Blood","Dream Catcher","Paper Frog","Sozu","Pen Nib","Anchor","Singing Bowl","Oddly Smooth Stone","Meat on the Bone"],"card_choices":[{"not_picked":["Demon Form","Immolate"],"picked":"Offering"},{"not_picked":["Spot Weakness","Perfected Strike"],"picked":"Dropkick"},{"not_picked":["Metallicize","Perfected Strike"],"picked":"Flex"},{"not_picked":["Barricade","Reaper"],"picked":"Double Tap"},{"not_picked":["Shrug It Off","Twin Strike"],"picked":"Dual Wield"}],"player_experience":113238,"potions_floor_usage":[7,16,18,33,39],"damage_taken":[{"damage":6,"enemies":"2 Louse","floor":1,"turns":2},{"damage":5,"enemies":"Cultist","floor":2,"turns":3},{"damage":12,"enemies":"Small Slimes","floor":4,"turns":3},{"damage":5,"enemies":"Gremlin Gang","floor":7,"turns":3},{"damage":15,"enemies":"Looter","floor":8,"turns":3},{"damage":6,"enemies":"Large Slime","floor":11,"turns":4},{"damage":11,"enemies":"Gremlin Nob","floor":14,"turns":3},{"damage":52,"enemies":"The Guardian","floor":16,"turns":7},{"damage":11,"enemies":"Shell Parasite","floor":18,"turns":2},{"damage":11,"enemies":"Chosen","floor":19,"turns":2},{"damage":11,"enemies":"Centurion and Healer","floor":25,"turns":3},{"damage":4,"enemies":"Snecko","floor":28,"turns":2},{"damage":4,"enemies":"Snake Plant","floor":30,"turns":1},{"damage":4,"enemies":"Cultist and Chosen","floor":31,"turns":2},{"damage":33,"enemies":"Automaton","floor":33,"turns":5},{"damage":35,"enemies":"3 Shapes","floor":35,"turns":2},{"damage":4,"enemies":"Orb Walker","floor":38,"turns":2},{"damage":21,"enemies":"Sphere and 2 Shapes","floor":39,"turns":4},{"damage":4,"enemies":"Nemesis","floor":40,"turns":1},{"damage":4,"enemies":"3 Darklings","floor":42,"turns":1},{"damage":4,"enemies":"Maw","floor":45,"turns":2},{"damage":4,"enemies":"Giant Head","floor":46,"turns":2},{"damage":22,"enemies":"4 Shapes","floor":47,"turns":1},{"damage":111,"enemies":"Donu and Deca","floor":50,"turns":6}],"event_choices":[{"event_name":"Transmorgrifier","player_choice":"Transform","floor":5,"damage_taken":0},{"event_name":"Golden Idol","player_choice":"Take Damage","floor":10,"damage_taken":0},{"event_name":"Drug Dealer","player_choice":"Ignored","floor":22,"damage_taken":0},{"event_name":"Back to Basics","player_choice":"Elegance","floor":24,"damage_taken":0},{"event_name":"The Library","player_choice":"Read","floor":29,"damage_taken":0},{"event_name":"Bonfire Elementals","player_choice":"RARE","floor":37,"damage_taken":0},{"event_name":"Mysterious Sphere","player_choice":"Ignore","floor":44,"damage_taken":0},{"event_name":"The Moai Head","player_choice":"Gave Idol","floor":48,"damage_taken":0}],"boss_relics":[{"not_picked":["Runic Pyramid","Lizard Tail"],"picked":"Sozu"},{"not_picked":["Philosopher\u0027s Stone","Tiny House"],"picked":"Black Blood"}],"potions_floor_spawned":[2,8,11,14,16,19,28,31,39,45,46,47],"seed_played":"7535600880779174218","killed_by":"Donu and Deca","ascension_level":3,"is_trial":false}