{"path_per_floor":["M","?","M","?","M","R","M","E","T","E","M","$","E","M","R","B",null,"M","$","?","?","M","R","M","$","T","M","M"],"character_chosen":"IRONCLAD","items_purchased":["Vajra"],"gold_per_floor":[11,11,30,30,43,43,58,93,117,144,160,16,51,68,68,173,203,220,145,145,145,156,156,167,67,67,87,102],"floor_reached":29,"campfire_rested":1,"playtime":635,"current_hp_per_floor":[80,73,67,67,73,73,78,44,44,33,39,39,12,17,46,15,107,102,102,102,86,69,69,50,50,50,58,37],"items_purged":["Defend_R","Defend_R"],"gold":102,"score":334,"play_id":"a78526fd-106c-4c47-afc3-73386b1c8278","is_prod":false,"is_daily":false,"is_ascension_mode":true,"campfire_upgraded":2,"path_taken":["M","?","M","?","M","R","M","E","T","E","M","?","E","M","R","BOSS","M","$","?","?","?","R","M","$","T","?","M","M"],"build_version":"2018-02-22-PROD2","purchased_purges":2,"victory":false,"master_deck":["Strike_R+1","Strike_R","Strike_R","Strike_R+1","Strike_R+1","Defend_R","Bash","Inflame+1","Clash","Spot Weakness","Thunderclap","Sword Boomerang","Flex","Cleave","Limit Break+1"],"max_hp_per_floor":[94,94,94,94,94,94,94,94,94,94,94,94,96,98,98,100,107,107,107,107,107,107,107,109,109,109,111,113],"relics":["Burning Blood","Mango","Omamori","Whetstone","Singing Bowl","Vajra","Shovel","Tiny House","Enchiridion","Matryoshka"],"card_choices":[{"not_picked":["Blood for Blood","Pommel Strike"],"picked":"Inflame"},{"not_picked":["Infernal Blade","Clothesline"],"picked":"Clash"},{"not_picked":["Clothesline","Warcry"],"picked":"Spot Weakness"},{"not_picked":["Anger","Battle Trance"],"picked":"Thunderclap"},{"not_picked":["Feed","Anger"],"picked":"Sword Boomerang"},{"not_picked":["Entrench","Flame Barrier"],"picked":"Flex"},{"not_picked":["Perfected Strike","Shrug It Off"],"picked":"Cleave"},{"not_picked":["Ghostly Armor","Clothesline"],"picked":"Limit Break"}],"player_experience":126976,"potions_floor_usage":[7,8,14,16,24,28,29],"damage_taken":[{"damage":20,"enemies":"Small Slimes","floor":1,"turns":3},{"damage":12,"enemies":"Jaw Worm","floor":3,"turns":2},{"damage":0,"enemies":"Cultist","floor":5,"turns":2},{"damage":1,"enemies":"3 Louse","floor":7,"turns":2},{"damage":40,"enemies":"Lagavulin","floor":8,"turns":4},{"damage":17,"enemies":"3 Sentries","floor":10,"turns":5},{"damage":0,"enemies":"Large Slime","floor":11,"turns":3},{"damage":35,"enemies":"Lagavulin","floor":13,"turns":5},{"damage":3,"enemies":"Blue Slaver","floor":14,"turns":2},{"damage":39,"enemies":"Hexaghost","floor":16,"turns":5},{"damage":11,"enemies":"Spheric Guardian","floor":18,"turns":3},{"damage":23,"enemies":"Chosen","floor":22,"turns":3},{"damage":27,"enemies":"Slaver and Parasite","floor":24,"turns":3},{"damage":0,"enemies":"Snecko","floor":27,"turns":2},{"damage":29,"enemies":"Centurion and Healer","floor":28,"turns":4},{"damage":42,"enemies":"Cultist and Chosen","floor":29,"turns":4}],"event_choices":[{"event_name":"Golden Wing","player_choice":"Card Removal","floor":2,"damage_taken":0},{"event_name":"The Cleric","player_choice":"Leave","floor":4,"damage_taken":0},{"event_name":"Match and Keep!","player_choice":"0 cards matched","floor":20,"damage_taken":0},{"event_name":"Cursed Tome","player_choice":"Obtained Book","floor":21,"damage_taken":0}],"boss_relics":[{"not_picked":["White Beast Statue","Eternal Feather"],"picked":"Tiny House"}],"potions_floor_spawned":[1,5,13,14,18,24],"seed_played":"2402593380531876856","killed_by":"Cultist and Chosen","ascension_level":3,"is_trial":false}