{"path_per_floor":["M","M","M","$","M","R","E","$","T","R","?","$","E","?","R","B",null,"M","M","M","$","M","E","$","R","T","?","M","E","R","M","R","B",null,"M","$","?","$","M","R"],"character_chosen":"IRONCLAD","items_purchased":["Bag of Marbles","Clash"],"gold_per_floor":[363,383,401,326,339,339,366,266,289,289,289,16,49,149,149,253,283,303,317,331,181,196,224,26,26,77,77,89,118,118,132,132,235,235,252,52,52,52,68,68],"floor_reached":41,"campfire_rested":4,"playtime":936,"current_hp_per_floor":[63,66,61,61,68,68,38,38,38,38,38,38,26,26,47,23,77,73,77,62,62,62,46,46,46,46,46,52,32,58,64,87,61,87,70,70,59,59,14,40],"items_purged":["Defend_R","Defend_R","Defend_R","Strike_R","Bash","Strike_R"],"gold":68,"score":408,"play_id":"7d985b0c-cdef-4204-af92-35f4f4c671d0","is_prod":false,"is_daily":false,"is_ascension_mode":true,"campfire_upgraded":3,"path_taken":["M","M","?","$","M","R","E","$","T","R","?","?","E","?","R","BOSS","M","M","M","$","M","E","$","R","T","?","M","E","R","M","R","BOSS","M","$","?","?","M","R","E"],"build_version":"2018-02-22-PROD2","purchased_purges":6,"victory":false,"master_deck":["Strike_R+1","Strike_R+1","Strike_R+1","Clash+1","Flex+1","Seeing Red+1","Thunderclap+1","Clash","Dropkick","Double Tap","Madness","Madness"],"max_hp_per_floor":[72,72,72,72,72,72,72,72,72,72,72,72,72,72,72,72,77,77,77,77,77,77,77,77,77,77,77,77,87,87,87,87,87,87,87,87,87,87,87,87],"relics":["Burning Blood","Self Forming Clay","Whetstone","Bag of Marbles","Bronze Scales","Tiny House","Lantern","Dream Catcher","Pear","Philosopher\u0027s Stone"],"card_choices":[{"not_picked":["Intimidate","Warcry"],"picked":"Clash"},{"not_picked":["Thunderclap","Pummel"],"picked":"Flex"},{"not_picked":["Anger","Hemokinesis"],"picked":"Seeing Red"},{"not_picked":["Headbutt","Burning Pact"],"picked":"Thunderclap"},{"not_picked":["Sword Boomerang","Twin Strike"],"picked":"Dropkick"},{"not_picked":["Immolate","Impervious"],"picked":"Double Tap"}],"player_experience":92758,"potions_floor_usage":[5,18,19,22,23,29,33,33],"damage_taken":[{"damage":15,"enemies":"Cultist","floor":1,"turns":4},{"damage":3,"enemies":"Small Slimes","floor":2,"turns":4},{"damage":11,"enemies":"Jaw Worm","floor":3,"turns":2},{"damage":11,"enemies":"Exordium Thugs","floor":5,"turns":5},{"damage":36,"enemies":"3 Sentries","floor":7,"turns":11},{"damage":18,"enemies":"Lagavulin","floor":13,"turns":3},{"damage":30,"enemies":"Hexaghost","floor":16,"turns":5},{"damage":10,"enemies":"2 Thieves","floor":18,"turns":2},{"damage":0,"enemies":"Chosen","floor":19,"turns":2},{"damage":21,"enemies":"Snake Plant","floor":20,"turns":2},{"damage":6,"enemies":"Cultist and Chosen","floor":22,"turns":3},{"damage":22,"enemies":"Slavers","floor":23,"turns":3},{"damage":0,"enemies":"Centurion and Healer","floor":28,"turns":2},{"damage":36,"enemies":"Book of Stabbing","floor":29,"turns":4},{"damage":0,"enemies":"3 Cultists","floor":31,"turns":2},{"damage":32,"enemies":"Collector","floor":33,"turns":3},{"damage":23,"enemies":"3 Shapes","floor":35,"turns":2},{"damage":51,"enemies":"3 Darklings","floor":39,"turns":3},{"damage":40,"enemies":"2 Orb Walkers","floor":41,"turns":2}],"event_choices":[{"event_name":"Purifier","player_choice":"One Purge","floor":11,"damage_taken":0},{"event_name":"Golden Shrine","player_choice":"Pray","floor":14,"damage_taken":0},{"event_name":"Cursed Tome","player_choice":"Ignored","floor":27,"damage_taken":0},{"event_name":"Winding Halls","player_choice":"Embrace Madness","floor":37,"damage_taken":0}],"boss_relics":[{"not_picked":["Question Card","Snecko Eye"],"picked":"Tiny House"},{"not_picked":["Black Blood","Calling Bell"],"picked":"Philosopher\u0027s Stone"}],"potions_floor_spawned":[1,3,16,19,22,29,31,35,39],"seed_played":"-4011416343134792257","killed_by":"2 Orb Walkers","ascension_level":1,"is_trial":false}