{"path_per_floor":["M","?","?","M","M","E","$","$","T","?","M","?","R","?","R","B",null,"M","M","M","?","$"],"character_chosen":"IRONCLAD","items_purchased":["Armaments","Shrug It Off","Purity"],"gold_per_floor":[115,115,115,130,148,182,128,79,79,29,44,44,44,144,144,274,274,274,274,274,274,111],"floor_reached":23,"campfire_rested":0,"playtime":690,"current_hp_per_floor":[80,60,60,59,63,46,46,46,56,56,51,73,73,73,73,42,90,86,70,24,24,24],"items_purged":["Parasite"],"gold":111,"score":217,"play_id":"94312bb3-83a2-4505-82e9-0056b5d93366","is_prod":false,"is_daily":false,"is_ascension_mode":true,"campfire_upgraded":2,"path_taken":["M","?","?","?","M","E","?","$","T","?","M","?","R","?","R","BOSS","M","M","?","?","?","E"],"build_version":"2018-02-22-PROD2","purchased_purges":1,"victory":false,"master_deck":["Strike_R","Strike_R","Strike_R","Strike_R","Defend_R+1","Defend_R","Defend_R","Defend_R","Bash","Iron Wave","Armaments+1","Shrug It Off","Body Slam+1","Clothesline+1","Purity"],"max_hp_per_floor":[80,80,80,80,80,80,80,80,90,90,90,90,90,90,90,90,90,90,90,90,90,87],"relics":["Burning Blood","Golden Idol","Oddly Smooth Stone","Pear","Ectoplasm"],"card_choices":[{"not_picked":["Pummel","Perfected Strike"],"picked":"Body Slam"},{"not_picked":["Ghostly Armor","Sword Boomerang"],"picked":"Clothesline"}],"player_experience":118344,"potions_floor_usage":[6,16,20],"damage_taken":[{"damage":0,"enemies":"2 Louse","floor":1,"turns":2},{"damage":7,"enemies":"Jaw Worm","floor":4,"turns":3},{"damage":2,"enemies":"Small Slimes","floor":5,"turns":3},{"damage":23,"enemies":"3 Sentries","floor":6,"turns":8},{"damage":11,"enemies":"2 Fungi Beasts","floor":11,"turns":4},{"damage":52,"enemies":"Hexaghost","floor":16,"turns":15},{"damage":10,"enemies":"Chosen","floor":18,"turns":6},{"damage":22,"enemies":"3 Byrds","floor":19,"turns":8},{"damage":52,"enemies":"Cultist and Chosen","floor":20,"turns":8},{"damage":24,"enemies":"Book of Stabbing","floor":23,"turns":6}],"event_choices":[{"event_name":"Golden Idol","player_choice":"Take Damage","floor":2,"damage_taken":0},{"event_name":"Match and Keep!","player_choice":"1 cards matched","floor":3,"damage_taken":0},{"event_name":"The Cleric","player_choice":"Card Removal","floor":10,"damage_taken":0},{"event_name":"Mushrooms","player_choice":"Healed and dodged fight","floor":12,"damage_taken":0},{"event_name":"Golden Shrine","player_choice":"Pray","floor":14,"damage_taken":0},{"event_name":"The Mausoleum","player_choice":"No","floor":21,"damage_taken":0}],"boss_relics":[{"not_picked":["Calling Bell","Tiny House"],"picked":"Ectoplasm"}],"potions_floor_spawned":[4,6,19],"seed_played":"-5628590643410727179","killed_by":"Book of Stabbing","ascension_level":3,"is_trial":false}