{"path_per_floor":["M","?","?","?","M","E","R","E","T","R","M","E","M","M","R","B",null,"M","M","$","T","$","R"],"character_chosen":"IRONCLAD","items_purchased":["Bottled Lightning","Armaments"],"gold_per_floor":[113,113,113,113,129,155,155,184,184,184,203,258,271,285,285,387,387,403,419,52,105,5,5],"floor_reached":24,"campfire_rested":3,"playtime":699,"current_hp_per_floor":[72,72,72,72,72,46,67,46,46,67,72,52,56,33,54,12,72,63,52,52,52,52,52],"items_purged":["Strike_R","Strike_R"],"gold":5,"score":246,"play_id":"393733dc-1454-484e-bc31-0c079f713e4c","is_prod":false,"is_daily":false,"is_ascension_mode":true,"campfire_upgraded":1,"path_taken":["M","?","?","?","M","E","R","E","T","R","M","E","M","M","R","BOSS","M","M","$","?","?","R","E"],"build_version":"2018-02-22-PROD2","purchased_purges":2,"victory":false,"master_deck":["Strike_R+1","Strike_R+1","Strike_R+1","Defend_R","Defend_R","Defend_R","Defend_R","Bash","Berserk","Flame Barrier","Metallicize","Metallicize","Offering+1","Armaments"],"max_hp_per_floor":[72,72,72,72,72,72,72,72,72,72,72,72,72,72,72,72,72,72,72,72,72,72,72],"relics":["Burning Blood","Bag of Preparation","Whetstone","Vajra","Tiny Chest","Velvet Choker","Bottled Lightning","Blood Vial"],"card_choices":[{"not_picked":["Fiend Fire","Demon Form"],"picked":"Berserk"},{"not_picked":["Carnage","Bloodletting"],"picked":"Flame Barrier"},{"not_picked":["Perfected Strike","Shrug It Off"],"picked":"Metallicize"},{"not_picked":["Uppercut","Shrug It Off"],"picked":"Metallicize"},{"not_picked":["Feed","Fiend Fire"],"picked":"Offering"}],"player_experience":120112,"potions_floor_usage":[8,8,16],"damage_taken":[{"damage":2,"enemies":"Jaw Worm","floor":1,"turns":3},{"damage":1,"enemies":"Cultist","floor":5,"turns":3},{"damage":32,"enemies":"Gremlin Nob","floor":6,"turns":4},{"damage":27,"enemies":"3 Sentries","floor":8,"turns":5},{"damage":0,"enemies":"2 Louse","floor":11,"turns":3},{"damage":26,"enemies":"Gremlin Nob","floor":12,"turns":5},{"damage":2,"enemies":"Red Slaver","floor":13,"turns":4},{"damage":29,"enemies":"Exordium Thugs","floor":14,"turns":6},{"damage":48,"enemies":"Hexaghost","floor":16,"turns":13},{"damage":15,"enemies":"Spheric Guardian","floor":18,"turns":6},{"damage":17,"enemies":"Shell Parasite","floor":19,"turns":5},{"damage":59,"enemies":"Slavers","floor":24,"turns":6}],"event_choices":[{"event_name":"The Lab","player_choice":"Got Potions","floor":2,"damage_taken":0},{"event_name":"Upgrade Shrine","player_choice":"Upgraded","floor":3,"damage_taken":0},{"event_name":"Liars Game","player_choice":"disagreed","floor":4,"damage_taken":0}],"boss_relics":[{"not_picked":["White Beast Statue","Lizard Tail"],"picked":"Velvet Choker"}],"potions_floor_spawned":[1,5,6],"seed_played":"-4290917645013919526","killed_by":"Slavers","ascension_level":3,"is_trial":false}