{"path_per_floor":["M","?","M","$","M","E","R","E","T","?","R","M","E","$","R","B",null,"M","?","?","M","$","R","M","?","T","R","?","M","R","$","R","B",null,"M","?","?","M","M","R","M","$","T","M","E","R","$","?","R"],"character_chosen":"IRONCLAD","items_purchased":["Dropkick"],"gold_per_floor":[113,113,127,52,64,91,91,125,171,171,171,186,212,112,112,210,210,225,225,225,245,120,120,134,134,157,157,257,275,275,125,125,226,226,238,238,238,248,264,264,277,33,56,69,99,99,99,99,99],"floor_reached":50,"campfire_rested":3,"playtime":1277,"current_hp_per_floor":[80,85,85,85,85,50,50,45,45,45,45,53,40,40,66,7,89,89,89,89,78,78,78,82,82,82,82,82,84,84,84,84,46,95,97,97,97,69,66,66,43,43,43,41,47,78,78,78,105],"items_purged":["Defend_R","Defend_R","Defend_R","Bash","Battle Trance"],"gold":99,"score":535,"play_id":"1cf4b2cd-c03d-4e77-bf05-19ae28e241da","is_prod":false,"is_daily":false,"is_ascension_mode":true,"campfire_upgraded":7,"path_taken":["M","?","M","$","?","E","R","E","T","?","R","M","E","$","R","BOSS","M","?","?","M","$","R","M","?","T","R","?","M","R","$","R","BOSS","M","?","?","M","M","R","M","$","T","?","E","R","$","?","R","BOSS"],"build_version":"2018-02-22-PROD2","purchased_purges":5,"victory":false,"master_deck":["Strike_R+1","Strike_R+1","Strike_R+1","Strike_R+1","Clash+1","Thunderclap+1","Offering+1","Dropkick+1","Clash+1","Clash+1","Clash+1","Dropkick"],"max_hp_per_floor":[80,85,85,85,85,85,85,85,85,85,85,87,89,89,89,89,89,89,89,89,91,91,91,93,93,93,93,93,93,93,93,93,95,95,97,97,97,99,101,101,101,101,101,103,105,105,105,105,105],"relics":["Burning Blood","NeowsBlessing","Lantern","Frozen Eye","Singing Bowl","Centennial Puzzle","Philosopher\u0027s Stone","War Paint","Sozu","Blood Vial","Ancient Tea Set"],"card_choices":[{"not_picked":["Intimidate","Power Through"],"picked":"Clash"},{"not_picked":["Perfected Strike","Carnage"],"picked":"Thunderclap"},{"not_picked":["Exhume","Fiend Fire"],"picked":"Offering"},{"not_picked":["Searing Blow","True Grit"],"picked":"Dropkick"},{"not_picked":["Disarm","Anger"],"picked":"Clash"},{"not_picked":["Cleave","Feed"],"picked":"Clash"}],"player_experience":94527,"potions_floor_usage":[16,16,29,33,33,50],"damage_taken":[{"damage":0,"enemies":"Jaw Worm","floor":1,"turns":1},{"damage":0,"enemies":"Small Slimes","floor":3,"turns":1},{"damage":0,"enemies":"Cultist","floor":5,"turns":1},{"damage":41,"enemies":"3 Sentries","floor":6,"turns":9},{"damage":11,"enemies":"Gremlin Nob","floor":8,"turns":3},{"damage":0,"enemies":"Large Slime","floor":12,"turns":2},{"damage":21,"enemies":"Lagavulin","floor":13,"turns":5},{"damage":65,"enemies":"The Guardian","floor":16,"turns":6},{"damage":4,"enemies":"Chosen","floor":18,"turns":2},{"damage":19,"enemies":"3 Byrds","floor":21,"turns":2},{"damage":4,"enemies":"Snecko","floor":24,"turns":2},{"damage":4,"enemies":"Cultist and Chosen","floor":29,"turns":1},{"damage":46,"enemies":"Automaton","floor":33,"turns":5},{"damage":4,"enemies":"Orb Walker","floor":35,"turns":1},{"damage":36,"enemies":"3 Shapes","floor":38,"turns":1},{"damage":11,"enemies":"Maw","floor":39,"turns":4},{"damage":29,"enemies":"4 Shapes","floor":41,"turns":1},{"damage":12,"enemies":"Sphere and 2 Shapes","floor":44,"turns":1},{"damage":4,"enemies":"2 Orb Walkers","floor":45,"turns":1},{"damage":122,"enemies":"Awakened One","floor":50,"turns":5}],"event_choices":[{"event_name":"Big Fish","player_choice":"Donut","floor":2,"damage_taken":0},{"event_name":"Living Wall","player_choice":"Forget","floor":10,"damage_taken":0},{"event_name":"Back to Basics","player_choice":"Simplicity","floor":19,"damage_taken":0},{"event_name":"Cursed Tome","player_choice":"Ignored","floor":20,"damage_taken":0},{"event_name":"The Library","player_choice":"Read","floor":25,"damage_taken":0},{"event_name":"Golden Shrine","player_choice":"Pray","floor":28,"damage_taken":0},{"event_name":"The Lab","player_choice":"Got Potions","floor":36,"damage_taken":0},{"event_name":"Transmorgrifier","player_choice":"Transform","floor":37,"damage_taken":0},{"event_name":"The Woman in Blue","player_choice":"Bought 0 Potions","floor":48,"damage_taken":0}],"boss_relics":[{"not_picked":["Cursed Key","Lizard Tail"],"picked":"Philosopher\u0027s Stone"},{"not_picked":["Black Blood","Black Star"],"picked":"Sozu"}],"potions_floor_spawned":[3,8,13,16,18,24,29,39,45],"seed_played":"6634090036956313021","killed_by":"Awakened One","ascension_level":1,"is_trial":false}