{"path_per_floor":["M","?","M","?","M","R","M","M","T","$","M","R","M","M","R","B",null,"M","M","?","$","?","R","M","M","T"],"character_chosen":"IRONCLAD","items_purchased":[],"gold_per_floor":[112,212,226,226,239,239,250,262,309,234,249,249,262,282,282,385,385,399,417,417,317,317,317,330,350,426],"floor_reached":27,"campfire_rested":0,"playtime":441,"current_hp_per_floor":[45,45,45,45,45,45,31,24,24,24,30,30,36,42,42,39,80,69,69,69,69,69,69,58,50,50],"items_purged":["Defend_R","Defend_R"],"gold":426,"score":219,"play_id":"d9dc8c71-d338-4306-b7b8-4b6edfbe7cdb","is_prod":false,"is_daily":false,"is_ascension_mode":true,"campfire_upgraded":4,"path_taken":["M","?","M","?","M","R","M","M","T","$","M","R","M","M","R","BOSS","M","M","?","$","?","R","M","M","T","E"],"build_version":"2018-02-22-PROD2","purchased_purges":2,"victory":false,"master_deck":["Strike_R","Strike_R","Strike_R","Strike_R","Strike_R","Bash","Heavy Blade+1","Flex+1","Flex+1","Whirlwind+1","Whirlwind+1","Flex+1"],"max_hp_per_floor":[80,80,80,80,80,80,80,80,80,80,80,80,80,80,80,80,80,80,80,80,80,80,80,80,80,80],"relics":["Black Blood","Lantern","Tiny Chest"],"card_choices":[{"not_picked":["Havoc","Infernal Blade"],"picked":"Heavy Blade"},{"not_picked":["Bloodletting","Intimidate"],"picked":"Flex"},{"not_picked":["Cleave","Pommel Strike"],"picked":"Flex"},{"not_picked":["Blood for Blood","Thunderclap"],"picked":"Whirlwind"},{"not_picked":["Twin Strike","Headbutt"],"picked":"Whirlwind"}],"player_experience":100941,"potions_floor_usage":[11,16,16],"damage_taken":[{"damage":1,"enemies":"Jaw Worm","floor":1,"turns":3},{"damage":6,"enemies":"Cultist","floor":3,"turns":3},{"damage":6,"enemies":"2 Louse","floor":5,"turns":2},{"damage":20,"enemies":"Large Slime","floor":7,"turns":4},{"damage":13,"enemies":"Red Slaver","floor":8,"turns":2},{"damage":0,"enemies":"2 Fungi Beasts","floor":11,"turns":1},{"damage":0,"enemies":"3 Louse","floor":13,"turns":1},{"damage":0,"enemies":"Lots of Slimes","floor":14,"turns":1},{"damage":9,"enemies":"Slime Boss","floor":16,"turns":4},{"damage":21,"enemies":"Chosen","floor":18,"turns":4},{"damage":10,"enemies":"Spheric Guardian","floor":19,"turns":3},{"damage":21,"enemies":"Snake Plant","floor":24,"turns":3},{"damage":18,"enemies":"Cultist and Chosen","floor":25,"turns":3},{"damage":51,"enemies":"Book of Stabbing","floor":27,"turns":3}],"event_choices":[{"event_name":"Golden Shrine","player_choice":"Pray","floor":2,"damage_taken":0},{"event_name":"Upgrade Shrine","player_choice":"Upgraded","floor":4,"damage_taken":0},{"event_name":"The Mausoleum","player_choice":"No","floor":20,"damage_taken":0},{"event_name":"Duplicator","player_choice":"One dupe","floor":22,"damage_taken":0}],"boss_relics":[{"not_picked":["Astrolabe","Calling Bell"],"picked":"Black Blood"}],"potions_floor_spawned":[3,5,7,11,24],"seed_played":"7442918242272298635","killed_by":"Book of Stabbing","ascension_level":1,"is_trial":false}