{"path_per_floor":["M","M","?","$","?","E","?","$","T","M","?","?","M","E","R","B",null,"M","?","?","M","$","R","M","M","T","R","?","M","M","?","R","B",null,"M","?","M","?","M","R","M","$","T","M","$","R","?","$","R"],"character_chosen":"IRONCLAD","items_purchased":["Clash","Bag of Marbles"],"gold_per_floor":[217,228,228,104,54,80,80,80,80,97,97,97,110,144,144,242,242,227,227,152,152,7,7,7,7,7,7,7,7,7,7,7,7,7,7,0,0,0,0,0,0,0,0,0,0,0,0,0,0],"floor_reached":50,"campfire_rested":3,"playtime":1078,"current_hp_per_floor":[80,80,80,80,80,56,49,49,49,55,48,74,71,69,69,15,80,80,64,64,48,48,48,56,40,40,40,40,34,31,31,55,25,80,80,80,80,70,60,80,70,70,70,55,55,55,43,43,67],"items_purged":["Defend_R"],"gold":0,"score":485,"play_id":"a6d8a1cd-4811-4e0b-9713-616ed5454d97","is_prod":false,"is_daily":false,"is_ascension_mode":true,"campfire_upgraded":4,"path_taken":["M","M","?","$","?","E","?","$","T","?","?","?","M","E","R","BOSS","M","?","?","?","$","R","M","M","T","R","?","?","M","?","R","BOSS","M","?","M","?","M","R","M","$","T","M","$","R","?","?","R","BOSS"],"build_version":"2018-02-22-PROD2","purchased_purges":1,"victory":false,"master_deck":["Strike_R","Strike_R","Strike_R","Strike_R","Strike_R","Bash","Whirlwind+1","Thunderclap","Clash","Spot Weakness","Heavy Blade+1","Demon Form","Flex+1","Clash","Twin Strike+1","Flex+1","Clash+1","Madness","Madness","Flex+1","Offering+1"],"max_hp_per_floor":[80,80,80,80,80,80,80,80,80,80,80,80,80,80,80,80,80,80,80,80,80,80,80,80,80,80,80,80,80,80,80,80,80,80,80,80,80,80,80,80,80,80,80,80,80,80,80,80,80],"relics":["Burning Blood","Prayer Wheel","Lantern","Blood Vial","Happy Flower","Ectoplasm","Nilry\u0027s Codex","Bag of Marbles","Pen Nib","Cursed Key","Red Mask","Old Coin"],"card_choices":[{"not_picked":["Pummel","Clash"],"picked":"Whirlwind"},{"not_picked":["Dropkick","Warcry"],"picked":"Thunderclap"},{"not_picked":["Havoc","Seeing Red"],"picked":"Spot Weakness"},{"not_picked":["Spot Weakness","Pommel Strike"],"picked":"Heavy Blade"},{"not_picked":["Bludgeon","Dark Embrace"],"picked":"Demon Form"},{"not_picked":["Bloodletting","Pommel Strike"],"picked":"Flex"},{"not_picked":["Perfected Strike","Thunderclap"],"picked":"Clash"},{"not_picked":["Pommel Strike","Shrug It Off"],"picked":"Twin Strike"},{"not_picked":["Power Through","Shrug It Off"],"picked":"Flex"},{"not_picked":["Sword Boomerang","Headbutt"],"picked":"Clash"},{"not_picked":["Intimidate","Pommel Strike"],"picked":"Flex"},{"not_picked":["Second Wind","Pommel Strike"],"picked":"Offering"}],"player_experience":119034,"potions_floor_usage":[6,6,16,24,24,29,39,44,50],"damage_taken":[{"damage":2,"enemies":"Jaw Worm","floor":1,"turns":3},{"damage":3,"enemies":"Small Slimes","floor":2,"turns":3},{"damage":30,"enemies":"Lagavulin","floor":6,"turns":4},{"damage":0,"enemies":"Cultist","floor":10,"turns":2},{"damage":11,"enemies":"Looter","floor":13,"turns":2},{"damage":10,"enemies":"Gremlin Nob","floor":14,"turns":3},{"damage":62,"enemies":"Hexaghost","floor":16,"turns":7},{"damage":6,"enemies":"2 Thieves","floor":18,"turns":2},{"damage":24,"enemies":"Shell Parasite","floor":21,"turns":3},{"damage":0,"enemies":"Cultist and Chosen","floor":24,"turns":2},{"damage":24,"enemies":"Snake Plant","floor":25,"turns":2},{"damage":14,"enemies":"Centurion and Healer","floor":29,"turns":2},{"damage":11,"enemies":"Sentry and Sphere","floor":30,"turns":3},{"damage":38,"enemies":"Automaton","floor":33,"turns":5},{"damage":0,"enemies":"3 Darklings","floor":35,"turns":1},{"damage":0,"enemies":"Orb Walker","floor":37,"turns":1},{"damage":18,"enemies":"4 Shapes","floor":39,"turns":2},{"damage":16,"enemies":"Sphere and 2 Shapes","floor":41,"turns":2},{"damage":26,"enemies":"3 Darklings","floor":44,"turns":3},{"damage":20,"enemies":"Mysterious Sphere","floor":47,"turns":2},{"damage":82,"enemies":"Awakened One","floor":50,"turns":4}],"event_choices":[{"event_name":"Liars Game","player_choice":"disagreed","floor":3,"damage_taken":0},{"event_name":"The Cleric","player_choice":"Card Removal","floor":5,"damage_taken":0},{"event_name":"Golden Wing","player_choice":"Card Removal","floor":7,"damage_taken":0},{"event_name":"Scrap Ooze","player_choice":"success","floor":11,"damage_taken":7},{"event_name":"Big Fish","player_choice":"Banana","floor":12,"damage_taken":0},{"event_name":"Cursed Tome","player_choice":"Obtained Book","floor":19,"damage_taken":0},{"event_name":"Beggar","player_choice":"Gave Gold","floor":20,"damage_taken":0},{"event_name":"Addict","player_choice":"Ignored","floor":28,"damage_taken":0},{"event_name":"Accursed Blacksmith","player_choice":"Forge","floor":31,"damage_taken":0},{"event_name":"Tomb of Lord Red Mask","player_choice":"Paid","floor":36,"damage_taken":0},{"event_name":"Winding Halls","player_choice":"Embrace Madness","floor":38,"damage_taken":0},{"event_name":"Mysterious Sphere","player_choice":"Fight","floor":47,"damage_taken":0}],"boss_relics":[{"not_picked":["Runic Pyramid","Black Star"],"picked":"Ectoplasm"},{"not_picked":["White Beast Statue","Tiny House"],"picked":"Cursed Key"}],"potions_floor_spawned":[1,2,6,16,18,21,33,37,39],"seed_played":"1132205439309983785","killed_by":"Awakened One","ascension_level":3,"is_trial":false}