{"path_per_floor":["M","?","$","M","M","R","M","T","T","M","M","E","R","M","R","B",null,"M","M","$","?","M","?","R","M","T","M","M","M","$","?","R","B",null,"M","?","M","M"],"character_chosen":"IRONCLAD","items_purchased":["Inflame"],"gold_per_floor":[113,113,46,56,76,76,88,141,141,151,164,189,189,204,204,301,301,314,327,252,177,189,104,104,123,147,157,172,182,82,82,82,186,186,203,203,220,230],"floor_reached":39,"campfire_rested":1,"playtime":965,"current_hp_per_floor":[80,73,73,79,80,80,80,80,80,77,73,76,76,84,84,62,86,88,83,83,83,70,70,70,76,76,64,68,76,76,76,96,84,98,85,85,55,17],"items_purged":["Defend_R","Defend_R"],"gold":230,"score":425,"play_id":"61708e23-7199-4561-acd9-dbb67192f51b","is_prod":false,"is_daily":false,"is_ascension_mode":true,"campfire_upgraded":4,"path_taken":["M","?","?","M","M","R","?","?","T","M","M","E","R","M","R","BOSS","M","M","$","?","M","?","R","?","T","M","M","M","$","?","R","BOSS","M","?","M","M","M"],"build_version":"2018-02-22-PROD2","purchased_purges":2,"victory":false,"master_deck":["Strike_R+1","Strike_R+1","Strike_R+1","Strike_R+1","Strike_R+1","Bash","Clash+1","Inflame+1","Heavy Blade+1","Heavy Blade+1","Limit Break+1","Thunderclap+1","Headbutt+1","Flex"],"max_hp_per_floor":[80,80,80,80,80,80,80,80,80,80,80,82,82,84,84,86,86,88,90,90,90,90,90,90,92,92,94,96,96,96,96,96,98,98,100,100,102,104],"relics":["Burning Blood","Orichalcum","Singing Bowl","Bird Faced Urn","Whetstone","Sozu","Lantern","Juzu Bracelet","Eternal Feather"],"card_choices":[{"not_picked":["Headbutt","Heavy Blade"],"picked":"Clash"},{"not_picked":["Sword Boomerang","Burning Pact"],"picked":"Heavy Blade"},{"not_picked":["Metallicize","Sentinel"],"picked":"Heavy Blade"},{"not_picked":["Rampage","Twin Strike"],"picked":"Limit Break"},{"not_picked":["Wild Strike","Body Slam"],"picked":"Thunderclap"},{"not_picked":["Heavy Blade","Searing Blow"],"picked":"Headbutt"},{"not_picked":["Bludgeon","True Grit"],"picked":"Flex"}],"player_experience":107667,"potions_floor_usage":[14,16,16,16],"damage_taken":[{"damage":6,"enemies":"Jaw Worm","floor":1,"turns":2},{"damage":0,"enemies":"2 Louse","floor":4,"turns":2},{"damage":0,"enemies":"Cultist","floor":5,"turns":3},{"damage":5,"enemies":"Exordium Thugs","floor":7,"turns":3},{"damage":9,"enemies":"Gremlin Gang","floor":10,"turns":4},{"damage":12,"enemies":"Looter","floor":11,"turns":3},{"damage":7,"enemies":"3 Sentries","floor":12,"turns":5},{"damage":2,"enemies":"3 Louse","floor":14,"turns":2},{"damage":30,"enemies":"Hexaghost","floor":16,"turns":6},{"damage":6,"enemies":"Chosen","floor":18,"turns":3},{"damage":13,"enemies":"3 Byrds","floor":19,"turns":4},{"damage":21,"enemies":"3 Cultists","floor":22,"turns":4},{"damage":4,"enemies":"Snecko","floor":25,"turns":3},{"damage":22,"enemies":"Slaver and Parasite","floor":27,"turns":2},{"damage":6,"enemies":"Cultist and Chosen","floor":28,"turns":3},{"damage":0,"enemies":"Snecko","floor":29,"turns":2},{"damage":20,"enemies":"Collector","floor":33,"turns":5},{"damage":23,"enemies":"Orb Walker","floor":35,"turns":3},{"damage":40,"enemies":"3 Darklings","floor":37,"turns":5},{"damage":48,"enemies":"4 Shapes","floor":38,"turns":3},{"damage":26,"enemies":"Sphere and 2 Shapes","floor":39,"turns":4}],"event_choices":[{"event_name":"Golden Wing","player_choice":"Card Removal","floor":2,"damage_taken":0},{"event_name":"Beggar","player_choice":"Gave Gold","floor":21,"damage_taken":0},{"event_name":"Addict","player_choice":"Obtained Relic","floor":23,"damage_taken":0},{"event_name":"Back to Basics","player_choice":"Simplicity","floor":31,"damage_taken":0},{"event_name":"Mysterious Sphere","player_choice":"Ignore","floor":36,"damage_taken":0}],"boss_relics":[{"not_picked":["Velvet Choker","Question Card"],"picked":"Sozu"},{"not_picked":["Runic Pyramid","Snecko Eye"],"picked":"Eternal Feather"}],"potions_floor_spawned":[4,5,12,14,25,27,28,33,35,37],"seed_played":"-3160875329867618479","killed_by":"Sphere and 2 Shapes","ascension_level":2,"is_trial":false}