{"path_per_floor":["M","M","$","?","M","?","M","M","T","$","M","M","R","M","R","B",null,"M","$","M","?","R","?","M","T","R","M","T","$","M","R"],"character_chosen":"IRONCLAD","items_purchased":["True Grit","Flame Barrier","Offering"],"gold_per_floor":[111,130,7,7,22,97,114,126,181,143,154,171,171,181,181,276,276,250,150,35,35,35,35,54,129,129,144,144,5,22,22],"floor_reached":32,"campfire_rested":2,"playtime":2849,"current_hp_per_floor":[82,81,81,81,87,76,60,41,41,41,37,43,43,49,49,36,87,82,82,67,67,67,67,27,27,53,59,59,59,61,87],"items_purged":["Strike_R","Defend_R","Defend_R"],"gold":22,"score":238,"play_id":"f2f2652d-fd19-4c6c-a21a-988909ce7614","is_prod":false,"is_daily":false,"is_ascension_mode":false,"campfire_upgraded":3,"path_taken":["M","M","$","?","M","?","M","M","T","$","M","?","R","?","R","BOSS","M","?","?","M","?","R","?","?","T","R","M","?","$","M","R","BOSS"],"build_version":"2018-02-15-PROD1","purchased_purges":4,"victory":false,"master_deck":["Strike_R","Strike_R","Strike_R","Strike_R","Defend_R","Defend_R","Bash","Shrug It Off","True Grit+1","Flex","Flame Barrier+1","True Grit+1","Shrug It Off","Impervious","Impervious","True Grit+1","Clothesline+1","Offering"],"max_hp_per_floor":[87,87,87,87,87,87,87,87,87,87,87,87,87,87,87,87,87,87,87,87,87,87,87,87,87,87,87,87,87,87,87],"relics":["Burning Blood","Strawberry","Oddly Smooth Stone","Mark of Pain","Tiny Chest","Bird Faced Urn"],"card_choices":[{"not_picked":["Headbutt","Wild Strike"],"picked":"Shrug It Off"},{"not_picked":["Dark Embrace","Warcry"],"picked":"Flex"},{"not_picked":["Reckless Charge","Clash"],"picked":"True Grit"},{"not_picked":["Warcry","Blood for Blood"],"picked":"Shrug It Off"},{"not_picked":["Burning Pact","Blood for Blood"],"picked":"Impervious"},{"not_picked":["Double Tap","Reaper"],"picked":"Impervious"},{"not_picked":["Inflame","Flex"],"picked":"True Grit"},{"not_picked":["Havoc","Sword Boomerang"],"picked":"Clothesline"}],"player_experience":71398,"potions_floor_usage":[27,32],"damage_taken":[{"damage":11.0,"enemies":"Jaw Worm","floor":1.0,"turns":4.0},{"damage":7.0,"enemies":"Cultist","floor":2.0,"turns":4.0},{"damage":0.0,"enemies":"2 Louse","floor":5.0,"turns":3.0},{"damage":22.0,"enemies":"Exordium Thugs","floor":7.0,"turns":5.0},{"damage":25.0,"enemies":"Gremlin Gang","floor":8.0,"turns":7.0},{"damage":10.0,"enemies":"Lots of Slimes","floor":11.0,"turns":5.0},{"damage":0.0,"enemies":"Red Slaver","floor":12.0,"turns":6.0},{"damage":0.0,"enemies":"2 Fungi Beasts","floor":14.0,"turns":5.0},{"damage":34.0,"enemies":"The Guardian","floor":16.0,"turns":25.0},{"damage":11.0,"enemies":"2 Thieves","floor":18.0,"turns":5.0},{"damage":11.0,"enemies":"3 Byrds","floor":20.0,"turns":7.0},{"damage":16,"enemies":"Snake Plant","floor":20,"turns":11},{"damage":46,"enemies":"3 Cultists","floor":24,"turns":10},{"damage":0,"enemies":"Centurion and Healer","floor":27,"turns":10},{"damage":4,"enemies":"Snecko","floor":30,"turns":5},{"damage":96,"enemies":"Collector","floor":32,"turns":25}],"event_choices":[{"event_name":"Accursed Blacksmith","player_choice":"Forge","floor":4.0,"damage_taken":0.0},{"event_name":"World of Goop","player_choice":"Gather Gold","floor":6.0,"damage_taken":0.0},{"event_name":"Vampires","player_choice":"Ignored","floor":21,"damage_taken":0},{"event_name":"Match and Keep!","player_choice":"0 cards matched","floor":23,"damage_taken":0}],"boss_relics":[],"potions_floor_spawned":[2,5,8,11,14,16,20,24,27],"seed_played":"6791485650610740248","killed_by":"Collector","ascension_level":0,"is_trial":false}