{"path_per_floor":["M","$","?","M","M","R","E","R","T","M","$","M","M","?","R","B",null,"M","M","$","M","M","R","E","R","T","M","M","M","R","M","R"],"character_chosen":"IRONCLAD","items_purchased":["Headbutt","War Paint"],"gold_per_floor":[212,87,87,99,115,115,145,145,197,209,109,121,138,138,138,241,241,256,268,114,126,146,146,177,177,261,281,301,317,317,330,330],"floor_reached":33,"campfire_rested":4,"playtime":1363,"current_hp_per_floor":[80,80,80,80,80,80,62,62,62,50,50,56,45,38,62,59,80,70,62,62,43,27,27,11,35,35,41,34,10,34,10,34],"items_purged":["Defend_R","Defend_R"],"gold":330,"score":299,"play_id":"8b306c28-57a4-4e8b-ab0d-5d4989dc152a","is_prod":false,"is_daily":false,"is_ascension_mode":false,"campfire_upgraded":3,"path_taken":["M","$","?","M","M","R","E","R","T","M","$","M","M","?","R","BOSS","M","M","$","M","M","R","E","R","T","M","M","M","R","M","R","BOSS"],"build_version":"2018-02-15-PROD1","purchased_purges":3,"victory":false,"master_deck":["Strike_R","Strike_R","Strike_R","Strike_R","Strike_R","Defend_R+1","Bash","Flex+1","Headbutt","Heavy Blade+1","Heavy Blade+1","Demon Form","Thunderclap","Flex+1","Offering+1","Whirlwind+1","Flex+1","Anger","Battle Trance","Thunderclap+1","Spot Weakness","Spot Weakness","Pummel","Flex"],"max_hp_per_floor":[80,80,80,80,80,80,80,80,80,80,80,80,80,80,80,80,80,80,80,80,80,80,80,80,80,80,80,80,80,80,80,80],"relics":["Burning Blood","Omamori","Dream Catcher","Black Star","War Paint","Dodecahedron","Mercury Hourglass","Tiny Chest"],"card_choices":[{"not_picked":["Clothesline","Havoc"],"picked":"Flex"},{"not_picked":["Sword Boomerang","Perfected Strike"],"picked":"Heavy Blade"},{"not_picked":["Headbutt","Twin Strike"],"picked":"Heavy Blade"},{"not_picked":["Cleave","Shockwave"],"picked":"Demon Form"},{"not_picked":["Power Through","Twin Strike"],"picked":"Thunderclap"},{"not_picked":["Intimidate","Hemokinesis"],"picked":"Flex"},{"not_picked":["Impervious","Immolate"],"picked":"Offering"},{"not_picked":["Headbutt","Burning Pact"],"picked":"Whirlwind"},{"not_picked":["Anger","Uppercut"],"picked":"Flex"},{"not_picked":["Rage","Sever Soul"],"picked":"Anger"},{"not_picked":["Evolve","Shockwave"],"picked":"Battle Trance"},{"not_picked":["Clothesline","Shrug It Off"],"picked":"Thunderclap"},{"not_picked":["Shrug It Off","Metallicize"],"picked":"Spot Weakness"},{"not_picked":["Evolve","Thunderclap"],"picked":"Spot Weakness"},{"not_picked":["Havoc","True Grit"],"picked":"Pummel"},{"not_picked":["Inflame","Headbutt"],"picked":"Flex"}],"player_experience":63443,"potions_floor_usage":[7,16,16,21,31,33],"damage_taken":[{"damage":6,"enemies":"2 Louse","floor":1,"turns":2},{"damage":0,"enemies":"Cultist","floor":4,"turns":2},{"damage":3,"enemies":"Small Slimes","floor":5,"turns":2},{"damage":24,"enemies":"Lagavulin","floor":7,"turns":5},{"damage":18,"enemies":"3 Louse","floor":10,"turns":3},{"damage":0,"enemies":"Large Slime","floor":12,"turns":2},{"damage":17,"enemies":"Gremlin Gang","floor":13,"turns":4},{"damage":9,"enemies":"Slime Boss","floor":16,"turns":7},{"damage":16,"enemies":"Shell Parasite","floor":18,"turns":2},{"damage":14,"enemies":"2 Thieves","floor":19,"turns":2},{"damage":34,"enemies":"Sentry and Sphere","floor":21,"turns":4},{"damage":22,"enemies":"Snecko","floor":22,"turns":4},{"damage":22,"enemies":"Gremlin Leader","floor":24,"turns":3},{"damage":0,"enemies":"3 Cultists","floor":27,"turns":2},{"damage":13,"enemies":"Cultist and Chosen","floor":28,"turns":4},{"damage":30,"enemies":"Sentry and Sphere","floor":29,"turns":4},{"damage":30,"enemies":"Snecko","floor":31,"turns":4},{"damage":25,"enemies":"Champ","floor":33,"turns":3}],"event_choices":[{"event_name":"Accursed Blacksmith","player_choice":"Forge","floor":3,"damage_taken":0},{"event_name":"Golden Wing","player_choice":"Card Removal","floor":14,"damage_taken":0}],"boss_relics":[{"not_picked":["Mark of Pain","Ectoplasm"],"picked":"Black Star"}],"potions_floor_spawned":[5,7,12,18,28,29,31],"seed_played":"-8586833065629648608","killed_by":"Champ","ascension_level":0,"is_trial":false}