{"path_per_floor":["M","M","?","M","M","R","M","R","T","R","M","?","?","$","R","B",null,"M","M","$","?","?","R","E","?","T","?"],"character_chosen":"IRONCLAD","items_purchased":["War Paint","Metallicize"],"gold_per_floor":[116,133,133,150,167,167,177,177,203,203,220,295,295,5,5,103,103,84,103,3,3,3,3,37,37,37,37],"floor_reached":28,"campfire_rested":2,"playtime":706,"current_hp_per_floor":[80,78,78,76,64,64,57,57,57,57,59,48,48,48,72,52,80,56,53,53,38,38,63,11,11,11,11],"items_purged":["Strike_R","Strike_R"],"gold":37,"score":260,"play_id":"9dbde021-c643-4efa-9d95-7687fa41136d","is_prod":false,"is_daily":false,"is_ascension_mode":true,"campfire_upgraded":3,"path_taken":["M","?","?","M","M","R","?","R","T","R","M","?","?","$","R","BOSS","M","M","$","?","?","R","E","?","T","?","?"],"build_version":"2018-02-22-PROD2","purchased_purges":2,"victory":false,"master_deck":["Strike_R","Strike_R","Defend_R","Defend_R+1","Defend_R","Defend_R+1","Bash","Juggernaut+1","Whirlwind+1","Disarm","Entrench+1","Shrug It Off","Body Slam","Bandage Up","Metallicize","Juggernaut","Shrug It Off","Shrug It Off","Body Slam+1"],"max_hp_per_floor":[80,80,80,80,80,80,80,80,80,80,80,80,80,80,80,80,80,80,80,80,85,85,85,85,85,85,85],"relics":["Black Blood","Orichalcum","War Paint","Prayer Wheel","Dead Branch"],"card_choices":[{"not_picked":["Shrug It Off","Sword Boomerang"],"picked":"Whirlwind"},{"not_picked":["Sword Boomerang","Perfected Strike"],"picked":"Disarm"},{"not_picked":["Sword Boomerang","Twin Strike"],"picked":"Entrench"},{"not_picked":["Clash","Limit Break"],"picked":"Shrug It Off"},{"not_picked":["Burning Pact","Wild Strike"],"picked":"Body Slam"},{"not_picked":["Impervious","Immolate"],"picked":"Juggernaut"},{"not_picked":["Warcry","Juggernaut"],"picked":"Shrug It Off"},{"not_picked":["Cleave","Thunderclap"],"picked":"Body Slam"}],"player_experience":127611,"potions_floor_usage":[16,16,16],"damage_taken":[{"damage":6,"enemies":"Cultist","floor":1,"turns":4},{"damage":8,"enemies":"Jaw Worm","floor":2,"turns":5},{"damage":8,"enemies":"2 Louse","floor":4,"turns":4},{"damage":18,"enemies":"Blue Slaver","floor":5,"turns":4},{"damage":13,"enemies":"2 Fungi Beasts","floor":7,"turns":3},{"damage":4,"enemies":"Red Slaver","floor":11,"turns":5},{"damage":30,"enemies":"Slime Boss","floor":16,"turns":13},{"damage":38,"enemies":"2 Thieves","floor":18,"turns":5},{"damage":17,"enemies":"Chosen","floor":19,"turns":7},{"damage":66,"enemies":"Slavers","floor":24,"turns":7},{"damage":16,"enemies":"Centurion and Healer","floor":28,"turns":6}],"event_choices":[{"event_name":"Liars Game","player_choice":"disagreed","floor":3,"damage_taken":0},{"event_name":"World of Goop","player_choice":"Gather Gold","floor":12,"damage_taken":0},{"event_name":"Match and Keep!","player_choice":"1 cards matched","floor":13,"damage_taken":0},{"event_name":"Forgotten Altar","player_choice":"Shed Blood","floor":21,"damage_taken":0},{"event_name":"Drug Dealer","player_choice":"Ignored","floor":22,"damage_taken":0},{"event_name":"Transmorgrifier","player_choice":"Transform","floor":25,"damage_taken":0},{"event_name":"Cursed Tome","player_choice":"Ignored","floor":27,"damage_taken":0}],"boss_relics":[{"not_picked":["Velvet Choker","Eternal Feather"],"picked":"Black Blood"}],"potions_floor_spawned":[1,7,11],"seed_played":"-7840463870451216796","killed_by":"Centurion and Healer","ascension_level":3,"is_trial":false}