{"path_per_floor":["M","M","M","$","?","R","M","R","T","E","?","M","?","M","R","B",null,"M","M","?","$","M","R","M","M","T","?","E","M","R","M","R"],"character_chosen":"IRONCLAD","items_purchased":["Armaments"],"gold_per_floor":[118,136,149,26,101,101,112,112,112,145,145,161,161,175,175,272,272,292,310,235,135,145,145,155,170,170,170,200,210,210,224,224],"floor_reached":33,"campfire_rested":3,"playtime":1404,"current_hp_per_floor":[75,71,70,70,59,80,74,74,74,45,71,67,60,61,61,55,80,70,58,58,58,60,60,30,29,29,29,18,9,33,17,41],"items_purged":["Strike_R","Strike_R"],"gold":224,"score":285,"play_id":"c3839a61-c1a3-4604-89e6-aa889bdce097","is_prod":false,"is_daily":false,"is_ascension_mode":true,"campfire_upgraded":3,"path_taken":["M","M","M","$","?","R","M","R","T","E","?","M","?","?","R","BOSS","M","?","?","$","M","R","?","M","T","?","E","M","R","M","R","BOSS"],"build_version":"2018-02-22-PROD2","purchased_purges":2,"victory":false,"master_deck":["Strike_R+1","Defend_R","Defend_R","Defend_R","Defend_R","Bash","Body Slam","Shrug It Off","Armaments+1","Shrug It Off","True Grit","Offering+1","Thunderclap","Body Slam+1"],"max_hp_per_floor":[80,80,80,80,80,80,80,80,80,80,80,80,80,80,80,80,80,80,80,80,80,80,80,80,80,80,80,80,80,80,80,80],"relics":["Burning Blood","Dream Catcher","Bird Faced Urn","Prayer Wheel","Velvet Choker","Peace Pipe","Ornamental Fan"],"card_choices":[{"not_picked":["Headbutt","Clothesline"],"picked":"Body Slam"},{"not_picked":["Perfected Strike","Heavy Blade"],"picked":"Shrug It Off"},{"not_picked":["Iron Wave","Shockwave"],"picked":"Shrug It Off"},{"not_picked":["Perfected Strike","Clothesline"],"picked":"True Grit"},{"not_picked":["Limit Break","Reaper"],"picked":"Offering"},{"not_picked":["Shrug It Off","Rage"],"picked":"Thunderclap"},{"not_picked":["Havoc","Reckless Charge"],"picked":"Body Slam"}],"player_experience":95804,"potions_floor_usage":[16,24,25,28,33,33],"damage_taken":[{"damage":11,"enemies":"Jaw Worm","floor":1,"turns":4},{"damage":10,"enemies":"Small Slimes","floor":2,"turns":3},{"damage":7,"enemies":"2 Louse","floor":3,"turns":2},{"damage":12,"enemies":"Blue Slaver","floor":7,"turns":4},{"damage":35,"enemies":"Gremlin Nob","floor":10,"turns":5},{"damage":10,"enemies":"Looter","floor":12,"turns":2},{"damage":5,"enemies":"Gremlin Gang","floor":14,"turns":5},{"damage":12,"enemies":"The Guardian","floor":16,"turns":13},{"damage":16,"enemies":"2 Thieves","floor":18,"turns":3},{"damage":18,"enemies":"Spheric Guardian","floor":19,"turns":6},{"damage":4,"enemies":"Centurion and Healer","floor":22,"turns":4},{"damage":36,"enemies":"Cultist and Chosen","floor":24,"turns":6},{"damage":7,"enemies":"Slaver and Parasite","floor":25,"turns":5},{"damage":17,"enemies":"Slavers","floor":28,"turns":9},{"damage":15,"enemies":"Centurion and Healer","floor":29,"turns":5},{"damage":22,"enemies":"Sentry and Sphere","floor":31,"turns":6},{"damage":42,"enemies":"Collector","floor":33,"turns":7}],"event_choices":[{"event_name":"World of Goop","player_choice":"Gather Gold","floor":5,"damage_taken":0},{"event_name":"Big Fish","player_choice":"Banana","floor":11,"damage_taken":0},{"event_name":"Golden Wing","player_choice":"Card Removal","floor":13,"damage_taken":0},{"event_name":"Beggar","player_choice":"Gave Gold","floor":20,"damage_taken":0},{"event_name":"Vampires","player_choice":"Ignored","floor":27,"damage_taken":0}],"boss_relics":[{"not_picked":["Orrery","Question Card"],"picked":"Velvet Choker"}],"potions_floor_spawned":[3,7,12,14,19,24,28,31],"seed_played":"4698925110066926809","killed_by":"Collector","ascension_level":1,"is_trial":false}