{"path_per_floor":["M","M","$","?","M","M","R","M","T","$","E","M","?","E","R","B",null,"M","?","?","$","T","R","M","M","T","?","$","M","M","?","R"],"character_chosen":"IRONCLAD","items_purchased":[],"gold_per_floor":[116,133,58,58,76,90,90,107,107,107,136,146,221,250,250,351,351,365,365,365,265,334,334,348,366,366,366,241,255,266,266,266],"floor_reached":33,"campfire_rested":0,"playtime":833,"current_hp_per_floor":[80,80,80,64,65,70,70,76,76,76,71,75,64,59,59,22,80,62,80,56,56,56,56,50,39,39,39,39,34,50,50,50],"items_purged":["Defend_R","Defend_R","Bash"],"gold":266,"score":296,"play_id":"ce553f48-b5d4-4e09-8450-5963df709236","is_prod":false,"is_daily":false,"is_ascension_mode":true,"campfire_upgraded":1,"path_taken":["M","M","$","?","M","M","R","M","T","$","E","M","?","E","R","BOSS","M","?","?","$","?","R","M","M","T","?","$","M","?","?","R","BOSS"],"build_version":"2018-02-22-PROD2","purchased_purges":3,"victory":false,"master_deck":["Clash+1","Thunderclap+1","Flex","Dropkick","Bite","Bite","Bite","Bite","Dual Wield+1"],"max_hp_per_floor":[80,80,80,80,80,80,80,80,80,80,80,80,80,80,80,80,80,80,80,56,56,56,56,56,56,56,56,56,56,56,56,56],"relics":["Burning Blood","Vajra","Peace Pipe","Mummified Hand","Philosopher\u0027s Stone","Pantograph","Shovel"],"card_choices":[{"not_picked":["Pummel","Thunderclap"],"picked":"Clash"},{"not_picked":["Metallicize","Seeing Red"],"picked":"Thunderclap"},{"not_picked":["Twin Strike","Heavy Blade"],"picked":"Flex"},{"not_picked":["Barricade","Disarm"],"picked":"Dropkick"},{"not_picked":["Heavy Blade","Evolve"],"picked":"Dual Wield"}],"player_experience":93694,"potions_floor_usage":[16,29,30],"damage_taken":[{"damage":0,"enemies":"Small Slimes","floor":1,"turns":3},{"damage":3,"enemies":"Jaw Worm","floor":2,"turns":3},{"damage":5,"enemies":"2 Louse","floor":5,"turns":2},{"damage":1,"enemies":"Exordium Wildlife","floor":6,"turns":3},{"damage":0,"enemies":"2 Fungi Beasts","floor":8,"turns":2},{"damage":11,"enemies":"3 Sentries","floor":11,"turns":4},{"damage":2,"enemies":"Blue Slaver","floor":12,"turns":2},{"damage":11,"enemies":"Gremlin Nob","floor":14,"turns":3},{"damage":43,"enemies":"Hexaghost","floor":16,"turns":6},{"damage":24,"enemies":"Shell Parasite","floor":18,"turns":3},{"damage":12,"enemies":"Spheric Guardian","floor":24,"turns":3},{"damage":27,"enemies":"Snake Plant","floor":25,"turns":2},{"damage":34,"enemies":"Snecko","floor":29,"turns":4},{"damage":0,"enemies":"3 Cultists","floor":30,"turns":2},{"damage":88,"enemies":"Collector","floor":33,"turns":5}],"event_choices":[{"event_name":"Shining Light","player_choice":"Entered Light","floor":4,"damage_taken":0},{"event_name":"World of Goop","player_choice":"Gather Gold","floor":13,"damage_taken":0},{"event_name":"Wheel of Change","player_choice":"Full Heal","floor":19,"damage_taken":0},{"event_name":"Vampires","player_choice":"Became a vampire","floor":20,"damage_taken":0},{"event_name":"Cursed Tome","player_choice":"Ignored","floor":27,"damage_taken":0},{"event_name":"Drug Dealer","player_choice":"Ignored","floor":31,"damage_taken":0}],"boss_relics":[{"not_picked":["Eternal Feather","Black Star"],"picked":"Philosopher\u0027s Stone"}],"potions_floor_spawned":[8,11,12,14,16,18,25],"seed_played":"-3474583237016451727","killed_by":"Collector","ascension_level":1,"is_trial":false}