{"path_per_floor":["M","?","M","$","M","?","$","M","T","$","E","M","R","M","R","B",null,"M","$","?","?","M","R","M","R","T","M","?","R","M"],"character_chosen":"IRONCLAD","items_purchased":[],"gold_per_floor":[114,114,124,49,65,65,65,83,83,83,108,118,118,130,130,226,226,236,136,51,51,63,63,79,79,106,126,126,126,140],"floor_reached":31,"campfire_rested":1,"playtime":687,"current_hp_per_floor":[79,79,79,79,75,68,68,68,68,68,48,44,44,44,44,7,80,54,54,54,54,10,34,17,17,17,5,5,5,5],"items_purged":["Defend_R","Defend_R"],"gold":140,"score":273,"play_id":"a14d8435-8e07-45a0-9fc2-a33b7b2ec106","is_prod":false,"is_daily":false,"is_ascension_mode":true,"campfire_upgraded":0,"path_taken":["M","?","M","$","M","?","$","?","T","$","E","M","R","M","R","BOSS","M","?","?","?","M","R","M","R","T","M","?","R","M","M"],"build_version":"2018-02-22-PROD2","purchased_purges":2,"victory":false,"master_deck":["Strike_R","Strike_R","Strike_R","Bash","Clothesline+1","Clash","Dropkick","Dual Wield","Dropkick","Dropkick"],"max_hp_per_floor":[80,80,80,80,80,80,80,80,80,80,80,80,80,80,80,80,80,80,80,80,80,80,80,80,80,80,80,80,80,80],"relics":["Lizard Tail","Peace Pipe","Centennial Puzzle","Dead Branch","Question Card","Pantograph","Bag of Marbles"],"card_choices":[{"not_picked":["Second Wind","Twin Strike"],"picked":"Clothesline"},{"not_picked":["Anger","Pommel Strike"],"picked":"Clash"},{"not_picked":["True Grit","Havoc"],"picked":"Dropkick"},{"not_picked":["Anger","Bludgeon"],"picked":"Dual Wield"},{"not_picked":["Twin Strike","Fire Breathing","Pummel"],"picked":"Dropkick"}],"player_experience":115134,"potions_floor_usage":[8,12,16,27,31],"damage_taken":[{"damage":1,"enemies":"2 Louse","floor":1,"turns":2},{"damage":0,"enemies":"Small Slimes","floor":3,"turns":3},{"damage":4,"enemies":"Jaw Worm","floor":5,"turns":3},{"damage":0,"enemies":"Exordium Wildlife","floor":8,"turns":2},{"damage":20,"enemies":"Lagavulin","floor":11,"turns":5},{"damage":4,"enemies":"Large Slime","floor":12,"turns":4},{"damage":0,"enemies":"Red Slaver","floor":14,"turns":1},{"damage":37,"enemies":"Hexaghost","floor":16,"turns":7},{"damage":26,"enemies":"Chosen","floor":18,"turns":5},{"damage":44,"enemies":"2 Thieves","floor":22,"turns":3},{"damage":17,"enemies":"3 Cultists","floor":24,"turns":4},{"damage":12,"enemies":"Chosen and Byrds","floor":27,"turns":3},{"damage":0,"enemies":"Snake Plant","floor":30,"turns":2},{"damage":55,"enemies":"Sentry and Sphere","floor":31,"turns":5}],"event_choices":[{"event_name":"Living Wall","player_choice":"Grow","floor":2,"damage_taken":0},{"event_name":"Scrap Ooze","player_choice":"success","floor":6,"damage_taken":7},{"event_name":"Addict","player_choice":"Obtained Relic","floor":20,"damage_taken":0},{"event_name":"Duplicator","player_choice":"One dupe","floor":21,"damage_taken":0},{"event_name":"The Mausoleum","player_choice":"No","floor":28,"damage_taken":0}],"boss_relics":[{"not_picked":["Calling Bell","Runic Cube"],"picked":"Question Card"}],"potions_floor_spawned":[3,11,12,14,24,27],"seed_played":"8358574829586575327","killed_by":"Sentry and Sphere","ascension_level":3,"is_trial":false}