{"path_per_floor":["M","?","?","M","?","E","R","$","T","R","?","M","$","M","R","B",null,"M","?","M","M","$","R","E","M","T","R","E","M","E","M","R","B",null,"M","$","?","M","M","E","?","R","T","R","$","?","M","M","R","B"],"character_chosen":"IRONCLAD","items_purchased":["Flex"],"gold_per_floor":[112,62,62,82,42,77,77,2,2,2,77,93,93,106,106,208,208,221,146,156,175,51,51,80,96,96,96,127,144,177,192,192,288,288,303,178,178,193,203,235,235,235,258,258,108,108,120,131,131,131],"floor_reached":51,"campfire_rested":2,"playtime":973,"current_hp_per_floor":[80,80,80,80,80,80,80,80,80,80,69,63,63,61,80,62,80,74,74,76,78,78,78,80,80,80,80,80,82,84,83,83,86,86,69,69,69,76,87,90,90,90,92,92,92,92,98,91,100,100],"items_purged":["Defend_R","Demon Form","Strike_R","Strike_R"],"gold":131,"score":748,"play_id":"01f0b89e-44a5-4ad6-ae3c-7ae18f129f6f","is_prod":false,"is_daily":false,"is_ascension_mode":true,"campfire_upgraded":7,"path_taken":["M","?","?","?","?","E","R","$","T","R","?","M","$","M","R","BOSS","M","?","M","M","$","R","E","M","T","R","E","M","E","M","R","BOSS","M","$","?","M","M","E","?","R","T","R","$","?","?","M","R","BOSS"],"build_version":"2018-02-22-PROD2","purchased_purges":4,"victory":true,"master_deck":["Strike_R+1","Strike_R+1","Dual Wield+1","Clash+1","Thunderclap+1","Infernal Blade+1","Offering+1","Clash+1","Flex+1","Dropkick+1","Offering+1"],"max_hp_per_floor":[80,80,80,80,80,80,80,80,80,80,80,80,80,80,80,80,80,80,80,80,80,80,80,80,80,80,80,80,82,84,86,86,86,86,88,88,88,90,92,94,94,94,96,96,96,96,98,100,100,100],"relics":["Burning Blood","NeowsBlessing","Bag of Marbles","Torii","Astrolabe","Lantern","Magic Flower","Singing Bowl","Prayer Wheel","Runic Dome","War Paint","Omamori"],"card_choices":[{"not_picked":["Twin Strike","Metallicize"],"picked":"Dual Wield"},{"not_picked":["True Grit","Carnage"],"picked":"Clash"},{"not_picked":["Battle Trance","Searing Blow"],"picked":"Thunderclap"},{"not_picked":["Reaper","Limit Break"],"picked":"Demon Form"},{"not_picked":["Combust","Warcry"],"picked":"Clash"},{"not_picked":["Sword Boomerang","Carnage"],"picked":"Dropkick"},{"not_picked":["Reaper","Double Tap"],"picked":"Offering"}],"player_experience":128317,"potions_floor_usage":[16,31,31,33],"damage_taken":[{"damage":0,"enemies":"Cultist","floor":1,"turns":1},{"damage":0,"enemies":"2 Louse","floor":4,"turns":1},{"damage":0,"enemies":"Gremlin Nob","floor":6,"turns":1},{"damage":12,"enemies":"Jaw Worm","floor":12,"turns":2},{"damage":8,"enemies":"Blue Slaver","floor":14,"turns":2},{"damage":24,"enemies":"Slime Boss","floor":16,"turns":7},{"damage":12,"enemies":"Shell Parasite","floor":18,"turns":2},{"damage":4,"enemies":"Spheric Guardian","floor":20,"turns":1},{"damage":4,"enemies":"Chosen and Byrds","floor":21,"turns":2},{"damage":4,"enemies":"Slavers","floor":24,"turns":1},{"damage":4,"enemies":"Cultist and Chosen","floor":25,"turns":2},{"damage":4,"enemies":"Gremlin Leader","floor":28,"turns":2},{"damage":4,"enemies":"3 Cultists","floor":29,"turns":2},{"damage":4,"enemies":"Book of Stabbing","floor":30,"turns":1},{"damage":12,"enemies":"Chosen and Byrds","floor":31,"turns":2},{"damage":4,"enemies":"Collector","floor":33,"turns":2},{"damage":28,"enemies":"3 Darklings","floor":35,"turns":2},{"damage":4,"enemies":"Orb Walker","floor":38,"turns":1},{"damage":0,"enemies":"3 Darklings","floor":39,"turns":2},{"damage":8,"enemies":"Giant Head","floor":40,"turns":2},{"damage":4,"enemies":"Maw","floor":47,"turns":1},{"damage":18,"enemies":"Sphere and 2 Shapes","floor":48,"turns":2},{"damage":8,"enemies":"Donu and Deca","floor":50,"turns":1}],"event_choices":[{"event_name":"The Cleric","player_choice":"Card Removal","floor":2,"damage_taken":0},{"event_name":"Living Wall","player_choice":"Grow","floor":3,"damage_taken":0},{"event_name":"The Woman in Blue","player_choice":"Bought 3 Potions","floor":5,"damage_taken":0},{"event_name":"World of Goop","player_choice":"Gather Gold","floor":11,"damage_taken":0},{"event_name":"Beggar","player_choice":"Gave Gold","floor":19,"damage_taken":0},{"event_name":"Tomb of Lord Red Mask","player_choice":"Ignored","floor":37,"damage_taken":0},{"event_name":"Mysterious Sphere","player_choice":"Ignore","floor":41,"damage_taken":0}],"boss_relics":[{"not_picked":["Orrery","Black Star"],"picked":"Astrolabe"},{"not_picked":["Lizard Tail","Snecko Eye"],"picked":"Runic Dome"}],"potions_floor_spawned":[6,12,14,20,24,28,29,33,38,39,47],"seed_played":"4960684733508122197","ascension_level":3,"is_trial":false}