{"path_per_floor":["M","?","M","M","T","R","M","$","T","M","M","M","?","M","R","B",null,"M","?","?","$","M","?","M","?","T","E","M","R","M","M","R","B",null,"M","$","M","?","M","R","M","E","T","M","$","?","?","M","R"],"character_chosen":"IRONCLAD","items_purchased":["Ancient Tea Set","Flex","Paper Frog"],"gold_per_floor":[112,112,126,136,185,185,195,120,120,140,158,172,272,286,286,383,383,396,396,576,328,343,343,355,355,379,410,421,421,432,444,444,542,542,560,409,421,421,437,437,448,483,508,524,115,115,115,132,132],"floor_reached":50,"campfire_rested":2,"playtime":1456,"current_hp_per_floor":[72,72,67,69,69,69,71,71,71,55,48,50,50,52,52,26,72,64,64,40,40,26,72,53,53,53,41,47,47,53,55,72,48,72,59,59,42,42,44,44,40,46,46,29,29,29,20,22,43],"items_purged":["Defend_R","Defend_R","Defend_R","Bash"],"gold":132,"score":465,"play_id":"656644ff-cb60-43d4-b1a3-c6fff047c85f","is_prod":false,"is_daily":false,"is_ascension_mode":false,"campfire_upgraded":4,"path_taken":["M","?","?","M","?","R","M","$","T","M","?","M","?","M","R","BOSS","M","?","?","$","M","?","?","?","T","E","M","R","M","M","R","BOSS","M","$","M","?","M","R","M","E","T","?","$","?","?","M","R","BOSS"],"build_version":"2018-02-15-PROD1","purchased_purges":4,"victory":false,"master_deck":["Strike_R+1","Strike_R+1","Strike_R+1","Strike_R+1","Strike_R+1","Offering+1","Dropkick","Whirlwind+1","Clash","Thunderclap+1","Headbutt+1","Flex+1","Flex+1","Madness","Madness"],"max_hp_per_floor":[72,72,72,72,72,72,72,72,72,72,72,72,72,72,72,72,72,72,72,72,72,72,72,72,72,72,72,72,72,72,72,72,72,72,72,72,72,72,72,72,72,72,72,72,72,72,72,72,72],"relics":["Burning Blood","Vajra","Frozen Eye","Sozu","Ancient Tea Set","Bag of Preparation","Bag of Marbles","Velvet Choker","Orichalcum","Oddly Smooth Stone","Paper Frog"],"card_choices":[{"not_picked":["Impervious","Double Tap"],"picked":"Offering"},{"not_picked":["Anger","Hemokinesis"],"picked":"Dropkick"},{"not_picked":["Perfected Strike","Armaments"],"picked":"Whirlwind"},{"not_picked":["Shrug It Off","Sword Boomerang"],"picked":"Clash"},{"not_picked":["Armaments","Metallicize"],"picked":"Reckless Charge"},{"not_picked":["Corruption","Power Through"],"picked":"Thunderclap"},{"not_picked":["Twin Strike","Perfected Strike"],"picked":"Headbutt"},{"not_picked":["Reckless Charge","Iron Wave"],"picked":"Flex"}],"player_experience":67446,"potions_floor_usage":[],"damage_taken":[{"damage":0,"enemies":"2 Louse","floor":1,"turns":4},{"damage":11,"enemies":"Jaw Worm","floor":3,"turns":2},{"damage":4,"enemies":"Small Slimes","floor":4,"turns":1},{"damage":4,"enemies":"Gremlin Gang","floor":7,"turns":1},{"damage":22,"enemies":"Exordium Thugs","floor":10,"turns":2},{"damage":13,"enemies":"Red Slaver","floor":11,"turns":2},{"damage":4,"enemies":"3 Louse","floor":12,"turns":1},{"damage":4,"enemies":"Lots of Slimes","floor":14,"turns":1},{"damage":32,"enemies":"Slime Boss","floor":16,"turns":7},{"damage":14,"enemies":"Chosen","floor":18,"turns":2},{"damage":20,"enemies":"2 Thieves","floor":22,"turns":2},{"damage":25,"enemies":"Chosen and Byrds","floor":24,"turns":3},{"damage":18,"enemies":"Book of Stabbing","floor":27,"turns":3},{"damage":0,"enemies":"3 Cultists","floor":28,"turns":1},{"damage":0,"enemies":"Snake Plant","floor":30,"turns":1},{"damage":4,"enemies":"Centurion and Healer","floor":31,"turns":1},{"damage":30,"enemies":"Automaton","floor":33,"turns":6},{"damage":19,"enemies":"Orb Walker","floor":35,"turns":2},{"damage":23,"enemies":"3 Shapes","floor":37,"turns":1},{"damage":4,"enemies":"3 Darklings","floor":39,"turns":1},{"damage":10,"enemies":"Sphere and 2 Shapes","floor":41,"turns":1},{"damage":0,"enemies":"2 Orb Walkers","floor":42,"turns":1},{"damage":23,"enemies":"Maw","floor":44,"turns":4},{"damage":4,"enemies":"3 Darklings","floor":48,"turns":1},{"damage":48,"enemies":"Donu and Deca","floor":50,"turns":3}],"event_choices":[{"event_name":"Living Wall","player_choice":"Forget","floor":2,"damage_taken":0},{"event_name":"Golden Shrine","player_choice":"Pray","floor":13,"damage_taken":0},{"event_name":"Back to Basics","player_choice":"Simplicity","floor":19,"damage_taken":0},{"event_name":"Knowing Skull","player_choice":"GOLD GOLD ","floor":20,"damage_taken":0},{"event_name":"Bonfire Elementals","player_choice":"UNCOMMON","floor":23,"damage_taken":0},{"event_name":"Match and Keep!","player_choice":"0 cards matched","floor":25,"damage_taken":0},{"event_name":"Mysterious Sphere","player_choice":"Ignore","floor":38,"damage_taken":0},{"event_name":"Upgrade Shrine","player_choice":"Upgraded","floor":46,"damage_taken":0},{"event_name":"Winding Halls","player_choice":"Embrace Madness","floor":47,"damage_taken":0}],"boss_relics":[{"not_picked":["Snecko Eye","Runic Cube"],"picked":"Sozu"},{"not_picked":["Black Star","Orrery"],"picked":"Velvet Choker"}],"potions_floor_spawned":[3,7,11,14,16,18,30,31,37,39,42],"seed_played":"7562454151873073014","killed_by":"Donu and Deca","ascension_level":0,"is_trial":false}