{"path_per_floor":["M","?","M","?","M","E","M","$","T","$","T","M","?","E","R","B",null,"M","$","T","M","M","M","M","M","T","M","R","M","M","?","R","B",null,"M","M","$","M","M","R","M","M","T","R","?","M","M","M","R","B"],"character_chosen":"IRONCLAD","items_purchased":["Inflame","Vajra","Bottled Tornado"],"gold_per_floor":[109,109,124,124,137,169,185,71,144,144,144,155,180,207,207,310,310,324,224,295,314,330,346,358,377,377,388,388,398,412,412,412,511,511,530,548,34,51,71,71,85,98,98,98,98,112,130,144,144,144],"floor_reached":51,"campfire_rested":2,"playtime":1538,"current_hp_per_floor":[80,85,80,68,68,59,57,57,57,57,57,63,61,61,61,57,85,82,82,82,77,58,43,23,41,41,45,45,41,28,28,53,39,85,80,79,79,60,65,65,38,54,54,54,54,59,57,63,85,58],"items_purged":["Defend_R","Defend_R","Perfected Strike"],"gold":144,"score":546,"play_id":"e60c37b5-2e52-455e-9339-b069b0cd5c10","is_prod":false,"is_daily":false,"is_ascension_mode":false,"campfire_upgraded":4,"path_taken":["M","?","?","?","M","E","M","$","T","?","?","?","?","E","R","BOSS","M","$","?","M","M","M","M","M","T","M","R","?","M","?","R","BOSS","M","M","$","M","M","R","M","M","T","R","?","M","?","M","R","BOSS"],"build_version":"2018-02-22-PROD2","purchased_purges":3,"victory":true,"master_deck":["Strike_R+1","Strike_R+1","Strike_R+1","Strike_R+1","Defend_R+1","Defend_R+1","Bash","Flex","Clothesline+1","Heavy Blade+1","Inflame","Double Tap","Dropkick","Whirlwind+1","Demon Form+1","Heavy Blade+1","Heavy Blade","Flex","Inflame","Flex","Pummel+1","Whirlwind+1"],"max_hp_per_floor":[80,85,85,85,85,85,85,85,85,85,85,85,85,85,85,85,85,85,85,85,85,85,85,85,85,85,85,85,85,85,85,85,85,85,85,85,85,85,85,85,85,85,85,85,85,85,85,85,85,85],"relics":["Burning Blood","Anchor","Mummified Hand","Darkstone Periapt","Meat on the Bone","Odd Mushroom","Whetstone","Sozu","Toolbox","Ornamental Fan","Runic Dome","Vajra","Bottled Tornado","Calipers"],"card_choices":[{"not_picked":["Anger","Twin Strike"],"picked":"Flex"},{"not_picked":["Havoc","Pommel Strike"],"picked":"Perfected Strike"},{"not_picked":["Shrug It Off","Flame Barrier"],"picked":"Clothesline"},{"not_picked":["Searing Blow","Reckless Charge"],"picked":"Heavy Blade"},{"not_picked":["Anger","Rampage"],"picked":"Double Tap"},{"not_picked":["Warcry","Blood for Blood"],"picked":"Dropkick"},{"not_picked":["Sever Soul","Wild Strike"],"picked":"Whirlwind"},{"not_picked":["Barricade","Juggernaut"],"picked":"Demon Form"},{"not_picked":["Sword Boomerang","Perfected Strike"],"picked":"Heavy Blade"},{"not_picked":["Dual Wield","Sword Boomerang"],"picked":"Heavy Blade"},{"not_picked":["Anger","Seeing Red"],"picked":"Flex"},{"not_picked":["Pommel Strike","Intimidate"],"picked":"Inflame"},{"not_picked":["Pommel Strike","Perfected Strike"],"picked":"Flex"},{"not_picked":["Impervious","Flex"],"picked":"Pummel"},{"not_picked":["Reckless Charge","Heavy Blade"],"picked":"Whirlwind"}],"player_experience":135107,"potions_floor_usage":[1,6,13,14,16,21],"damage_taken":[{"damage":1,"enemies":"2 Louse","floor":1,"turns":2},{"damage":11,"enemies":"Jaw Worm","floor":3,"turns":2},{"damage":6,"enemies":"Cultist","floor":5,"turns":3},{"damage":15,"enemies":"3 Sentries","floor":6,"turns":8},{"damage":8,"enemies":"3 Louse","floor":7,"turns":3},{"damage":0,"enemies":"Looter","floor":12,"turns":2},{"damage":8,"enemies":"The Mushroom Lair","floor":13,"turns":2},{"damage":6,"enemies":"Gremlin Nob","floor":14,"turns":3},{"damage":22,"enemies":"Slime Boss","floor":16,"turns":10},{"damage":9,"enemies":"Chosen","floor":18,"turns":4},{"damage":11,"enemies":"2 Thieves","floor":21,"turns":3},{"damage":25,"enemies":"3 Cultists","floor":22,"turns":4},{"damage":33,"enemies":"Snake Plant","floor":23,"turns":5},{"damage":38,"enemies":"Centurion and Healer","floor":24,"turns":4},{"damage":0,"enemies":"Snecko","floor":25,"turns":2},{"damage":14,"enemies":"Cultist and Chosen","floor":27,"turns":3},{"damage":22,"enemies":"Slaver and Parasite","floor":29,"turns":3},{"damage":31,"enemies":"3 Cultists","floor":30,"turns":5},{"damage":32,"enemies":"Collector","floor":33,"turns":6},{"damage":11,"enemies":"3 Shapes","floor":35,"turns":3},{"damage":7,"enemies":"3 Darklings","floor":36,"turns":3},{"damage":37,"enemies":"Sphere and 2 Shapes","floor":38,"turns":4},{"damage":1,"enemies":"Maw","floor":39,"turns":4},{"damage":45,"enemies":"4 Shapes","floor":41,"turns":3},{"damage":2,"enemies":"3 Darklings","floor":42,"turns":3},{"damage":1,"enemies":"Maw","floor":46,"turns":4},{"damage":8,"enemies":"4 Shapes","floor":47,"turns":2},{"damage":0,"enemies":"3 Darklings","floor":48,"turns":1},{"damage":45,"enemies":"Time Eater","floor":50,"turns":5}],"event_choices":[{"event_name":"Big Fish","player_choice":"Donut","floor":2,"damage_taken":0},{"event_name":"Scrap Ooze","player_choice":"success","floor":4,"damage_taken":12},{"event_name":"Mushrooms","player_choice":"Fought Mushrooms","floor":13,"damage_taken":0},{"event_name":"Back to Basics","player_choice":"Simplicity","floor":31,"damage_taken":0}],"boss_relics":[{"not_picked":["Runic Pyramid","Eternal Feather"],"picked":"Sozu"},{"not_picked":["Calling Bell","Tiny House"],"picked":"Runic Dome"}],"potions_floor_spawned":[3,7,12,13,22,23,27,33,36,41,42,46,48],"seed_played":"-6505202880893807707","ascension_level":0,"is_trial":false}