{"path_per_floor":["M","?","?","$","?","R","E","R","T","$","R","M","M","M","R","B",null,"M","M","$","?","?","R","?","E","T","R","M","M","R","E","R","B",null,"M","$","?","?","M","R","M","?","T","M","E","$","?","$","R"],"character_chosen":"IRONCLAD","items_purchased":["Bag of Marbles","Clash"],"gold_per_floor":[15,15,15,15,15,15,46,46,46,46,46,70,84,100,100,224,224,243,268,193,193,118,118,118,143,143,143,162,173,173,203,203,306,306,322,31,31,31,41,41,53,0,26,38,73,73,73,73,73],"floor_reached":50,"campfire_rested":1,"playtime":992,"current_hp_per_floor":[80,80,80,80,60,60,50,50,50,50,50,51,52,48,80,18,80,72,61,61,61,61,61,61,49,49,49,60,67,67,68,68,43,84,86,86,86,86,86,86,88,88,88,81,59,59,59,59,59],"items_purged":["Defend_R","Strike_R"],"gold":73,"score":477,"play_id":"909d230a-fc16-4a23-a435-d7cb4597be2c","is_prod":false,"is_daily":false,"is_ascension_mode":true,"campfire_upgraded":8,"path_taken":["M","?","?","$","?","R","E","R","T","$","R","?","M","M","R","BOSS","M","M","$","?","?","R","?","E","T","R","?","M","R","E","R","BOSS","M","$","?","?","M","R","M","?","T","M","E","?","?","$","R","BOSS"],"build_version":"2018-02-22-PROD2","purchased_purges":2,"victory":false,"master_deck":["Strike_R+1","Strike_R","Strike_R+1","Flex+1","Offering+1","Thunderclap+1","Flex+1","Clash+1","Heavy Blade+1","Clash","Clash+1"],"max_hp_per_floor":[80,80,80,80,80,80,80,80,80,80,80,80,80,80,80,80,80,80,80,80,80,80,80,80,80,80,80,80,80,80,82,82,84,84,86,86,86,86,86,86,88,88,88,90,92,92,92,92,92],"relics":["Burning Blood","Bloody Idol","Regal Pillow","Bronze Scales","Runic Dome","Blue Candle","Du-Vu Doll","Singing Bowl","Cursed Key","Bag of Marbles","Dodecahedron","Red Mask","Happy Flower","Shovel","Ornamental Fan"],"card_choices":[{"not_picked":["Battle Trance","Body Slam"],"picked":"Flex"},{"not_picked":["Reaper","Impervious"],"picked":"Offering"},{"not_picked":["Heavy Blade","Blood for Blood"],"picked":"Thunderclap"},{"not_picked":["Sword Boomerang","Havoc"],"picked":"Flex"},{"not_picked":["Combust","Sword Boomerang"],"picked":"Heavy Blade"},{"not_picked":["Anger","Pommel Strike"],"picked":"Clash"}],"player_experience":88061,"potions_floor_usage":[16,16,25,25,41,45],"damage_taken":[{"damage":6,"enemies":"Cultist","floor":1,"turns":3},{"damage":16,"enemies":"Gremlin Nob","floor":7,"turns":3},{"damage":5,"enemies":"Small Slimes","floor":12,"turns":2},{"damage":5,"enemies":"2 Louse","floor":13,"turns":2},{"damage":10,"enemies":"Looter","floor":14,"turns":2},{"damage":68,"enemies":"The Guardian","floor":16,"turns":7},{"damage":14,"enemies":"2 Thieves","floor":18,"turns":2},{"damage":17,"enemies":"3 Byrds","floor":19,"turns":3},{"damage":32,"enemies":"Slavers","floor":25,"turns":4},{"damage":0,"enemies":"Snake Plant","floor":28,"turns":2},{"damage":4,"enemies":"Snecko","floor":29,"turns":1},{"damage":12,"enemies":"Book of Stabbing","floor":31,"turns":2},{"damage":38,"enemies":"Automaton","floor":33,"turns":5},{"damage":9,"enemies":"3 Shapes","floor":35,"turns":2},{"damage":4,"enemies":"Orb Walker","floor":39,"turns":1},{"damage":4,"enemies":"Maw","floor":41,"turns":2},{"damage":20,"enemies":"Sphere and 2 Shapes","floor":44,"turns":3},{"damage":35,"enemies":"Nemesis","floor":45,"turns":3},{"damage":67,"enemies":"Time Eater","floor":50,"turns":5}],"event_choices":[{"event_name":"The Cleric","player_choice":"Leave","floor":2,"damage_taken":0},{"event_name":"Living Wall","player_choice":"Forget","floor":3,"damage_taken":0},{"event_name":"Golden Idol","player_choice":"Take Damage","floor":5,"damage_taken":0},{"event_name":"Forgotten Altar","player_choice":"Gave Idol","floor":21,"damage_taken":0},{"event_name":"Beggar","player_choice":"Gave Gold","floor":22,"damage_taken":0},{"event_name":"The Library","player_choice":"Read","floor":24,"damage_taken":0},{"event_name":"Wheel of Change","player_choice":"Relic","floor":37,"damage_taken":0},{"event_name":"Tomb of Lord Red Mask","player_choice":"Paid","floor":42,"damage_taken":0},{"event_name":"Fountain of Cleansing","player_choice":"Removed Curse","floor":47,"damage_taken":0}],"boss_relics":[{"not_picked":["Eternal Feather","Sozu"],"picked":"Runic Dome"},{"not_picked":["Astrolabe","Black Star"],"picked":"Cursed Key"}],"potions_floor_spawned":[1,7,13,18,33,35,41],"seed_played":"-4492727341720378843","killed_by":"Time Eater","ascension_level":1,"is_trial":false}