{"path_per_floor":["M","$","?","?","M","R","M","R","T","?","$","M","R","M","R","B",null,"M","$","M","T","?","R","M","M","T","R","M","?","E","?","R","B",null,"M","?","?","$","M","R","M","M","T","M","?","M","E","M","R"],"character_chosen":"IRONCLAD","items_purchased":["Dropkick","Dropkick"],"gold_per_floor":[117,42,217,217,230,230,243,243,243,243,73,93,93,113,113,208,208,222,27,42,42,42,42,60,75,100,100,118,118,148,148,148,246,246,263,263,263,113,124,124,144,162,187,200,200,218,248,258,258],"floor_reached":50,"campfire_rested":3,"playtime":941,"current_hp_per_floor":[80,80,80,80,69,69,63,63,63,56,56,49,49,38,62,53,80,76,76,66,66,66,66,62,58,58,58,48,48,27,27,43,10,56,56,56,49,49,43,43,37,2,9,3,3,3,1,7,25],"items_purged":["Defend_R","Defend_R","Defend_R","Madness"],"gold":258,"score":482,"play_id":"b098e0d8-6ddf-4c5c-b7aa-06551c517173","is_prod":false,"is_daily":false,"is_ascension_mode":true,"campfire_upgraded":6,"path_taken":["M","$","?","?","M","R","?","R","T","?","?","M","R","M","R","BOSS","M","$","M","?","?","R","?","M","T","R","M","?","E","?","R","BOSS","M","?","?","$","M","R","M","M","T","M","?","M","E","M","R","BOSS"],"build_version":"2018-02-22-PROD2","purchased_purges":4,"victory":false,"master_deck":["Flex+1","Whirlwind+1","Dropkick+1","Flex+1","Offering+1","Clash","Dropkick+1","Seeing Red+1","Flex+1","Bite","Bite","Bite","Bite","Bite","Offering+1","Madness","Thunderclap+1"],"max_hp_per_floor":[80,80,80,80,80,80,80,80,80,80,80,80,80,80,80,80,80,80,80,80,80,80,80,80,80,80,80,80,56,56,56,56,56,56,56,56,56,56,56,56,56,56,63,63,63,63,63,63,63],"relics":["Lizard Tail","Bird Faced Urn","Runic Dome","Charon\u0027s Ashes","War Paint","Vajra","Philosopher\u0027s Stone","Strawberry","Bronze Scales"],"card_choices":[{"not_picked":["Uppercut","Wild Strike"],"picked":"Flex"},{"not_picked":["Searing Blow","Evolve"],"picked":"Whirlwind"},{"not_picked":["Twin Strike","Second Wind"],"picked":"Flex"},{"not_picked":["Feed","Impervious"],"picked":"Offering"},{"not_picked":["Warcry","True Grit"],"picked":"Clash"},{"not_picked":["Warcry","Ghostly Armor"],"picked":"Seeing Red"},{"not_picked":["Pummel","Thunderclap"],"picked":"Flex"},{"not_picked":["Wild Strike","Anger"],"picked":"Thunderclap"}],"player_experience":101382,"potions_floor_usage":[16,16,33,39,42,48,50],"damage_taken":[{"damage":0,"enemies":"Small Slimes","floor":1,"turns":3},{"damage":11,"enemies":"Jaw Worm","floor":5,"turns":2},{"damage":6,"enemies":"Cultist","floor":7,"turns":3},{"damage":7,"enemies":"Blue Slaver","floor":12,"turns":2},{"damage":11,"enemies":"3 Louse","floor":14,"turns":2},{"damage":9,"enemies":"Slime Boss","floor":16,"turns":6},{"damage":4,"enemies":"Chosen","floor":18,"turns":2},{"damage":10,"enemies":"Spheric Guardian","floor":20,"turns":3},{"damage":4,"enemies":"Chosen and Byrds","floor":24,"turns":3},{"damage":4,"enemies":"Sentry and Sphere","floor":25,"turns":2},{"damage":10,"enemies":"Cultist and Chosen","floor":28,"turns":2},{"damage":31,"enemies":"Gremlin Leader","floor":30,"turns":3},{"damage":47,"enemies":"Collector","floor":33,"turns":4},{"damage":0,"enemies":"3 Darklings","floor":35,"turns":1},{"damage":12,"enemies":"Orb Walker","floor":39,"turns":2},{"damage":8,"enemies":"Maw","floor":41,"turns":1},{"damage":73,"enemies":"4 Shapes","floor":42,"turns":3},{"damage":12,"enemies":"Sphere and 2 Shapes","floor":44,"turns":2},{"damage":8,"enemies":"3 Darklings","floor":46,"turns":1},{"damage":4,"enemies":"2 Orb Walkers","floor":47,"turns":1},{"damage":8,"enemies":"Maw","floor":48,"turns":2},{"damage":42,"enemies":"Time Eater","floor":50,"turns":2}],"event_choices":[{"event_name":"Liars Game","player_choice":"agreed","floor":3,"damage_taken":0},{"event_name":"Living Wall","player_choice":"Forget","floor":4,"damage_taken":0},{"event_name":"Golden Wing","player_choice":"Card Removal","floor":10,"damage_taken":0},{"event_name":"The Mausoleum","player_choice":"No","floor":22,"damage_taken":0},{"event_name":"Vampires","player_choice":"Became a vampire","floor":29,"damage_taken":0},{"event_name":"Bonfire Elementals","player_choice":"BASIC","floor":31,"damage_taken":0},{"event_name":"Duplicator","player_choice":"One dupe","floor":36,"damage_taken":0},{"event_name":"Winding Halls","player_choice":"Embrace Madness","floor":37,"damage_taken":0},{"event_name":"Mysterious Sphere","player_choice":"Ignore","floor":45,"damage_taken":0}],"boss_relics":[{"not_picked":["Runic Cube","Mark of Pain"],"picked":"Runic Dome"},{"not_picked":["Orrery","Tiny House"],"picked":"Philosopher\u0027s Stone"}],"potions_floor_spawned":[5,7,14,18,24,35,39,44],"seed_played":"-6017329328719796735","killed_by":"Time Eater","ascension_level":1,"is_trial":false}