{"path_per_floor":["M","?","M","M","$","E","R","?","T","E","M","T","$","$","R","B",null,"M","M","$","M","$"],"character_chosen":"IRONCLAD","items_purchased":["Bottled Tornado","Flame Barrier"],"gold_per_floor":[112,112,125,142,67,97,97,97,151,183,197,244,244,244,244,349,349,367,349,105,123,48],"floor_reached":23,"campfire_rested":1,"playtime":713,"current_hp_per_floor":[80,80,79,73,73,46,70,70,70,54,52,52,52,52,52,15,84,75,72,72,65,65],"items_purged":["Strike_R"],"gold":48,"score":199,"play_id":"89147c6a-cc00-4a0a-811b-225a060c7a8f","local_time":"20180308231624","is_prod":false,"is_daily":false,"is_ascension_mode":false,"campfire_upgraded":1,"timestamp":1520572584,"path_taken":["M","?","M","M","$","E","R","?","T","E","M","?","?","$","R","BOSS","M","M","$","M","$","E"],"build_version":"2018-03-01-PROD1","purchased_purges":1,"victory":false,"master_deck":["Strike_R","Strike_R","Strike_R","Defend_R","Defend_R","Defend_R","Defend_R","Bash","Armaments+1","Clothesline","Body Slam+1","Body Slam","Demon Form","Flame Barrier"],"max_hp_per_floor":[80,80,80,80,80,82,82,82,82,84,84,84,84,84,84,84,84,86,88,88,90,90],"relics":["Black Star","Juzu Bracelet","Singing Bowl","Anchor","Dodecahedron","Gremlin Horn","Vajra","Sozu","Bottled Tornado"],"card_choices":[{"not_picked":["True Grit","Iron Wave"],"picked":"Armaments"},{"not_picked":["Flex","Disarm"],"picked":"Clothesline"},{"not_picked":["Burning Pact","Entrench"],"picked":"Body Slam"},{"not_picked":["Flex","Sever Soul"],"picked":"Body Slam"},{"not_picked":["Limit Break","Feed"],"picked":"Demon Form"}],"player_experience":155352,"potions_floor_usage":[6,6,10],"damage_taken":[{"damage":0,"enemies":"Small Slimes","floor":1,"turns":3},{"damage":1,"enemies":"Cultist","floor":3,"turns":3},{"damage":6,"enemies":"Jaw Worm","floor":4,"turns":3},{"damage":29,"enemies":"3 Sentries","floor":6,"turns":9},{"damage":18,"enemies":"Lagavulin","floor":10,"turns":8},{"damage":2,"enemies":"Looter","floor":11,"turns":3},{"damage":37,"enemies":"Slime Boss","floor":16,"turns":11},{"damage":11,"enemies":"3 Byrds","floor":18,"turns":6},{"damage":5,"enemies":"2 Thieves","floor":19,"turns":4},{"damage":9,"enemies":"Centurion and Healer","floor":21,"turns":5},{"damage":67,"enemies":"Book of Stabbing","floor":23,"turns":7}],"event_choices":[{"event_name":"Bonfire Elementals","player_choice":"BASIC","floor":2,"damage_taken":0},{"event_name":"Living Wall","player_choice":"Grow","floor":8,"damage_taken":0}],"boss_relics":[{"not_picked":["Mark of Pain","Question Card"],"picked":"Sozu"}],"potions_floor_spawned":[3,4,6,16,18],"seed_played":"-8825417384097728745","killed_by":"Book of Stabbing","ascension_level":0,"is_trial":false}