{"path_per_floor":["M","?","$","M","?","R","M","M","T","R","M","M","?","?","R","B",null,"M","M","?","$","$","E","R","E","T","R","?","?","?","M","R","B",null,"M","?","?","T","M","R","?","T","T","R","?","R","$","M","R","B"],"character_chosen":"IRONCLAD","items_purchased":["Flex","Clash","Strength Potion","Bag of Preparation"],"gold_per_floor":[112,112,12,24,24,24,39,51,78,78,90,104,104,104,104,200,200,211,224,224,124,100,129,129,159,159,159,74,74,74,91,91,190,190,207,207,207,207,218,218,218,245,245,245,245,245,40,53,53,53],"floor_reached":51,"campfire_rested":5,"playtime":1032,"current_hp_per_floor":[78,83,83,72,72,72,61,48,48,73,73,56,39,32,57,13,85,59,43,43,43,43,25,50,42,42,42,42,26,26,22,49,15,90,86,75,75,75,67,67,67,67,67,67,67,90,90,82,82,23],"items_purged":["Defend_R","Defend_R"],"gold":53,"score":694,"play_id":"760e6640-b2ee-4268-a0f3-e082d8df0084","local_time":"20180312211257","is_prod":false,"is_daily":false,"is_ascension_mode":false,"campfire_upgraded":5,"timestamp":1520907177,"path_taken":["M","?","$","?","?","R","?","M","T","R","M","M","?","?","R","BOSS","M","?","?","?","$","E","R","E","T","R","?","?","?","M","R","BOSS","M","?","?","?","M","R","?","?","T","R","?","R","$","M","R","BOSS"],"build_version":"2018-03-09","purchased_purges":4,"victory":true,"master_deck":["Strike_R+1","Strike_R+1","Strike_R+1","Strike_R+1","Strike_R+1","Defend_R+1","Defend_R+1","Bash+1","Perfected Strike+1","Flex+1","Flex+1","Wild Strike","Twin Strike","Offering+1","Clash","Pommel Strike+1","Offering+1","Clash+1","Flex+1","Heavy Blade","Perfected Strike+1","Madness","Madness","Pommel Strike","Twin Strike"],"max_hp_per_floor":[80,85,85,85,85,85,85,85,85,85,85,85,85,85,85,85,85,85,85,85,85,85,85,85,85,85,85,85,90,90,90,90,90,90,90,90,90,90,90,90,90,90,90,90,90,90,90,90,90,90],"relics":["Runic Cube","Prayer Wheel","Blue Candle","Philosopher\u0027s Stone","Dream Catcher","Vajra","Juzu Bracelet","Lantern","Orrery","Ginger","Blood Vial","Bronze Scales","Bag of Preparation"],"card_choices":[{"not_picked":["Searing Blow","Combust"],"picked":"Perfected Strike"},{"not_picked":["True Grit","Iron Wave"],"picked":"Flex"},{"not_picked":["Carnage","Headbutt"],"picked":"Wild Strike"},{"not_picked":["Heavy Blade","Reaper"],"picked":"Twin Strike"},{"not_picked":["Dark Embrace","Fiend Fire"],"picked":"Offering"},{"not_picked":["Berserk","Reckless Charge"],"picked":"Pommel Strike"},{"not_picked":["Carnage","Clothesline"],"picked":"Offering"},{"not_picked":["Cleave","Carnage"],"picked":"Clash"},{"not_picked":["Sword Boomerang","Dropkick"],"picked":"Flex"},{"not_picked":["Wild Strike","Havoc"],"picked":"Heavy Blade"},{"not_picked":["Bludgeon","Havoc"],"picked":"Perfected Strike"},{"not_picked":["Warcry","Twin Strike"],"picked":"Pommel Strike"},{"not_picked":["Power Through","Thunderclap"],"picked":"Twin Strike"}],"player_experience":169654,"potions_floor_usage":[8,16,16,18,25,50,50,50],"damage_taken":[{"damage":2,"enemies":"Small Slimes","floor":1,"turns":4},{"damage":11,"enemies":"Jaw Worm","floor":4,"turns":2},{"damage":11,"enemies":"2 Louse","floor":7,"turns":2},{"damage":13,"enemies":"Lots of Slimes","floor":8,"turns":3},{"damage":0,"enemies":"Large Slime","floor":11,"turns":2},{"damage":17,"enemies":"3 Louse","floor":12,"turns":2},{"damage":44,"enemies":"Slime Boss","floor":16,"turns":8},{"damage":26,"enemies":"3 Byrds","floor":18,"turns":4},{"damage":16,"enemies":"Shell Parasite","floor":19,"turns":2},{"damage":18,"enemies":"Gremlin Leader","floor":23,"turns":5},{"damage":8,"enemies":"Book of Stabbing","floor":25,"turns":2},{"damage":4,"enemies":"Centurion and Healer","floor":31,"turns":2},{"damage":34,"enemies":"Automaton","floor":33,"turns":6},{"damage":4,"enemies":"Orb Walker","floor":35,"turns":1},{"damage":8,"enemies":"3 Darklings","floor":39,"turns":1},{"damage":8,"enemies":"Maw","floor":48,"turns":2},{"damage":61,"enemies":"Donu and Deca","floor":50,"turns":4}],"event_choices":[{"event_name":"Big Fish","player_choice":"Donut","floor":2,"damage_taken":0},{"event_name":"Living Wall","player_choice":"Grow","floor":5,"damage_taken":0},{"event_name":"Shining Light","player_choice":"Entered Light","floor":13,"damage_taken":0},{"event_name":"Scrap Ooze","player_choice":"success","floor":14,"damage_taken":7},{"event_name":"Drug Dealer","player_choice":"Ignored","floor":20,"damage_taken":0},{"event_name":"Addict","player_choice":"Obtained Relic","floor":28,"damage_taken":0},{"event_name":"Forgotten Altar","player_choice":"Shed Blood","floor":29,"damage_taken":0},{"event_name":"Back to Basics","player_choice":"Simplicity","floor":30,"damage_taken":0},{"event_name":"Winding Halls","player_choice":"Embrace Madness","floor":36,"damage_taken":0},{"event_name":"The Lab","player_choice":"Got Potions","floor":37,"damage_taken":0},{"event_name":"Tomb of Lord Red Mask","player_choice":"Ignored","floor":41,"damage_taken":0},{"event_name":"Mysterious Sphere","player_choice":"Ignore","floor":45,"damage_taken":0}],"boss_relics":[{"not_picked":["Question Card","Velvet Choker"],"picked":"Philosopher\u0027s Stone"},{"not_picked":["Mark of Pain","Runic Pyramid"],"picked":"Orrery"}],"potions_floor_spawned":[1,7,8,16,23,25,48],"seed_played":"-9140890940592018382","ascension_level":0,"is_trial":false}