{"path_per_floor":["M","M","$","M","M","R","M","?","T","?","R","T","$","M","R","B",null,"M","?","?","?","M","R","M","?","T","?","R","M","E","$","R","B",null,"M","?","$","M","?"],"character_chosen":"IRONCLAD","items_purchased":["Energy Potion","Offering","Blood Vial"],"gold_per_floor":[116,134,7,17,29,29,43,43,43,43,43,89,89,109,109,207,207,220,220,220,190,201,201,215,140,140,140,140,160,186,67,67,166,196,207,207,9,21,21],"floor_reached":40,"campfire_rested":4,"playtime":848,"current_hp_per_floor":[80,80,80,78,71,71,67,67,81,81,81,81,81,75,94,39,94,94,75,59,59,25,54,47,47,47,47,76,45,44,44,73,9,104,94,81,81,61,61],"items_purged":["Defend_R","Strike_R"],"gold":21,"score":419,"play_id":"65631509-907a-4b42-a6dc-a7000c9744ff","local_time":"20180309215349","is_prod":false,"is_daily":false,"is_ascension_mode":false,"campfire_upgraded":2,"timestamp":1520654029,"path_taken":["M","M","$","M","?","R","M","?","T","?","R","?","$","M","R","BOSS","M","?","?","?","M","R","?","?","T","?","R","?","E","$","R","BOSS","M","?","$","M","?","E"],"build_version":"2018-03-09","purchased_purges":2,"victory":false,"master_deck":["Strike_R","Strike_R","Strike_R","Strike_R","Defend_R+1","Bash","Whirlwind+1","Flex+1","Flex+1","Battle Trance","Metallicize","Whirlwind+1","Heavy Blade","Dropkick","Bloodletting","Offering","Offering","Bloodletting","Heavy Blade+1","Madness","Madness"],"max_hp_per_floor":[80,80,80,80,80,80,80,80,94,94,94,94,94,94,94,94,94,94,99,99,99,99,99,99,99,99,99,99,99,99,99,99,99,104,104,104,104,104,104],"relics":["Burning Blood","Mango","War Paint","Orrery","Nilry\u0027s Codex","Vajra","The Courier","Tiny House","Blood Vial"],"card_choices":[{"not_picked":["Battle Trance","Anger"],"picked":"Whirlwind"},{"not_picked":["Headbutt","Clothesline"],"picked":"Flex"},{"not_picked":["Warcry","Thunderclap"],"picked":"Flex"},{"not_picked":["Heavy Blade","Clothesline"],"picked":"Battle Trance"},{"not_picked":["Carnage","Anger"],"picked":"Whirlwind"},{"not_picked":["Fire Breathing","Flex"],"picked":"Heavy Blade"},{"not_picked":["Second Wind","Headbutt"],"picked":"Dropkick"},{"not_picked":["Pommel Strike","Warcry"],"picked":"Bloodletting"},{"not_picked":["Brutality","Reaper"],"picked":"Offering"},{"not_picked":["Shrug It Off","Metallicize"],"picked":"Bloodletting"},{"not_picked":["Blood for Blood","Evolve"],"picked":"Heavy Blade"}],"player_experience":158485,"potions_floor_usage":[5,16,16,22,22,30,33,40],"damage_taken":[{"damage":6,"enemies":"Cultist","floor":1,"turns":4},{"damage":0,"enemies":"2 Louse","floor":2,"turns":1},{"damage":8,"enemies":"Small Slimes","floor":4,"turns":2},{"damage":13,"enemies":"Exordium Thugs","floor":5,"turns":3},{"damage":10,"enemies":"Looter","floor":7,"turns":2},{"damage":12,"enemies":"Blue Slaver","floor":14,"turns":2},{"damage":61,"enemies":"Hexaghost","floor":16,"turns":8},{"damage":6,"enemies":"3 Byrds","floor":18,"turns":3},{"damage":40,"enemies":"Shell Parasite","floor":22,"turns":4},{"damage":13,"enemies":"Chosen and Byrds","floor":24,"turns":4},{"damage":37,"enemies":"Slaver and Parasite","floor":29,"turns":4},{"damage":7,"enemies":"Slavers","floor":30,"turns":2},{"damage":70,"enemies":"Champ","floor":33,"turns":8},{"damage":16,"enemies":"3 Shapes","floor":35,"turns":1},{"damage":28,"enemies":"3 Darklings","floor":38,"turns":2},{"damage":89,"enemies":"Giant Head","floor":40,"turns":6}],"event_choices":[{"event_name":"Transmorgrifier","player_choice":"Transform","floor":8,"damage_taken":0},{"event_name":"Upgrade Shrine","player_choice":"Upgraded","floor":10,"damage_taken":0},{"event_name":"Forgotten Altar","player_choice":"Shed Blood","floor":19,"damage_taken":0},{"event_name":"Cursed Tome","player_choice":"Obtained Book","floor":20,"damage_taken":0},{"event_name":"The Woman in Blue","player_choice":"Bought 2 Potions","floor":21,"damage_taken":0},{"event_name":"Beggar","player_choice":"Gave Gold","floor":25,"damage_taken":0},{"event_name":"Vampires","player_choice":"Ignored","floor":27,"damage_taken":0},{"event_name":"Winding Halls","player_choice":"Embrace Madness","floor":36,"damage_taken":0},{"event_name":"Mysterious Sphere","player_choice":"Ignore","floor":39,"damage_taken":0}],"boss_relics":[{"not_picked":["Pandora\u0027s Box","Question Card"],"picked":"Orrery"},{"not_picked":["Velvet Choker","Black Star"],"picked":"Tiny House"}],"potions_floor_spawned":[1,4,18,29,30,35],"seed_played":"-2436716506853771445","killed_by":"Giant Head","ascension_level":0,"is_trial":false}