{"path_per_floor":["M","?","?","M","$","R","M","?","T","$","M","M","M","E","R","B",null,"M","?","?","M","M","R","?"],"character_chosen":"IRONCLAD","items_purchased":["Flex"],"gold_per_floor":[99,99,99,99,75,75,75,75,75,75,75,75,75,75,75,75,75,75,75,75,75,75,75,75],"floor_reached":25,"campfire_rested":2,"playtime":411,"current_hp_per_floor":[80,80,69,58,58,58,56,56,56,56,49,41,41,27,51,33,80,80,80,56,41,9,25,16],"items_purged":[],"gold":75,"score":229,"play_id":"a7bee559-f299-46b1-a064-cc918322ddaa","local_time":"20180311102423","is_prod":false,"is_daily":false,"is_ascension_mode":false,"campfire_upgraded":1,"timestamp":1520781863,"path_taken":["M","?","?","?","$","R","M","?","T","?","?","M","M","E","R","BOSS","M","?","?","M","M","R","?","?"],"build_version":"2018-03-09","purchased_purges":0,"victory":false,"master_deck":["Defend_R","Defend_R","Defend_R","Defend_R","Bash","Heavy Blade+1","Twin Strike","Flex+1","Heavy Blade","Thunderclap","Bite","Bite","Bite","Bite","Bite"],"max_hp_per_floor":[80,80,80,80,80,80,80,80,80,80,80,80,80,80,80,80,80,80,80,56,56,56,56,61],"relics":["Ectoplasm","Bag of Marbles","Frozen Egg 2","Velvet Choker"],"card_choices":[{"not_picked":["Sentinel","Havoc"],"picked":"Heavy Blade"},{"not_picked":["Seeing Red","Headbutt"],"picked":"Twin Strike"},{"not_picked":["Immolate","Body Slam"],"picked":"Heavy Blade"},{"not_picked":["Clash","Rage"],"picked":"Thunderclap"}],"player_experience":166666,"potions_floor_usage":[12,13,16,16,22,25],"damage_taken":[{"damage":0,"enemies":"Small Slimes","floor":1,"turns":3},{"damage":11,"enemies":"Jaw Worm","floor":4,"turns":2},{"damage":2,"enemies":"2 Louse","floor":7,"turns":2},{"damage":7,"enemies":"Blue Slaver","floor":11,"turns":2},{"damage":8,"enemies":"Lots of Slimes","floor":12,"turns":3},{"damage":0,"enemies":"Large Slime","floor":13,"turns":1},{"damage":14,"enemies":"3 Sentries","floor":14,"turns":5},{"damage":18,"enemies":"Hexaghost","floor":16,"turns":8},{"damage":0,"enemies":"Chosen","floor":18,"turns":4},{"damage":17,"enemies":"Shell Parasite","floor":21,"turns":3},{"damage":48,"enemies":"Sentry and Sphere","floor":22,"turns":6},{"damage":9,"enemies":"Slaver and Parasite","floor":25,"turns":2}],"event_choices":[{"event_name":"Living Wall","player_choice":"Grow","floor":2,"damage_taken":0},{"event_name":"World of Goop","player_choice":"Gather Gold","floor":3,"damage_taken":0},{"event_name":"Liars Game","player_choice":"disagreed","floor":8,"damage_taken":0},{"event_name":"Addict","player_choice":"Ignored","floor":19,"damage_taken":0},{"event_name":"Vampires","player_choice":"Became a vampire","floor":20,"damage_taken":0},{"event_name":"Forgotten Altar","player_choice":"Shed Blood","floor":24,"damage_taken":0}],"boss_relics":[{"not_picked":["Black Star","Runic Cube"],"picked":"Velvet Choker"}],"potions_floor_spawned":[1,7,12,14,18,22],"seed_played":"-8119121040506678119","killed_by":"Slaver and Parasite","ascension_level":0,"is_trial":false}