{"path_per_floor":["M","?","?","?","?","R","$","?","T","$","?","R","$","M","R","B",null,"M","?","?","M","?","E","R","T","T","$","R","?","$","?","R","B",null,"M","M","T","?","M","R","?","R","T","T","E","?","M","?","R"],"character_chosen":"IRONCLAD","items_purchased":["Whirlwind","Shuriken","Offering"],"gold_per_floor":[113,113,113,113,73,73,73,73,126,51,126,126,44,62,62,190,190,214,214,214,229,229,260,260,314,339,93,93,93,24,24,24,120,120,137,154,154,154,174,174,174,174,198,223,256,0,20,20,20],"floor_reached":50,"campfire_rested":4,"playtime":842,"current_hp_per_floor":[80,64,64,64,64,64,64,64,64,64,53,53,53,48,69,40,71,63,63,63,65,65,52,52,62,67,67,67,67,67,67,80,28,80,70,71,71,71,45,45,45,69,74,79,51,51,52,52,76],"items_purged":["Parasite"],"gold":20,"score":440,"play_id":"36fde12e-8313-4256-bbbc-8665b9b71336","local_time":"20180307122512","is_prod":false,"is_daily":false,"is_ascension_mode":false,"campfire_upgraded":5,"timestamp":1520447112,"path_taken":["M","?","?","?","?","R","?","?","T","$","?","R","$","M","R","BOSS","M","?","?","M","?","E","R","?","T","?","R","?","$","?","R","BOSS","M","M","?","?","M","R","?","R","T","?","E","?","M","?","R","BOSS"],"build_version":"2018-03-01-PROD1","purchased_purges":1,"victory":false,"master_deck":["Strike_R+1","Strike_R+1","Strike_R+1","Strike_R+1","Strike_R+1","Defend_R+1","Defend_R+1","Defend_R+1","Bash+1","Flex+1","Whirlwind+1","Feed","Whirlwind+1","Offering+1","Inflame+1","Clash+1"],"max_hp_per_floor":[80,80,80,80,80,80,80,74,74,71,71,71,71,71,71,71,71,74,74,74,77,77,80,80,80,80,80,80,80,80,80,80,80,80,80,80,80,80,80,80,80,80,80,80,80,80,80,80,80],"relics":["Calling Bell","Orichalcum","Juzu Bracelet","Mummified Hand","Bloody Idol","Vajra","Sozu","Art of War","Tiny Chest","Omamori","Shuriken","Spirit Poop","Velvet Choker","War Paint","Anchor","Pen Nib","Bag of Preparation","Red Mask"],"card_choices":[{"not_picked":["Clothesline","Anger"],"picked":"Flex"},{"not_picked":["Immolate","Fiend Fire"],"picked":"Feed"},{"not_picked":["Havoc","Twin Strike"],"picked":"Inflame"},{"not_picked":["Perfected Strike","Flame Barrier"],"picked":"Clash"}],"player_experience":150362,"potions_floor_usage":[16,16,23],"damage_taken":[{"damage":0,"enemies":"Cultist","floor":1,"turns":3},{"damage":5,"enemies":"Jaw Worm","floor":14,"turns":2},{"damage":29,"enemies":"The Guardian","floor":16,"turns":9},{"damage":11,"enemies":"Shell Parasite","floor":18,"turns":5},{"damage":11,"enemies":"2 Thieves","floor":21,"turns":3},{"damage":33,"enemies":"Gremlin Leader","floor":23,"turns":5},{"damage":57,"enemies":"Automaton","floor":33,"turns":10},{"damage":15,"enemies":"3 Darklings","floor":35,"turns":3},{"damage":4,"enemies":"Orb Walker","floor":36,"turns":1},{"damage":31,"enemies":"4 Shapes","floor":39,"turns":2},{"damage":33,"enemies":"Giant Head","floor":45,"turns":6},{"damage":4,"enemies":"3 Darklings","floor":47,"turns":1},{"damage":86,"enemies":"Awakened One","floor":50,"turns":6}],"event_choices":[{"event_name":"Shining Light","player_choice":"Entered Light","floor":2,"damage_taken":0},{"event_name":"Upgrade Shrine","player_choice":"Upgraded","floor":3,"damage_taken":0},{"event_name":"Liars Game","player_choice":"disagreed","floor":4,"damage_taken":0},{"event_name":"The Woman in Blue","player_choice":"Bought 3 Potions","floor":5,"damage_taken":0},{"event_name":"Golden Idol","player_choice":"Lose Max HP","floor":8,"damage_taken":0},{"event_name":"World of Goop","player_choice":"Gather Gold","floor":11,"damage_taken":0},{"event_name":"The Mausoleum","player_choice":"No","floor":19,"damage_taken":0},{"event_name":"Forgotten Altar","player_choice":"Gave Idol","floor":20,"damage_taken":0},{"event_name":"The Library","player_choice":"Read","floor":22,"damage_taken":0},{"event_name":"Bonfire Elementals","player_choice":"CURSE","floor":29,"damage_taken":0},{"event_name":"Back to Basics","player_choice":"Simplicity","floor":31,"damage_taken":0},{"event_name":"Fountain of Cleansing","player_choice":"Removed Curse","floor":38,"damage_taken":0},{"event_name":"Mysterious Sphere","player_choice":"Ignore","floor":41,"damage_taken":0},{"event_name":"Tomb of Lord Red Mask","player_choice":"Paid","floor":46,"damage_taken":0}],"boss_relics":[{"not_picked":["Snecko Eye","Runic Dome"],"picked":"Sozu"},{"not_picked":["Mark of Pain","Tiny House"],"picked":"Velvet Choker"}],"potions_floor_spawned":[21,33,36,39],"seed_played":"9110974810541555857","killed_by":"Awakened One","ascension_level":0,"is_trial":false}