{"path_per_floor":["M","?","?","M","T","E","R","M","T","$","R","M","$","?","R","B",null,"M","M","$","?","M","R","M","R","T","R","?","M","$","M","R","B",null,"M","?","$","T","M","E","R","M","T","?","M","R","M","M","R","B"],"character_chosen":"IRONCLAD","items_purchased":["Flex","Lantern"],"gold_per_floor":[109,184,184,195,249,281,281,299,299,171,171,186,86,186,186,286,286,296,307,182,182,194,194,208,208,231,231,231,243,88,104,104,202,202,216,216,66,111,129,163,163,178,178,178,197,197,209,225,225,225],"floor_reached":51,"campfire_rested":2,"playtime":705,"current_hp_per_floor":[72,61,61,59,59,51,75,79,79,79,79,80,80,80,80,12,80,78,78,78,63,63,63,63,63,63,63,63,63,63,67,67,63,85,85,85,85,85,85,85,85,85,85,85,85,85,85,72,85,56],"items_purged":["Defend_R","Defend_R","Strike_R","Strike_R"],"gold":225,"score":677,"play_id":"a0133908-2863-4b6f-a4eb-4ad68be4e4c9","local_time":"20180311103626","is_prod":false,"is_daily":false,"is_ascension_mode":false,"campfire_upgraded":8,"timestamp":1520782586,"path_taken":["M","?","?","?","?","E","R","M","T","$","R","M","?","?","R","BOSS","M","M","$","?","M","R","M","R","T","R","?","M","$","M","R","BOSS","M","?","?","?","M","E","R","M","T","?","M","R","M","M","R","BOSS"],"build_version":"2018-03-09","purchased_purges":4,"victory":true,"master_deck":["Strike_R","Strike_R","Strike_R","Bash+1","Offering+1","Flex+1","Thunderclap+1","Exhume+1","Dropkick+1","Whirlwind+1","Exhume+1","Flex+1"],"max_hp_per_floor":[80,80,80,80,80,80,80,80,80,80,80,80,80,80,80,80,80,80,80,80,85,85,85,85,85,85,85,85,85,85,85,85,85,85,85,85,85,85,85,85,85,85,85,85,85,85,85,85,85,85],"relics":["Black Blood","Happy Flower","Blood Vial","Juzu Bracelet","Sozu","War Paint","Lantern","Bag of Marbles","Molten Egg 2","Du-Vu Doll"],"card_choices":[{"not_picked":["Thunderclap","Clash"],"picked":"Offering"},{"not_picked":["Feel No Pain","Warcry"],"picked":"Thunderclap"},{"not_picked":["Juggernaut","Barricade"],"picked":"Exhume"},{"not_picked":["Havoc","Second Wind"],"picked":"Dropkick"},{"not_picked":["Body Slam","Rage"],"picked":"Whirlwind"},{"not_picked":["Headbutt","Havoc"],"picked":"Exhume"}],"player_experience":167077,"potions_floor_usage":[6,16],"damage_taken":[{"damage":14,"enemies":"Jaw Worm","floor":1,"turns":4},{"damage":8,"enemies":"2 Louse","floor":4,"turns":2},{"damage":14,"enemies":"Gremlin Nob","floor":6,"turns":3},{"damage":4,"enemies":"Small Slimes","floor":8,"turns":3},{"damage":4,"enemies":"Blue Slaver","floor":12,"turns":1},{"damage":74,"enemies":"The Guardian","floor":16,"turns":6},{"damage":8,"enemies":"Spheric Guardian","floor":18,"turns":2},{"damage":8,"enemies":"Chosen","floor":19,"turns":1},{"damage":8,"enemies":"Sentry and Sphere","floor":22,"turns":1},{"damage":8,"enemies":"Snake Plant","floor":24,"turns":1},{"damage":8,"enemies":"Centurion and Healer","floor":29,"turns":2},{"damage":4,"enemies":"3 Cultists","floor":31,"turns":1},{"damage":12,"enemies":"Collector","floor":33,"turns":2},{"damage":8,"enemies":"Orb Walker","floor":35,"turns":1},{"damage":0,"enemies":"3 Darklings","floor":39,"turns":1},{"damage":8,"enemies":"Nemesis","floor":40,"turns":1},{"damage":8,"enemies":"Sphere and 2 Shapes","floor":42,"turns":1},{"damage":8,"enemies":"Maw","floor":45,"turns":1},{"damage":9,"enemies":"4 Shapes","floor":47,"turns":1},{"damage":23,"enemies":"3 Darklings","floor":48,"turns":2},{"damage":39,"enemies":"Time Eater","floor":50,"turns":2}],"event_choices":[{"event_name":"World of Goop","player_choice":"Gather Gold","floor":2,"damage_taken":0},{"event_name":"Purifier","player_choice":"One Purge","floor":3,"damage_taken":0},{"event_name":"Golden Shrine","player_choice":"Pray","floor":14,"damage_taken":0},{"event_name":"Forgotten Altar","player_choice":"Shed Blood","floor":21,"damage_taken":0},{"event_name":"The Mausoleum","player_choice":"No","floor":28,"damage_taken":0},{"event_name":"Duplicator","player_choice":"One dupe","floor":36,"damage_taken":0},{"event_name":"Tomb of Lord Red Mask","player_choice":"Ignored","floor":44,"damage_taken":0}],"boss_relics":[{"not_picked":["Velvet Choker","Eternal Feather"],"picked":"Sozu"},{"not_picked":["Runic Dome","Pandora\u0027s Box"],"picked":"Black Blood"}],"potions_floor_spawned":[4,8,19,22,31,33,39,40,45,47],"seed_played":"-5038227531213417243","ascension_level":0,"is_trial":false}