{"path_per_floor":["M","$","M","?","M","R","$","R","T","M","M","M","?","M","R","B",null,"M","M","?","M"],"character_chosen":"IRONCLAD","items_purchased":["Shrug It Off"],"gold_per_floor":[118,43,53,53,69,69,46,46,73,84,95,110,110,129,129,231,231,247,261,261,280],"floor_reached":22,"campfire_rested":1,"playtime":563,"current_hp_per_floor":[80,80,80,73,71,71,71,71,71,70,60,66,50,51,75,29,80,75,54,39,17],"items_purged":["Defend_R"],"gold":280,"score":180,"play_id":"3a45d95d-a29a-4358-84a4-c75abe99bf49","local_time":"20180309211001","is_prod":false,"is_daily":false,"is_ascension_mode":false,"campfire_upgraded":2,"timestamp":1520651401,"path_taken":["M","$","M","?","M","R","?","R","T","M","M","?","?","?","R","BOSS","M","M","?","M","M"],"build_version":"2018-03-09","purchased_purges":1,"victory":false,"master_deck":["Strike_R","Strike_R+1","Strike_R","Strike_R","Strike_R","Defend_R","Defend_R+1","Defend_R","Bash+1","Armaments+1","Shrug It Off","Whirlwind","Perfected Strike","Bludgeon","Flex","Twin Strike"],"max_hp_per_floor":[80,80,80,80,80,80,80,80,80,80,80,80,80,80,80,80,80,80,80,85,85],"relics":["Burning Blood","Self Forming Clay","Vajra","Runic Cube"],"card_choices":[{"not_picked":["Body Slam","Warcry"],"picked":"Armaments"},{"not_picked":["Exhume","Perfected Strike"],"picked":"Whirlwind"},{"not_picked":["Flame Barrier","Ghostly Armor"],"picked":"Perfected Strike"},{"not_picked":["Impervious","Berserk"],"picked":"Bludgeon"},{"not_picked":["Sword Boomerang","True Grit"],"picked":"Flex"},{"not_picked":["Combust","Shockwave"],"picked":"Twin Strike"}],"player_experience":156211,"potions_floor_usage":[],"damage_taken":[{"damage":1.0,"enemies":"Jaw Worm","floor":1.0,"turns":3.0},{"damage":6.0,"enemies":"Cultist","floor":3.0,"turns":3.0},{"damage":8.0,"enemies":"2 Louse","floor":5.0,"turns":3.0},{"damage":7.0,"enemies":"2 Fungi Beasts","floor":10.0,"turns":3.0},{"damage":16.0,"enemies":"Large Slime","floor":11.0,"turns":3.0},{"damage":0.0,"enemies":"Red Slaver","floor":12.0,"turns":4.0},{"damage":5.0,"enemies":"Looter","floor":14.0,"turns":2.0},{"damage":67.0,"enemies":"Hexaghost","floor":16.0,"turns":9.0},{"damage":11,"enemies":"Spheric Guardian","floor":18,"turns":5},{"damage":27,"enemies":"Shell Parasite","floor":19,"turns":4},{"damage":28,"enemies":"3 Cultists","floor":21,"turns":5},{"damage":18,"enemies":"Snake Plant","floor":22,"turns":4}],"event_choices":[{"event_name":"Scrap Ooze","player_choice":"success","floor":4.0,"damage_taken":7.0},{"event_name":"Shining Light","player_choice":"Entered Light","floor":13.0,"damage_taken":0.0},{"event_name":"Forgotten Altar","player_choice":"Shed Blood","floor":20,"damage_taken":0}],"boss_relics":[{"not_picked":["Question Card","Black Star"],"picked":"Runic Cube"}],"potions_floor_spawned":[1,11,12,14],"seed_played":"45287806356333873","killed_by":"Snake Plant","ascension_level":0,"is_trial":false}