{"path_per_floor":["M","?","?","$","?","E","R","$","T","E","M","R","$","?","R","B",null,"M","?","?","?","$","E","R","?","T","M","$","E","?","M","R","B",null,"M","$","M","?","?","R","?","M","T","M","?","?","M","?","R","B"],"character_chosen":"IRONCLAD","items_purchased":["Thunderclap"],"gold_per_floor":[111,111,111,36,36,67,67,67,94,125,142,142,42,42,42,142,142,159,159,84,84,62,91,91,91,91,109,109,135,135,147,147,246,246,260,260,273,273,273,273,373,387,387,403,403,403,414,414,414,414],"floor_reached":51,"campfire_rested":2,"playtime":1004,"current_hp_per_floor":[79,63,63,63,63,59,59,59,59,38,42,66,66,66,66,72,80,61,61,61,61,61,46,46,46,46,54,54,47,32,36,61,34,85,71,71,73,62,62,62,62,70,70,45,45,45,41,74,74,52],"items_purged":["Defend_R","Defend_R"],"gold":414,"score":977,"play_id":"7da0bafc-36ac-4785-ac28-c62fa65abc49","local_time":"20180316234859","is_prod":false,"is_daily":false,"is_ascension_mode":true,"campfire_upgraded":5,"timestamp":1521262139,"path_taken":["M","?","?","$","?","E","R","?","T","E","M","R","$","?","R","BOSS","M","?","?","?","$","E","R","?","T","M","$","E","?","M","R","BOSS","M","$","M","?","?","R","?","M","T","M","?","?","?","?","R","BOSS"],"build_version":"2018-03-15v2","purchased_purges":3,"victory":true,"master_deck":["Strike_R+1","Strike_R+1","Strike_R+1","Strike_R+1","Bash+1","Perfected Strike+1","Flex+1","Twin Strike+1","Disarm+1","Rage+1","Pommel Strike","Thunderclap+1","Twin Strike","Clash","Rage+1","Flex+1","Madness+1","Madness+1","Clash+1"],"max_hp_per_floor":[80,80,80,80,80,80,80,80,80,80,80,80,80,80,80,80,80,80,80,80,80,80,80,80,80,80,80,80,80,85,85,85,85,85,85,85,85,85,85,85,85,85,85,85,85,85,85,74,74,74],"relics":["Burning Blood","Du-Vu Doll","Self Forming Clay","Bag of Preparation","Anchor","Astrolabe","Blood Vial","Champion Belt","Pen Nib","Runic Cube","Ginger"],"card_choices":[{"not_picked":["Reckless Charge","Flex"],"picked":"Perfected Strike"},{"not_picked":["Headbutt","Juggernaut"],"picked":"Flex"},{"not_picked":["Armaments","Corruption"],"picked":"Twin Strike"},{"not_picked":["Brutality","Immolate"],"picked":"Double Tap"},{"not_picked":["Hemokinesis","Seeing Red"],"picked":"Pommel Strike"},{"not_picked":["Shockwave","Body Slam"],"picked":"Twin Strike"},{"not_picked":["Rupture","True Grit"],"picked":"Clash"},{"not_picked":["Armaments","Uppercut"],"picked":"Rage"},{"not_picked":["Warcry","Clothesline"],"picked":"Flex"},{"not_picked":["Rampage","Clothesline"],"picked":"Clash"}],"player_experience":196058,"potions_floor_usage":[6,27,33,33,37,50,50],"damage_taken":[{"damage":7,"enemies":"2 Louse","floor":1,"turns":2},{"damage":10,"enemies":"Gremlin Nob","floor":6,"turns":3},{"damage":27,"enemies":"Lagavulin","floor":10,"turns":4},{"damage":2,"enemies":"Jaw Worm","floor":11,"turns":2},{"damage":0,"enemies":"Slime Boss","floor":16,"turns":5},{"damage":25,"enemies":"2 Thieves","floor":18,"turns":4},{"damage":21,"enemies":"Slavers","floor":23,"turns":5},{"damage":0,"enemies":"Chosen","floor":27,"turns":2},{"damage":15,"enemies":"Book of Stabbing","floor":29,"turns":4},{"damage":4,"enemies":"Slaver and Parasite","floor":31,"turns":4},{"damage":35,"enemies":"Collector","floor":33,"turns":5},{"damage":20,"enemies":"3 Darklings","floor":35,"turns":4},{"damage":6,"enemies":"Orb Walker","floor":37,"turns":2},{"damage":0,"enemies":"Sphere and 2 Shapes","floor":42,"turns":3},{"damage":33,"enemies":"3 Darklings","floor":44,"turns":3},{"damage":12,"enemies":"4 Shapes","floor":47,"turns":3},{"damage":43,"enemies":"Awakened One","floor":50,"turns":9}],"event_choices":[{"event_name":"Shining Light","player_choice":"Entered Light","floor":2,"damage_taken":0},{"event_name":"Fountain of Cleansing","player_choice":"Removed Curse","floor":3,"damage_taken":0},{"event_name":"Transmorgrifier","player_choice":"Transform","floor":5,"damage_taken":0},{"event_name":"Living Wall","player_choice":"Grow","floor":14,"damage_taken":0},{"event_name":"The Mausoleum","player_choice":"No","floor":19,"damage_taken":0},{"event_name":"Beggar","player_choice":"Gave Gold","floor":20,"damage_taken":0},{"event_name":"Drug Dealer","player_choice":"Ignored","floor":21,"damage_taken":0},{"event_name":"Back to Basics","player_choice":"Simplicity","floor":25,"damage_taken":0},{"event_name":"Forgotten Altar","player_choice":"Shed Blood","floor":30,"damage_taken":0},{"event_name":"Winding Halls","player_choice":"Embrace Madness","floor":38,"damage_taken":0},{"event_name":"Golden Shrine","player_choice":"Pray","floor":41,"damage_taken":0},{"event_name":"Tomb of Lord Red Mask","player_choice":"Ignored","floor":45,"damage_taken":0},{"event_name":"Mysterious Sphere","player_choice":"Ignore","floor":46,"damage_taken":0},{"event_name":"The Moai Head","player_choice":"Heal","floor":48,"damage_taken":0}],"boss_relics":[{"not_picked":["Pandora\u0027s Box","Black Blood"],"picked":"Astrolabe"},{"not_picked":["Mark of Pain","Snecko Eye"],"picked":"Runic Cube"}],"potions_floor_spawned":[1,11,23,27,35,42,44],"seed_played":"-5022641065560911313","ascension_level":4,"is_trial":false}