{"path_per_floor":["M","?","M","$","?","R","E","R","T","T","M","E","R","M","R","B",null,"M","$","M","$","M","R","M"],"character_chosen":"IRONCLAD","items_purchased":["Flash of Steel","Gremlin Horn"],"gold_per_floor":[114,114,139,47,47,47,87,87,155,202,222,293,293,311,311,436,436,452,134,148,48,62,62,75],"floor_reached":25,"campfire_rested":2,"playtime":504,"current_hp_per_floor":[80,74,74,74,74,74,74,74,74,74,74,50,50,44,66,7,74,54,54,49,49,33,59,34],"items_purged":["Defend_R","Defend_R"],"gold":75,"score":283,"play_id":"75a4e3c9-8178-4843-b87b-43e1311ab49d","local_time":"20180316230139","is_prod":false,"is_daily":false,"is_ascension_mode":true,"campfire_upgraded":3,"timestamp":1521259299,"path_taken":["M","?","?","$","?","R","E","R","T","?","M","E","R","M","R","BOSS","M","$","M","?","?","R","M","E"],"build_version":"2018-03-15v2","purchased_purges":2,"victory":false,"master_deck":["Strike_R","Strike_R","Strike_R","Strike_R","Strike_R","Defend_R","Bash+1","Dropkick","Flash of Steel+1","Flex+1","Clash+1"],"max_hp_per_floor":[80,74,74,74,74,74,74,74,74,74,74,74,74,74,74,74,74,74,74,74,74,74,74,74],"relics":["Burning Blood","NeowsBlessing","Golden Idol","Dodecahedron","Molten Egg 2","Art of War","Tiny Chest","Eternal Feather","Gremlin Horn"],"card_choices":[{"not_picked":["Armaments","Havoc"],"picked":"Dropkick"},{"not_picked":["Rampage","Juggernaut"],"picked":"Flex"},{"not_picked":["Perfected Strike","Shockwave"],"picked":"Clash"}],"player_experience":193764,"potions_floor_usage":[12,16,16,25,25],"damage_taken":[{"damage":0,"enemies":"Jaw Worm","floor":1,"turns":1},{"damage":0,"enemies":"Small Slimes","floor":3,"turns":1},{"damage":0,"enemies":"3 Sentries","floor":7,"turns":1},{"damage":0,"enemies":"Cultist","floor":11,"turns":2},{"damage":30,"enemies":"Lagavulin","floor":12,"turns":4},{"damage":12,"enemies":"Gremlin Gang","floor":14,"turns":3},{"damage":80,"enemies":"The Guardian","floor":16,"turns":12},{"damage":26,"enemies":"3 Byrds","floor":18,"turns":5},{"damage":11,"enemies":"Spheric Guardian","floor":20,"turns":3},{"damage":22,"enemies":"3 Cultists","floor":22,"turns":4},{"damage":31,"enemies":"Centurion and Healer","floor":24,"turns":4},{"damage":38,"enemies":"Book of Stabbing","floor":25,"turns":3}],"event_choices":[{"event_name":"Golden Idol","player_choice":"Lose Max HP","floor":2,"damage_taken":0},{"event_name":"Purifier","player_choice":"One Purge","floor":5,"damage_taken":0}],"boss_relics":[{"not_picked":["Calling Bell","Lizard Tail"],"picked":"Eternal Feather"}],"potions_floor_spawned":[3,7,11,20,24],"seed_played":"-4914436807501230982","killed_by":"Book of Stabbing","ascension_level":4,"is_trial":false}