{"path_per_floor":["M","M","$","M","$","E","R","?","T","R","M","R","$","M","R","B",null,"M","?","$","M","M","R","E","R","T","R","M","M","M","?","R"],"character_chosen":"IRONCLAD","items_purchased":["Heavy Blade"],"gold_per_floor":[113,133,58,69,69,94,94,94,94,94,110,110,10,29,29,125,125,138,38,13,23,38,38,69,69,69,69,79,92,109,109,109,109],"floor_reached":33,"campfire_rested":5,"playtime":637,"current_hp_per_floor":[80,63,63,67,67,33,57,41,41,65,71,71,71,52,52,7,62,45,45,45,41,47,71,38,62,76,76,82,85,61,42,71,0],"items_purged":["Defend_R","Defend_R"],"gold":109,"score":359,"play_id":"df20ce72-97f1-4d47-b277-1db7c239e901","local_time":"20180325022926","is_prod":false,"is_daily":false,"is_ascension_mode":true,"campfire_upgraded":3,"timestamp":1521962966,"path_taken":["M","M","$","?","$","E","R","?","T","R","?","R","?","M","R","BOSS","M","?","$","M","M","R","E","R","T","R","M","M","M","?","R","BOSS"],"build_version":"2018-03-22v2","purchased_purges":2,"victory":false,"master_deck":["Strike_R","Strike_R","Strike_R","Strike_R","Strike_R","Defend_R","Defend_R+1","Bash+1","Flex+1","Flex+1","Heavy Blade+1","Twin Strike","Bludgeon","Sword Boomerang+1","J.A.X.","Heavy Blade","Dual Wield+1","Infernal Blade+1","Pummel+1","Clash+1","Limit Break"],"max_hp_per_floor":[80,80,80,80,80,80,80,80,80,80,80,80,80,80,80,80,80,80,80,80,80,80,80,80,80,94,94,94,94,94,99,99,99],"relics":["Burning Blood","Shovel","Du-Vu Doll","Philosopher\u0027s Stone","Mercury Hourglass","Mango"],"card_choices":[{"not_picked":["Shockwave","Anger"],"picked":"Flex","floor":0},{"not_picked":["Havoc","Evolve"],"picked":"Flex","floor":2},{"not_picked":["Perfected Strike","Sentinel"],"picked":"Heavy Blade","floor":11},{"not_picked":["Rampage","Searing Blow"],"picked":"Twin Strike","floor":14},{"not_picked":["Brutality","Exhume"],"picked":"Bludgeon","floor":16},{"not_picked":["Dual Wield","Clothesline"],"picked":"Sword Boomerang","floor":18},{"not_picked":["Clothesline","Havoc"],"picked":"Dual Wield","floor":21},{"not_picked":["Flame Barrier","Exhume"],"picked":"Infernal Blade","floor":22},{"not_picked":["Armaments","Flex"],"picked":"Pummel","floor":24},{"not_picked":["Armaments","Body Slam"],"picked":"Clash","floor":28},{"not_picked":["Second Wind","Carnage"],"picked":"Limit Break","floor":29}],"player_experience":205142,"potions_floor_usage":[6,11,16,21,24,30,33],"damage_taken":[{"damage":1,"enemies":"Cultist","floor":1,"turns":3},{"damage":23,"enemies":"Jaw Worm","floor":2,"turns":4},{"damage":2,"enemies":"2 Louse","floor":4,"turns":3},{"damage":40,"enemies":"Lagavulin","floor":6,"turns":6},{"damage":0,"enemies":"2 Fungi Beasts","floor":11,"turns":2},{"damage":25,"enemies":"Exordium Thugs","floor":14,"turns":3},{"damage":51,"enemies":"Hexaghost","floor":16,"turns":6},{"damage":23,"enemies":"Chosen","floor":18,"turns":3},{"damage":10,"enemies":"2 Thieves","floor":21,"turns":3},{"damage":0,"enemies":"Snecko","floor":22,"turns":2},{"damage":39,"enemies":"Gremlin Leader","floor":24,"turns":4},{"damage":0,"enemies":"Sentry and Sphere","floor":28,"turns":2},{"damage":3,"enemies":"Snake Plant","floor":29,"turns":1},{"damage":30,"enemies":"Chosen and Byrds","floor":30,"turns":3},{"damage":109,"enemies":"Automaton","floor":33,"turns":6}],"event_choices":[{"event_name":"Shining Light","player_choice":"Entered Light","floor":8,"damage_taken":0},{"event_name":"Drug Dealer","player_choice":"Got JAXXED","floor":19,"damage_taken":0},{"event_name":"Forgotten Altar","player_choice":"Shed Blood","floor":31,"damage_taken":0}],"boss_relics":[{"not_picked":["Runic Pyramid","Question Card"],"picked":"Philosopher\u0027s Stone"}],"potions_floor_spawned":[1,6,14,18,21,28,30],"seed_played":"-8659252166035976229","killed_by":"Automaton","ascension_level":5,"is_trial":false}