{"path_per_floor":["M","M","?","M","$","R","M","R","T","M","$","?","?","M","R","B",null,"M","?","$","T","M","R"],"character_chosen":"IRONCLAD","items_purchased":["Flame Barrier","Uppercut"],"gold_per_floor":[117,137,137,160,44,44,67,67,67,81,6,6,6,24,24,150,150,165,165,65,65,84,84,84],"floor_reached":24,"campfire_rested":1,"playtime":538,"current_hp_per_floor":[71,71,51,43,43,43,49,49,49,23,23,16,16,14,38,29,67,70,70,70,70,54,60,13],"items_purged":["Strike_R","Strike_R"],"gold":84,"score":233,"play_id":"879f7430-4f4a-4648-9e90-6a415945ed13","local_time":"20180325021255","is_prod":false,"is_daily":false,"is_ascension_mode":true,"campfire_upgraded":3,"timestamp":1521961975,"path_taken":["M","M","?","?","$","R","M","R","T","M","?","?","?","M","R","BOSS","M","?","$","?","M","R","M"],"build_version":"2018-03-22v2","purchased_purges":2,"victory":false,"master_deck":["Strike_R","Strike_R","Defend_R","Defend_R","Defend_R","Defend_R","Bash","Armaments+1","Demon Form","Heavy Blade","Flame Barrier+1","Uppercut","Armaments","Rampage","Shrug It Off+1","Entrench"],"max_hp_per_floor":[80,80,80,80,80,80,80,80,80,80,80,80,80,80,80,80,80,80,80,80,80,80,80,80],"relics":["Burning Blood","Golden Idol","Ginger","Eternal Feather","Matryoshka"],"card_choices":[{"not_picked":["Clothesline","Iron Wave"],"picked":"Armaments","floor":1},{"not_picked":["Rupture","Intimidate"],"picked":"Demon Form","floor":2},{"not_picked":["Carnage","Clash"],"picked":"Heavy Blade","floor":4},{"not_picked":["Uppercut","Hemokinesis"],"picked":"Armaments","floor":10},{"not_picked":["Ghostly Armor","Twin Strike"],"picked":"Rampage","floor":14},{"not_picked":["Pommel Strike","True Grit"],"picked":"Shrug It Off","floor":18},{"not_picked":["Wild Strike","Cleave"],"picked":"Entrench","floor":22}],"player_experience":204275,"potions_floor_usage":[16,16,22],"damage_taken":[{"damage":15,"enemies":"Small Slimes","floor":1,"turns":3},{"damage":6,"enemies":"Cultist","floor":2,"turns":3},{"damage":14,"enemies":"Jaw Worm","floor":4,"turns":5},{"damage":0,"enemies":"Large Slime","floor":7,"turns":3},{"damage":32,"enemies":"2 Fungi Beasts","floor":10,"turns":4},{"damage":8,"enemies":"3 Louse","floor":14,"turns":4},{"damage":15,"enemies":"The Guardian","floor":16,"turns":11},{"damage":3,"enemies":"Chosen","floor":18,"turns":6},{"damage":22,"enemies":"2 Thieves","floor":22,"turns":5},{"damage":47,"enemies":"Cultist and Chosen","floor":24,"turns":6}],"event_choices":[{"event_name":"Golden Idol","player_choice":"Take Damage","floor":3,"damage_taken":0},{"event_name":"Golden Wing","player_choice":"Card Removal","floor":12,"damage_taken":0},{"event_name":"Liars Game","player_choice":"disagreed","floor":13,"damage_taken":0},{"event_name":"The Mausoleum","player_choice":"No","floor":19,"damage_taken":0}],"boss_relics":[{"not_picked":["Question Card","Calling Bell"],"picked":"Eternal Feather"}],"potions_floor_spawned":[7,10,14],"seed_played":"-174361308132633284","killed_by":"Cultist and Chosen","ascension_level":5,"is_trial":false}