{"path_per_floor":["M","$","M","M","M","R","$","R","T","M","E","?","?","?","R","B",null,"M","?","?","?"],"character_chosen":"IRONCLAD","items_purchased":["Clash","Dropkick"],"gold_per_floor":[111,66,83,103,120,120,48,48,93,111,144,219,219,219,219,316,316,335,260,260,260,260],"floor_reached":22,"campfire_rested":1,"playtime":446,"current_hp_per_floor":[80,80,80,74,69,69,69,69,69,65,53,42,35,35,59,23,66,32,32,32,17,0],"items_purged":[],"gold":260,"score":228,"play_id":"6f32b322-ab50-4448-b0de-818d2b1cb9b2","local_time":"20180403222349","is_prod":false,"is_daily":false,"is_ascension_mode":true,"campfire_upgraded":2,"timestamp":1522812229,"path_taken":["M","$","M","?","M","R","$","R","T","M","E","?","?","?","R","BOSS","M","?","?","?","?"],"build_version":"2018-03-29v2","purchased_purges":0,"victory":false,"master_deck":["Strike_R","Strike_R","Strike_R","Strike_R","Strike_R","Defend_R","Bash","Limit Break","Clash","Thunderclap+1","Burning Pact","Infernal Blade+1","Dropkick+1","Sword Boomerang","Battle Trance","Berserk"],"max_hp_per_floor":[80,80,80,80,80,80,80,80,80,80,80,80,80,80,80,80,80,80,80,80,85,85],"relics":["Burning Blood","Prayer Wheel","Omamori","Oddly Smooth Stone","White Beast Statue"],"card_choices":[{"not_picked":["Body Slam","Headbutt"],"picked":"Limit Break","floor":1},{"not_picked":["Armaments","Headbutt"],"picked":"Thunderclap","floor":3},{"not_picked":["Shrug It Off","Seeing Red"],"picked":"Burning Pact","floor":4},{"not_picked":["Cleave","Bloodletting"],"picked":"Infernal Blade","floor":5},{"not_picked":["Sever Soul","Battle Trance"],"picked":"Sword Boomerang","floor":10},{"not_picked":["Body Slam","Uppercut"],"picked":"Battle Trance","floor":11},{"not_picked":["Impervious","Dark Embrace"],"picked":"Berserk","floor":16}],"player_experience":225198,"potions_floor_usage":[11,11,16,18],"damage_taken":[{"damage":6,"enemies":"Cultist","floor":1,"turns":3},{"damage":1,"enemies":"2 Louse","floor":3,"turns":2},{"damage":12,"enemies":"Jaw Worm","floor":4,"turns":2},{"damage":11,"enemies":"3 Louse","floor":5,"turns":3},{"damage":10,"enemies":"2 Fungi Beasts","floor":10,"turns":3},{"damage":18,"enemies":"Gremlin Nob","floor":11,"turns":3},{"damage":48,"enemies":"Slime Boss","floor":16,"turns":8},{"damage":40,"enemies":"2 Thieves","floor":18,"turns":4},{"damage":22,"enemies":"Spheric Guardian","floor":22,"turns":3}],"event_choices":[{"event_name":"World of Goop","player_choice":"Gather Gold","floor":12,"damage_taken":0},{"event_name":"Golden Wing","player_choice":"Card Removal","floor":13,"damage_taken":0},{"event_name":"Dead Adventurer","player_choice":"Searched \u00271\u0027 times","floor":14,"damage_taken":0},{"event_name":"Beggar","player_choice":"Gave Gold","floor":19,"damage_taken":0},{"event_name":"Upgrade Shrine","player_choice":"Upgraded","floor":20,"damage_taken":0},{"event_name":"Forgotten Altar","player_choice":"Shed Blood","floor":21,"damage_taken":0}],"boss_relics":[{"not_picked":["Tiny House","Runic Cube"],"picked":"White Beast Statue"}],"potions_floor_spawned":[4,5,10,16,18],"seed_played":"8819491155511314883","killed_by":"Spheric Guardian","ascension_level":5,"is_trial":false}