{"path_per_floor":["M","?","M","M","?","R","$","R","T","M","E","$","$","M","R","B",null,"M","?","$","?","M","E","R","E","T","R","M","R","M","M","R","B",null,"M","$","?","M","$","R","M","?","T","M","E","M","M"],"character_chosen":"IRONCLAD","items_purchased":["Inflame","Paper Frog"],"gold_per_floor":[110,110,127,139,139,139,64,64,64,84,111,11,11,26,26,129,129,149,149,77,77,95,126,126,152,207,207,221,221,239,254,254,354,354,368,115,115,132,7,7,24,24,105,125,150,162,172,172],"floor_reached":48,"campfire_rested":4,"playtime":1120,"current_hp_per_floor":[74,67,61,67,67,67,67,67,77,75,63,63,63,69,69,41,78,84,84,84,63,29,27,45,20,20,38,37,55,55,48,48,31,55,37,37,32,22,22,40,27,27,27,24,17,27,16,0],"items_purged":["Defend_R","Defend_R","Defend_R"],"gold":172,"score":654,"play_id":"1a55a5ea-4ff7-4057-b88a-5576c375ed37","local_time":"20180403224240","is_prod":false,"is_daily":false,"is_ascension_mode":true,"campfire_upgraded":4,"timestamp":1522813360,"path_taken":["M","?","M","M","?","R","$","R","T","M","E","?","$","M","R","BOSS","M","?","$","?","M","E","R","E","T","R","?","R","M","M","R","BOSS","M","$","?","?","$","R","M","?","T","M","E","M","M","M"],"build_version":"2018-03-29v2","purchased_purges":3,"victory":false,"master_deck":["Bash","Bludgeon","Searing Blow+3","Flex+1","Clash","Double Tap","Clash","Headbutt+1","Inflame","Bite","Bite","Bite","Bite","Bite","Metallicize","Inflame","Shockwave","Thunderclap","Offering","Flex+1","Bandage Up","Blind","Twin Strike+1","Clash","Clumsy","Twin Strike+1"],"max_hp_per_floor":[80,80,80,80,80,80,80,80,90,90,90,90,90,90,90,90,90,90,90,90,63,63,63,63,63,63,63,63,63,63,63,63,63,63,63,63,63,63,63,63,63,63,63,63,63,63,63,63],"relics":["Burning Blood","Pear","Bag of Marbles","Philosopher\u0027s Stone","Mummified Hand","Self Forming Clay","Happy Flower","Tiny Chest","Cursed Key","Paper Frog","Mercury Hourglass","Oddly Smooth Stone"],"card_choices":[{"not_picked":["Havoc","Shrug It Off"],"picked":"Searing Blow","floor":1},{"not_picked":["Blood for Blood","Spot Weakness"],"picked":"Flex","floor":3},{"not_picked":["Shrug It Off","Body Slam"],"picked":"Clash","floor":4},{"not_picked":["Clothesline","Perfected Strike"],"picked":"Double Tap","floor":11},{"not_picked":["Reckless Charge","Whirlwind"],"picked":"Clash","floor":14},{"not_picked":["Carnage","Disarm"],"picked":"Headbutt","floor":18},{"not_picked":["Entrench","Perfected Strike"],"picked":"Metallicize","floor":22},{"not_picked":["True Grit","Anger"],"picked":"Inflame","floor":23},{"not_picked":["Headbutt","Carnage"],"picked":"Shockwave","floor":30},{"not_picked":["Reckless Charge","Flex"],"picked":"Thunderclap","floor":31},{"not_picked":["Dark Embrace","Brutality"],"picked":"Offering","floor":33},{"not_picked":["Perfected Strike","Clothesline"],"picked":"Flex","floor":35},{"not_picked":["Blind","Thinking Ahead"],"picked":"Bandage Up","floor":37},{"not_picked":["Flash of Steel","Deep Breath"],"picked":"Blind","floor":37},{"not_picked":["Heavy Blade","Wild Strike"],"picked":"Twin Strike","floor":38},{"not_picked":["Searing Blow","Shockwave"],"picked":"Clash","floor":41},{"not_picked":["Intimidate","Armaments"],"picked":"Twin Strike","floor":44}],"player_experience":225644,"potions_floor_usage":[11,16,16,23,23,33,41,47],"damage_taken":[{"damage":12,"enemies":"Jaw Worm","floor":1,"turns":2},{"damage":12,"enemies":"2 Louse","floor":3,"turns":3},{"damage":0,"enemies":"Small Slimes","floor":4,"turns":2},{"damage":8,"enemies":"3 Louse","floor":10,"turns":2},{"damage":18,"enemies":"3 Sentries","floor":11,"turns":4},{"damage":0,"enemies":"Exordium Wildlife","floor":14,"turns":1},{"damage":34,"enemies":"The Guardian","floor":16,"turns":5},{"damage":0,"enemies":"Shell Parasite","floor":18,"turns":1},{"damage":42,"enemies":"3 Byrds","floor":22,"turns":3},{"damage":18,"enemies":"Book of Stabbing","floor":23,"turns":2},{"damage":41,"enemies":"Slavers","floor":25,"turns":4},{"damage":17,"enemies":"Cultist and Chosen","floor":28,"turns":5},{"damage":14,"enemies":"Chosen and Byrds","floor":30,"turns":3},{"damage":21,"enemies":"Snake Plant","floor":31,"turns":2},{"damage":37,"enemies":"Collector","floor":33,"turns":5},{"damage":32,"enemies":"3 Shapes","floor":35,"turns":2},{"damage":22,"enemies":"3 Darklings","floor":38,"turns":3},{"damage":33,"enemies":"Maw","floor":41,"turns":3},{"damage":21,"enemies":"4 Shapes","floor":44,"turns":2},{"damage":23,"enemies":"Giant Head","floor":45,"turns":4},{"damage":0,"enemies":"3 Darklings","floor":46,"turns":2},{"damage":19,"enemies":"Sphere and 2 Shapes","floor":47,"turns":3},{"damage":24,"enemies":"4 Shapes","floor":48,"turns":1}],"event_choices":[{"event_name":"Golden Wing","player_choice":"Card Removal","floor":2,"damage_taken":0},{"event_name":"Liars Game","player_choice":"disagreed","floor":5,"damage_taken":0},{"event_name":"Wheel of Change","player_choice":"Relic","floor":19,"damage_taken":0},{"event_name":"Vampires","player_choice":"Became a vampire","floor":21,"damage_taken":0},{"event_name":"SensoryStone","player_choice":"Memory 2","floor":37,"damage_taken":0},{"event_name":"Mysterious Sphere","player_choice":"Ignore","floor":42,"damage_taken":0}],"boss_relics":[{"not_picked":["Black Star","Mark of Pain"],"picked":"Philosopher\u0027s Stone"},{"not_picked":["Pandora\u0027s Box","Snecko Eye"],"picked":"Cursed Key"}],"potions_floor_spawned":[4,11,14,16,18,22,30,33,35,41,45],"seed_played":"-8252282791053127914","killed_by":"4 Shapes","ascension_level":5,"is_trial":false}