{"path_per_floor":["M","M","?","?","M","E","R","?","T","R","$","M","E","$","R","B",null,"M","$","M","?","M","E","M"],"character_chosen":"IRONCLAD","items_purchased":["Dual Wield","Wild Strike","Bandage Up"],"gold_per_floor":[109,120,120,120,143,177,177,177,201,201,126,144,184,100,100,224,224,238,132,148,93,117,157,178,178],"floor_reached":25,"campfire_rested":1,"playtime":491,"current_hp_per_floor":[80,80,60,53,59,34,34,27,27,51,51,45,51,51,51,18,65,59,59,58,58,68,40,27,0],"items_purged":["Defend_R"],"gold":178,"score":346,"play_id":"81f752d7-e799-467c-85ad-0f9c6b4f9679","local_time":"20180325190519","is_prod":false,"is_daily":false,"is_ascension_mode":true,"campfire_upgraded":2,"timestamp":1522022719,"path_taken":["M","M","?","?","M","E","R","?","T","R","$","M","E","$","R","BOSS","M","$","M","?","M","E","M","E"],"build_version":"2018-03-22v2","purchased_purges":2,"victory":false,"master_deck":["Strike_R","Strike_R","Strike_R","Strike_R","Strike_R","Bash","Perfected Strike+1","Twin Strike","Perfected Strike+1","Double Tap","Dual Wield","Sever Soul+1","Rupture+1","Perfected Strike+1","Bandage Up","Perfected Strike","Flex"],"max_hp_per_floor":[80,80,80,80,80,80,80,80,80,80,80,80,80,80,80,80,80,80,80,80,80,80,80,80,80],"relics":["Burning Blood","NeowsBlessing","Golden Idol","Gambling Chip","Dodecahedron","Lantern","Calipers","Astrolabe","Tiny Chest","Red Skull"],"card_choices":[{"not_picked":["Spot Weakness","Thunderclap"],"picked":"Perfected Strike","floor":1},{"not_picked":["Sword Boomerang","Armaments"],"picked":"Twin Strike","floor":2},{"not_picked":["Warcry","Inflame"],"picked":"Perfected Strike","floor":5},{"not_picked":["Combust","Bloodletting"],"picked":"Double Tap","floor":6},{"not_picked":["Clash","Carnage"],"picked":"Perfected Strike","floor":20},{"not_picked":["Double Tap","Clash"],"picked":"Flex","floor":23}],"player_experience":210113,"potions_floor_usage":[13,16,23],"damage_taken":[{"damage":0,"enemies":"Small Slimes","floor":1,"turns":1},{"damage":0,"enemies":"2 Louse","floor":2,"turns":1},{"damage":0,"enemies":"Jaw Worm","floor":5,"turns":1},{"damage":31,"enemies":"3 Sentries","floor":6,"turns":6},{"damage":12,"enemies":"2 Fungi Beasts","floor":12,"turns":2},{"damage":0,"enemies":"Gremlin Nob","floor":13,"turns":2},{"damage":54,"enemies":"Hexaghost","floor":16,"turns":7},{"damage":12,"enemies":"Shell Parasite","floor":18,"turns":2},{"damage":11,"enemies":"2 Thieves","floor":20,"turns":2},{"damage":0,"enemies":"Snecko","floor":22,"turns":2},{"damage":38,"enemies":"Book of Stabbing","floor":23,"turns":3},{"damage":23,"enemies":"Centurion and Healer","floor":24,"turns":3},{"damage":38,"enemies":"Gremlin Leader","floor":25,"turns":4}],"event_choices":[{"event_name":"Golden Idol","player_choice":"Take Damage","floor":3,"damage_taken":0},{"event_name":"Scrap Ooze","player_choice":"success","floor":4,"damage_taken":7},{"event_name":"Golden Wing","player_choice":"Card Removal","floor":8,"damage_taken":0},{"event_name":"Addict","player_choice":"Obtained Relic","floor":21,"damage_taken":0}],"boss_relics":[{"not_picked":["Black Blood","Calling Bell"],"picked":"Astrolabe"}],"potions_floor_spawned":[1,12,13,18],"seed_played":"1283101829642211821","killed_by":"Gremlin Leader","ascension_level":5,"is_trial":false}