{"path_per_floor":["M","?","M","?","M","R","M","R","T","E","M","?","E","M","R","B",null,"M","M","$","M","M","R","E","M","T","?","?","R","M","$","R"],"character_chosen":"IRONCLAD","items_purchased":["Mercury Hourglass","Secret Technique","Pummel"],"gold_per_floor":[114,214,226,301,314,314,328,328,328,363,380,380,419,439,439,563,563,583,607,288,309,333,333,374,390,413,413,413,413,436,186,186,186],"floor_reached":33,"campfire_rested":0,"playtime":1084,"current_hp_per_floor":[80,80,80,69,75,75,69,69,69,67,69,69,64,44,44,26,62,60,58,58,60,60,60,50,50,50,50,50,50,50,50,50,0],"items_purged":["Shrug It Off"],"gold":186,"score":375,"play_id":"1f4024c9-e3d7-4ad3-bde4-3de8c91687a6","local_time":"20180405235109","is_prod":false,"is_daily":false,"is_ascension_mode":true,"campfire_upgraded":6,"timestamp":1522990269,"path_taken":["M","?","M","?","M","R","M","R","T","E","M","?","E","M","R","BOSS","M","M","$","M","M","R","E","M","T","?","?","R","M","$","R","BOSS"],"build_version":"2018-04-05","purchased_purges":2,"victory":false,"master_deck":["Defend_R+1","Defend_R","Defend_R","Defend_R+1","Bash","Armaments+1","Offering+1","Disarm+1","Twin Strike+1","Immolate","Flex+1","Wild Strike","Bite","Bite","Bite","Bite","Bite+1","Flex","Secret Technique+1","Pummel"],"max_hp_per_floor":[80,80,80,80,80,80,80,80,80,80,80,74,74,74,74,74,74,74,74,74,74,74,74,74,74,74,51,51,51,51,51,51,51],"relics":["Burning Blood","NeowsBlessing","Champion Belt","Toolbox","Golden Idol","War Paint","Cursed Key","Mercury Hourglass","Bottled Lightning","Pen Nib"],"card_choices":[{"not_picked":["Clothesline","Twin Strike"],"picked":"Armaments","floor":5},{"not_picked":["Rampage","Cleave"],"picked":"Offering","floor":7},{"not_picked":["Perfected Strike","Sword Boomerang"],"picked":"Shrug It Off","floor":10},{"not_picked":["Feed","Reckless Charge"],"picked":"Disarm","floor":13},{"not_picked":["Perfected Strike","Cleave"],"picked":"Twin Strike","floor":14},{"not_picked":["Feed","Dark Embrace"],"picked":"Immolate","floor":16},{"not_picked":["Clash","Body Slam"],"picked":"Flex","floor":22},{"not_picked":["Clash","Havoc"],"picked":"Wild Strike","floor":25},{"not_picked":["Immolate","Intimidate"],"picked":"Flex","floor":30}],"player_experience":228643,"potions_floor_usage":[10,10,13,14,22,33],"damage_taken":[{"damage":0,"enemies":"Small Slimes","floor":1,"turns":1},{"damage":0,"enemies":"Cultist","floor":3,"turns":1},{"damage":0,"enemies":"2 Louse","floor":5,"turns":1},{"damage":12,"enemies":"Looter","floor":7,"turns":3},{"damage":8,"enemies":"Lagavulin","floor":10,"turns":5},{"damage":4,"enemies":"3 Louse","floor":11,"turns":4},{"damage":11,"enemies":"Gremlin Nob","floor":13,"turns":4},{"damage":26,"enemies":"Gremlin Gang","floor":14,"turns":8},{"damage":24,"enemies":"The Guardian","floor":16,"turns":15},{"damage":8,"enemies":"Shell Parasite","floor":18,"turns":4},{"damage":8,"enemies":"Chosen","floor":19,"turns":4},{"damage":4,"enemies":"Snecko","floor":21,"turns":3},{"damage":6,"enemies":"Snake Plant","floor":22,"turns":5},{"damage":16,"enemies":"Book of Stabbing","floor":24,"turns":5},{"damage":6,"enemies":"3 Cultists","floor":25,"turns":5},{"damage":13,"enemies":"Centurion and Healer","floor":30,"turns":3},{"damage":92,"enemies":"Automaton","floor":33,"turns":6}],"event_choices":[{"event_name":"Golden Shrine","player_choice":"Pray","floor":2,"damage_taken":0},{"event_name":"World of Goop","player_choice":"Gather Gold","floor":4,"damage_taken":0},{"event_name":"Golden Idol","player_choice":"Lose Max HP","floor":12,"damage_taken":0},{"event_name":"Vampires","player_choice":"Became a vampire","floor":27,"damage_taken":0},{"event_name":"Back to Basics","player_choice":"Elegance","floor":28,"damage_taken":0}],"boss_relics":[{"not_picked":["Runic Pyramid","Calling Bell"],"picked":"Cursed Key"}],"potions_floor_spawned":[1,3,10,13,21,25],"seed_played":"7598600310679124069","killed_by":"Automaton","ascension_level":5,"is_trial":false}