{"path_per_floor":["M","M","M","M","?","R","?","R","T","M","E","M","M","?","R"],"character_chosen":"IRONCLAD","items_purchased":[],"gold_per_floor":[113,127,145,163,163,163,163,163,163,183,224,248,263,338,338,338],"floor_reached":16,"campfire_rested":1,"playtime":376,"current_hp_per_floor":[80,74,68,56,56,56,56,56,56,61,31,23,29,18,40,0],"items_purged":[],"gold":338,"score":130,"play_id":"52d72e4a-4101-4321-a9e9-56f2969f834b","local_time":"20180417025735","is_prod":false,"is_daily":false,"chose_seed":false,"is_ascension_mode":true,"campfire_upgraded":2,"timestamp":1523951855,"path_taken":["M","M","M","M","?","R","?","R","T","M","E","?","M","?","R","BOSS"],"build_version":"2018-04-12","seed_source_timestamp":110684881303091,"purchased_purges":0,"victory":false,"master_deck":["Strike_R","Strike_R","Strike_R","Strike_R","Strike_R","Defend_R","Defend_R","Defend_R","Defend_R","Bash","Barricade+1","Body Slam","Shrug It Off+1","Cleave","Seeing Red+1","Shrug It Off","Flex","Flex"],"max_hp_per_floor":[80,80,80,80,74,74,74,74,74,74,74,74,74,74,74,74],"relics":["Burning Blood","Golden Idol","Letter Opener","Bag of Marbles"],"card_choices":[{"not_picked":["Rampage","Pommel Strike"],"picked":"Body Slam","floor":1},{"not_picked":["Clash","Dual Wield"],"picked":"Shrug It Off","floor":2},{"not_picked":["Disarm","Corruption"],"picked":"Cleave","floor":3},{"not_picked":["Whirlwind","Headbutt"],"picked":"Seeing Red","floor":4},{"not_picked":["Clothesline","Demon Form"],"picked":"Shrug It Off","floor":11},{"not_picked":["Whirlwind","Burning Pact"],"picked":"Flex","floor":12},{"not_picked":["Evolve","Rage"],"picked":"Flex","floor":13}],"player_experience":265129,"potions_floor_usage":[10,11,16],"damage_taken":[{"damage":1,"enemies":"Cultist","floor":1,"turns":3},{"damage":12,"enemies":"Jaw Worm","floor":2,"turns":3},{"damage":12,"enemies":"Small Slimes","floor":3,"turns":3},{"damage":18,"enemies":"Looter","floor":4,"turns":4},{"damage":1,"enemies":"2 Fungi Beasts","floor":10,"turns":2},{"damage":36,"enemies":"Lagavulin","floor":11,"turns":8},{"damage":14,"enemies":"Large Slime","floor":12,"turns":7},{"damage":0,"enemies":"Gremlin Gang","floor":13,"turns":4},{"damage":47,"enemies":"Slime Boss","floor":16,"turns":8}],"event_choices":[{"event_name":"Golden Idol","player_choice":"Lose Max HP","floor":5,"damage_taken":0},{"event_name":"Living Wall","player_choice":"Grow","floor":7,"damage_taken":0},{"event_name":"World of Goop","player_choice":"Gather Gold","floor":14,"damage_taken":0}],"boss_relics":[],"potions_floor_spawned":[3,4,10],"seed_played":"-7444663174951624597","killed_by":"Slime Boss","ascension_level":5,"is_trial":false}