{"path_per_floor":["M","M","$","M","?","R","E","M","T","?","M","$","?","M","R","B"],"character_chosen":"IRONCLAD","items_purchased":["Inflame","Pummel"],"gold_per_floor":[110,127,47,61,61,61,90,105,105,105,117,82,32,45,45,150,150],"floor_reached":17,"campfire_rested":1,"playtime":317,"current_hp_per_floor":[81,76,76,80,47,47,27,27,27,50,53,53,53,59,86,31,77],"items_purged":[],"gold":150,"score":196,"play_id":"adc9cdd1-519d-449b-8e58-645c0d42db5b","local_time":"20180414235011","is_prod":false,"is_daily":false,"chose_seed":false,"is_ascension_mode":true,"campfire_upgraded":1,"timestamp":1523767811,"path_taken":["M","M","$","M","?","R","E","M","T","?","M","$","?","M","R","BOSS"],"build_version":"2018-04-12","seed_source_timestamp":2945671967533452,"purchased_purges":1,"victory":false,"master_deck":["Bash","Feed","Twin Strike","Flex+1","Inflame","Cleave","Twin Strike+1","Pummel+1","Rampage+1","Pummel+1","Perfected Strike+1","Metallicize","Whirlwind+1","Warcry","Warcry","Heavy Blade+1","Perfected Strike+1","Reckless Charge+1","Pommel Strike+1","True Grit"],"max_hp_per_floor":[83,86,86,89,89,89,89,92,92,92,95,95,92,92,92,92,92],"relics":["Burning Blood","Molten Egg 2","Bag of Marbles","Red Skull","Pandora\u0027s Box"],"card_choices":[{"not_picked":["Heavy Blade","Spot Weakness"],"picked":"Twin Strike","floor":1},{"not_picked":["Pommel Strike","Cleave"],"picked":"Flex","floor":2},{"not_picked":["Battle Trance","Sentinel"],"picked":"Cleave","floor":4},{"not_picked":["Reckless Charge","Havoc"],"picked":"Twin Strike","floor":7},{"not_picked":["Entrench","Twin Strike"],"picked":"Pummel","floor":8},{"not_picked":["Battle Trance","Impervious"],"picked":"Rampage","floor":11},{"not_picked":["Armaments","Rampage"],"picked":"Perfected Strike","floor":14}],"player_experience":254057,"potions_floor_usage":[],"damage_taken":[{"damage":8,"enemies":"Jaw Worm","floor":1,"turns":4},{"damage":14,"enemies":"2 Louse","floor":2,"turns":2},{"damage":5,"enemies":"Small Slimes","floor":4,"turns":3},{"damage":26,"enemies":"Gremlin Nob","floor":7,"turns":4},{"damage":9,"enemies":"2 Fungi Beasts","floor":8,"turns":2},{"damage":6,"enemies":"3 Louse","floor":11,"turns":2},{"damage":0,"enemies":"Exordium Wildlife","floor":14,"turns":2},{"damage":61,"enemies":"Hexaghost","floor":16,"turns":6}],"event_choices":[{"event_name":"Scrap Ooze","player_choice":"success","floor":5,"damage_taken":33},{"event_name":"Mushrooms","player_choice":"Healed and dodged fight","floor":10,"damage_taken":0},{"event_name":"The Cleric","player_choice":"Card Removal","floor":13,"damage_taken":0}],"boss_relics":[{"not_picked":["Runic Pyramid","Ectoplasm"],"picked":"Pandora\u0027s Box"}],"potions_floor_spawned":[7,14,16],"seed_played":"6296635415694083774","ascension_level":5,"is_trial":false}