{"path_per_floor":["M","M","?","M","M","R","?","R","T","R","?","M","M","M","R","B",null,"M","?","?","?","$","E","R","E","T","$","M","R","?","M","R","B",null,"M","?","T","$","$","R","M","R","T","M","M","M","M","M","R"],"character_chosen":"IRONCLAD","items_purchased":["Dropkick","Inflame","Anchor","Bag of Preparation","Twin Strike","Dropkick"],"gold_per_floor":[119,136,136,155,168,168,168,168,168,168,243,254,269,289,289,388,388,402,402,402,402,106,168,168,196,196,49,69,69,69,87,87,187,187,198,198,251,201,128,128,148,148,148,165,184,197,209,227,227,227],"floor_reached":50,"campfire_rested":5,"playtime":1161,"current_hp_per_floor":[66,62,55,52,50,50,36,57,57,57,46,47,53,59,59,34,63,62,46,46,46,46,31,52,31,31,31,37,58,58,59,59,65,70,40,40,40,40,40,61,71,71,71,72,72,51,38,33,54,0],"items_purged":[],"gold":227,"score":655,"play_id":"6087a14f-0e5f-41be-b6f1-fad84d3acfc3","local_time":"20180415233843","is_prod":false,"is_daily":false,"chose_seed":false,"is_ascension_mode":true,"campfire_upgraded":5,"timestamp":1523853523,"path_taken":["M","M","?","M","M","R","?","R","T","R","?","M","M","M","R","BOSS","M","?","?","?","$","E","R","E","T","$","M","R","?","?","R","BOSS","M","?","?","?","$","R","M","R","T","M","M","M","M","M","R","BOSS"],"build_version":"2018-04-12","seed_source_timestamp":11568897063297,"purchased_purges":1,"victory":false,"master_deck":["Strike_R","Strike_R","Strike_R","Strike_R","Bash+1","Flex+1","Pummel+1","Clash","Perfected Strike+1","Double Tap","Offering+1","Armaments+1","Perfected Strike+1","Twin Strike","Dropkick","Inflame","Flex+1","Sword Boomerang","Twin Strike","Dropkick","Sword Boomerang+1","Twin Strike+1","Pummel"],"max_hp_per_floor":[72,72,72,72,72,72,72,72,72,72,72,72,72,72,72,72,72,72,72,72,72,72,72,72,72,72,72,72,72,72,72,72,72,72,72,72,72,72,72,72,72,72,72,72,72,72,72,72,72,72],"relics":["Black Blood","Ancient Tea Set","Letter Opener","Astrolabe","Nilry\u0027s Codex","Anchor","Tiny Chest","Bottled Flame","Shuriken","Bag of Preparation","Art of War","Orichalcum"],"card_choices":[{"not_picked":["Inflame","Clothesline"],"picked":"Flex","floor":1},{"not_picked":["Spot Weakness","Shrug It Off"],"picked":"Pummel","floor":2},{"not_picked":["Sever Soul","Sword Boomerang"],"picked":"Clash","floor":4},{"not_picked":["Rampage","Reckless Charge"],"picked":"Perfected Strike","floor":12},{"not_picked":["Shrug It Off","Thunderclap"],"picked":"Double Tap","floor":13},{"not_picked":["Bludgeon","Limit Break"],"picked":"Offering","floor":16},{"not_picked":["Rupture","Thunderclap"],"picked":"Twin Strike","floor":18},{"not_picked":["Iron Wave","Blood for Blood"],"picked":"Flex","floor":23},{"not_picked":["Rampage","Berserk"],"picked":"Sword Boomerang","floor":31},{"not_picked":["Shrug It Off","Dual Wield"],"picked":"Sword Boomerang","floor":41},{"not_picked":["Sword Boomerang","Headbutt"],"picked":"Twin Strike","floor":47},{"not_picked":["Sword Boomerang","Armaments"],"picked":"Pummel","floor":48}],"player_experience":256887,"potions_floor_usage":[2,16,16,23,33,47,47,50,50,50],"damage_taken":[{"damage":12,"enemies":"Jaw Worm","floor":1,"turns":2},{"damage":10,"enemies":"Small Slimes","floor":2,"turns":2},{"damage":9,"enemies":"2 Louse","floor":4,"turns":2},{"damage":8,"enemies":"Blue Slaver","floor":5,"turns":2},{"damage":5,"enemies":"Gremlin Gang","floor":12,"turns":3},{"damage":0,"enemies":"2 Fungi Beasts","floor":13,"turns":2},{"damage":0,"enemies":"Large Slime","floor":14,"turns":4},{"damage":31,"enemies":"The Guardian","floor":16,"turns":6},{"damage":7,"enemies":"3 Byrds","floor":18,"turns":3},{"damage":21,"enemies":"Book of Stabbing","floor":23,"turns":3},{"damage":27,"enemies":"Gremlin Leader","floor":25,"turns":2},{"damage":0,"enemies":"Chosen","floor":28,"turns":2},{"damage":5,"enemies":"3 Cultists","floor":31,"turns":3},{"damage":0,"enemies":"Collector","floor":33,"turns":2},{"damage":40,"enemies":"3 Shapes","floor":35,"turns":3},{"damage":0,"enemies":"Orb Walker","floor":41,"turns":1},{"damage":4,"enemies":"3 Darklings","floor":44,"turns":2},{"damage":10,"enemies":"Sphere and 2 Shapes","floor":45,"turns":3},{"damage":31,"enemies":"Maw","floor":46,"turns":4},{"damage":26,"enemies":"4 Shapes","floor":47,"turns":2},{"damage":15,"enemies":"3 Darklings","floor":48,"turns":2},{"damage":56,"enemies":"Donu and Deca","floor":50,"turns":3}],"event_choices":[{"event_name":"Scrap Ooze","player_choice":"success","floor":3,"damage_taken":7},{"event_name":"Shining Light","player_choice":"Entered Light","floor":7,"damage_taken":0},{"event_name":"World of Goop","player_choice":"Gather Gold","floor":11,"damage_taken":0},{"event_name":"Cursed Tome","player_choice":"Obtained Book","floor":19,"damage_taken":0},{"event_name":"Purifier","player_choice":"One Purge","floor":20,"damage_taken":0},{"event_name":"The Mausoleum","player_choice":"No","floor":21,"damage_taken":0},{"event_name":"Vampires","player_choice":"Ignored","floor":30,"damage_taken":0},{"event_name":"Tomb of Lord Red Mask","player_choice":"Ignored","floor":36,"damage_taken":0}],"boss_relics":[{"not_picked":["Black Star","Pandora\u0027s Box"],"picked":"Astrolabe"},{"not_picked":["Lizard Tail","Philosopher\u0027s Stone"],"picked":"Black Blood"}],"potions_floor_spawned":[1,12,14,18,31,33,41,45,47,48],"seed_played":"5562615561358619845","killed_by":"Donu and Deca","ascension_level":5,"is_trial":false}