{"path_per_floor":["M","M","?","M","M","E","M","R","T","E","M","M","?","M","R"],"character_chosen":"THE_SILENT","items_purchased":[],"gold_per_floor":[143,156,156,169,185,210,221,221,221,253,266,285,285,295,295],"floor_reached":16,"campfire_rested":2,"playtime":909,"current_hp_per_floor":[67,67,52,44,34,18,18,40,40,19,18,9,2,2,24],"items_purged":[],"gold":295,"play_id":"e4c88ca0-4e35-4e51-bf44-5cb31ffa9851","is_prod":false,"is_daily":false,"campfire_rituals":0,"campfire_upgraded":0,"is_hardmode":false,"path_taken":["M","M","?","M","M","E","M","R","T","E","M","M","?","M","R","BOSS"],"build_version":"2018-01-11-PROD2","purchased_purges":0,"victory":false,"master_deck":["Defend_G","Defend_G","Defend_G","Defend_G","Defend_G","Strike_G","Strike_G","Strike_G","Strike_G","Strike_G","Survivor","Neutralize","Wraith Form","Escape Plan","Bouncing Flask","Distraction","Dagger Spray","Die Die Die","Endless Agony","Dash","Eviscerate","Dodge and Roll","Caltrops"],"max_hp_per_floor":[75,75,75,75,75,75,75,75,75,75,75,75,75,75,75],"relics":["Tiny House","Pen Nib","Unceasing Top","War Paint","Girya"],"campfire_meditates":0,"card_choices":[{"not_picked":["Caltrops","Bouncing Flask"],"picked":"Wraith Form"},{"not_picked":["Prepared","Predator"],"picked":"Escape Plan"},{"not_picked":["Leg Sweep","Slice"],"picked":"Bouncing Flask"},{"not_picked":["Bane","Slice"],"picked":"Distraction"},{"not_picked":["Quick Slash","Flying Knee"],"picked":"Dagger Spray"},{"not_picked":["Heel Hook","Malaise"],"picked":"Die Die Die"},{"not_picked":["Deadly Poison","Masterful Stab"],"picked":"Endless Agony"},{"not_picked":["Bane","Poisoned Stab"],"picked":"Dash"},{"not_picked":["Deadly Poison","Dagger Throw"],"picked":"Eviscerate"},{"not_picked":["Poisoned Stab","Quick Slash"],"picked":"Dodge and Roll"},{"not_picked":["Dagger Throw","Blade Dance"],"picked":"Caltrops"}],"player_experience":8515,"potions_floor_usage":[],"damage_taken":[{"damage":8,"enemies":"Cultist","floor":1,"turns":6},{"damage":0,"enemies":"2 Louse","floor":2,"turns":2},{"damage":8,"enemies":"Small Slimes","floor":4,"turns":4},{"damage":10,"enemies":"Looter","floor":5,"turns":3},{"damage":16,"enemies":"Lagavulin","floor":6,"turns":6},{"damage":0,"enemies":"3 Louse","floor":7,"turns":1},{"damage":21,"enemies":"3 Sentries","floor":10,"turns":4},{"damage":1,"enemies":"Red Slaver","floor":11,"turns":2},{"damage":9,"enemies":"Large Slime","floor":12,"turns":5},{"damage":0,"enemies":"Exordium Thugs","floor":14,"turns":3},{"damage":36,"enemies":"Slime Boss","floor":16,"turns":3}],"event_choices":[{"event_name":"Shining Light","player_choice":"Entered Light","floor":3,"damage_taken":0},{"event_name":"Scrap Ooze","player_choice":"success","floor":13,"damage_taken":7}],"boss_relics":[],"potions_floor_spawned":[1,2,6,7,12],"seed_played":"2126729499759232657","killed_by":"Slime Boss","is_trial":false}