{"path_per_floor":["M","?","$","M","M","E","R","$","T","R","?","M","?","M","R","B",null,"M","?","?","M","M","R","M","E","T","M","M","?"],"character_chosen":"THE_SILENT","items_purchased":["Infinite Blades","Calculated Gamble","Flying Knee"],"gold_per_floor":[117,117,2,15,29,55,55,9,9,9,84,100,100,115,115,217,217,231,146,46,62,76,76,92,125,176,187,204,204],"floor_reached":30,"campfire_rested":3,"playtime":2113,"current_hp_per_floor":[70,70,70,66,55,28,49,49,49,70,59,59,59,59,59,56,70,55,55,55,52,24,45,32,39,39,36,12,12],"items_purged":[],"gold":204,"play_id":"d200c31f-f7d7-489a-b897-202c1077a8aa","is_prod":false,"is_daily":false,"campfire_rituals":0,"campfire_upgraded":1,"is_hardmode":false,"path_taken":["M","?","?","M","M","E","R","$","T","R","?","?","?","M","R","BOSS","M","?","?","M","M","R","M","E","T","M","M","?","?"],"build_version":"2018-01-11-PROD2","purchased_purges":0,"victory":false,"master_deck":["Defend_G","Defend_G","Defend_G","Defend_G","Strike_G","Strike_G","Strike_G","Strike_G","Strike_G","Survivor","Dagger Spray","Infinite Blades","Calculated Gamble","Noxious Fumes","Predator","Adrenaline","Flying Knee","Dagger Spray","Adrenaline","All Out Attack","Phantasmal Killer","Riddle With Holes","PiercingWail","Deflect","Dagger Spray","Well Laid Plans","Backstab","J.A.X.","Calculated Gamble","A Thousand Cuts","Dagger Throw","Dodge and Roll","Deflect","Bullet Time"],"max_hp_per_floor":[70,70,70,70,70,70,70,70,70,70,70,70,70,70,70,70,70,70,70,70,70,70,70,70,84,84,84,84,84],"relics":["Ring of the Snake","Shuriken","Thread and Needle","Orrery","Gambling Chip","Mango","Molten Egg"],"campfire_meditates":0,"card_choices":[{"not_picked":["Sucker Punch","Heel Hook"],"picked":"Dagger Spray"},{"not_picked":["Dagger Throw","PiercingWail"],"picked":"Noxious Fumes"},{"not_picked":["Deflect","PiercingWail"],"picked":"Predator"},{"not_picked":["Backflip","Terror"],"picked":"Adrenaline"},{"not_picked":["Predator","Skewer"],"picked":"Dagger Spray"},{"not_picked":["Crippling Poison","Flying Knee"],"picked":"All Out Attack"},{"not_picked":["Bullet Time","Unload"],"picked":"Phantasmal Killer"},{"not_picked":["Terror","PiercingWail"],"picked":"Riddle With Holes"},{"not_picked":["Outmaneuver","Deflect"],"picked":"PiercingWail"},{"not_picked":["Deadly Poison","Slice"],"picked":"Deflect"},{"not_picked":["Deadly Poison","Flying Knee"],"picked":"Dagger Spray"},{"not_picked":["Venomology","Dagger Spray"],"picked":"Well Laid Plans"},{"not_picked":["Deflect","Acrobatics"],"picked":"Backstab"},{"not_picked":["Deflect","Acrobatics"],"picked":"Calculated Gamble"},{"not_picked":["Prepared","Sucker Punch"],"picked":"A Thousand Cuts"},{"not_picked":["Acrobatics","Masterful Stab"],"picked":"Dagger Throw"},{"not_picked":["Predator","Flechettes"],"picked":"Dodge and Roll"},{"not_picked":["Acrobatics","PiercingWail"],"picked":"Deflect"},{"not_picked":["Flying Knee","Dagger Spray"],"picked":"Bullet Time"}],"player_experience":4926,"potions_floor_usage":[],"damage_taken":[{"damage":0,"enemies":"Jaw Worm","floor":1,"turns":5},{"damage":4,"enemies":"Blue Slaver","floor":4,"turns":4},{"damage":11,"enemies":"2 Louse","floor":5,"turns":2},{"damage":27,"enemies":"3 Sentries","floor":6,"turns":5},{"damage":0,"enemies":"Red Slaver","floor":12,"turns":3},{"damage":0,"enemies":"Large Slime","floor":14,"turns":4},{"damage":3,"enemies":"Slime Boss","floor":16,"turns":6},{"damage":15,"enemies":"2 Thieves","floor":18,"turns":4},{"damage":3,"enemies":"3 Byrds","floor":21,"turns":2},{"damage":28,"enemies":"3 Cultists","floor":22,"turns":4},{"damage":13,"enemies":"Snake Plant","floor":24,"turns":5},{"damage":7,"enemies":"Gremlin Leader","floor":25,"turns":6},{"damage":3,"enemies":"Centurion and Healer","floor":27,"turns":6},{"damage":24,"enemies":"Sentry and Sphere","floor":28,"turns":6},{"damage":18,"enemies":"Snecko","floor":30,"turns":4}],"event_choices":[{"event_name":"Purifier","player_choice":"One Purge","floor":2,"damage_taken":0},{"event_name":"World of Goop","player_choice":"Gather Gold","floor":11,"damage_taken":0},{"event_name":"Living Wall","player_choice":"Change","floor":13,"damage_taken":0},{"event_name":"Addict","player_choice":"Obtained Relic","floor":19,"damage_taken":0},{"event_name":"Drug Dealer","player_choice":"Got JAXXED","floor":20,"damage_taken":0},{"event_name":"Purifier","player_choice":"Skipped","floor":29,"damage_taken":0}],"boss_relics":[{"not_picked":["Snecko Eye","Runic Pyramid"],"picked":"Orrery"}],"potions_floor_spawned":[4,12,14,16,21,22,25],"seed_played":"-7998220085076718886","killed_by":"Snecko","is_trial":false}