{"path_per_floor":["M","$","?","?","?","E","R","M","T","M","M","M","M","M","R","B",null,"M","$","M","?","M","R","?","?","T","?","M"],"character_chosen":"THE_SILENT","items_purchased":["Noxious Fumes","Dagger Throw","Gremlin Horn","Venomology","Dagger Throw","Cloak And Dagger"],"gold_per_floor":[114,16,16,191,266,297,297,311,311,331,347,357,375,391,391,486,486,500,26,40,40,51,51,51,51,51,51,65],"floor_reached":29,"campfire_rested":3,"playtime":2295,"current_hp_per_floor":[61,61,61,61,50,40,63,63,63,63,65,65,51,48,71,4,79,43,43,26,79,34,57,57,41,41,41,2],"items_purged":[],"gold":65,"play_id":"c00c5223-82ec-4edd-ae5b-d0dc921dccb9","is_prod":false,"is_daily":false,"is_ascension_mode":false,"campfire_upgraded":0,"path_taken":["M","$","?","?","?","E","R","M","T","?","M","M","?","M","R","BOSS","M","$","M","?","?","R","?","?","T","?","M","M"],"build_version":"2018-02-01-PROD3","purchased_purges":0,"victory":false,"master_deck":["Defend_G","Defend_G","Defend_G+1","Defend_G","Defend_G+1","Strike_G","Strike_G","Strike_G","Strike_G","Strike_G","Survivor","Neutralize","Cloak And Dagger","Noxious Fumes","Dagger Throw","Doubt","Dagger Spray","Burst","Blade Dance","Predator","Bane","Acrobatics","Corpse Explosion","Clumsy","Writhe","Writhe","Noxious Fumes","Venomology","Dagger Throw","Cloak And Dagger","Backflip+1","Distraction","Reflex+1"],"max_hp_per_floor":[70,70,70,70,70,77,77,77,77,77,79,79,79,79,79,79,79,79,79,79,79,79,79,79,79,79,79,79],"relics":["Ring of the Snake","Singing Bowl","Strawberry","War Paint","Calling Bell","Oddly Smooth Stone","Toolbox","Ornamental Fan","Gremlin Horn","Nilry\u0027s Codex","Smiling Mask"],"card_choices":[{"not_picked":["Poisoned Stab","Malaise"],"picked":"Cloak And Dagger"},{"not_picked":["Acrobatics","Outmaneuver"],"picked":"Dagger Spray"},{"not_picked":["Dagger Spray","Quick Slash"],"picked":"Burst"},{"not_picked":["Slice","Dagger Throw"],"picked":"Blade Dance"},{"not_picked":["All Out Attack","Reflex"],"picked":"Predator"},{"not_picked":["Sucker Punch","Quick Slash"],"picked":"Bane"},{"not_picked":["Quick Slash","Cloak And Dagger"],"picked":"Acrobatics"},{"not_picked":["Tactician","Night Terror"],"picked":"Corpse Explosion"},{"not_picked":["Reflex","Cloak And Dagger"],"picked":"Noxious Fumes"},{"not_picked":["Skewer","Slice"],"picked":"Backflip"},{"not_picked":["Flechettes","Outmaneuver"],"picked":"Distraction"},{"not_picked":["Concentrate","Poisoned Stab"],"picked":"Reflex"}],"player_experience":36803,"potions_floor_usage":[18,20,20,22,22,28],"damage_taken":[{"damage":9,"enemies":"Blue Slaver","floor":1,"turns":6},{"damage":17,"enemies":"3 Sentries","floor":6,"turns":9},{"damage":0,"enemies":"Cultist","floor":8,"turns":4},{"damage":0,"enemies":"Jaw Worm","floor":10,"turns":5},{"damage":0,"enemies":"Lots of Slimes","floor":11,"turns":2},{"damage":0,"enemies":"2 Fungi Beasts","floor":12,"turns":4},{"damage":14,"enemies":"Exordium Wildlife","floor":13,"turns":5},{"damage":3,"enemies":"Looter","floor":14,"turns":3},{"damage":67,"enemies":"The Guardian","floor":16,"turns":14},{"damage":36,"enemies":"Spheric Guardian","floor":18,"turns":6},{"damage":17,"enemies":"Chosen","floor":20,"turns":8},{"damage":45,"enemies":"Sentry and Sphere","floor":22,"turns":8},{"damage":39,"enemies":"Centurion and Healer","floor":28,"turns":8},{"damage":3,"enemies":"Snake Plant","floor":29,"turns":1}],"event_choices":[{"event_name":"Accursed Blacksmith","player_choice":"Rummage","floor":3,"damage_taken":0},{"event_name":"Liars Game","player_choice":"agreed","floor":4,"damage_taken":0},{"event_name":"World of Goop","player_choice":"Gather Gold","floor":5,"damage_taken":0},{"event_name":"Wheel of Change","player_choice":"Full Heal","floor":21,"damage_taken":0},{"event_name":"Purifier","player_choice":"One Purge","floor":24,"damage_taken":0},{"event_name":"Cursed Tome","player_choice":"Obtained Book","floor":25,"damage_taken":0},{"event_name":"Vampires","player_choice":"Ignored","floor":27,"damage_taken":0}],"boss_relics":[{"not_picked":["Lizard Tail","Philosopher\u0027s Stone"],"picked":"Calling Bell"}],"potions_floor_spawned":[6,8,12,14,28],"seed_played":"-3807194786478629203","killed_by":"Snake Plant","ascension_level":0,"is_trial":false}