{"path_per_floor":["M","?","$","?","M","R","?","E","T","R","M","R","$","M","R","B",null,"M","?"],"character_chosen":"THE_SILENT","items_purchased":["Dead Branch","Caltrops","Prayer Wheel"],"gold_per_floor":[361,361,37,37,52,52,127,160,160,160,173,173,30,47,47,149,149,165,165],"floor_reached":20,"campfire_rested":3,"playtime":806,"current_hp_per_floor":[69,69,69,70,70,70,59,17,17,38,34,55,55,48,69,20,70,29,29],"items_purged":[],"gold":105,"score":170,"play_id":"8264eeb6-a2a8-41ad-9499-f849f610b6bd","is_prod":false,"is_daily":false,"is_ascension_mode":false,"campfire_upgraded":1,"path_taken":["M","?","$","?","M","R","?","E","T","R","?","R","?","?","R","BOSS","M","?","M"],"build_version":"2018-02-08-PROD1","purchased_purges":0,"victory":false,"master_deck":["Defend_G","Defend_G","Defend_G","Defend_G","Defend_G","Strike_G","Strike_G","Strike_G","Strike_G","Survivor","Neutralize","Writhe","Backflip","Caltrops+1","Dagger Spray","Flying Knee","Dodge and Roll","Noxious Fumes","A Thousand Cuts","Noxious Fumes+1"],"max_hp_per_floor":[70,70,70,70,70,70,70,70,70,70,70,70,70,70,70,70,70,70,70],"relics":["Ring of the Snake","Dead Branch","Kunai","Prayer Wheel","Eternal Feather","Nloth\u0027s Gift"],"card_choices":[{"not_picked":["Underhanded Strike","PiercingWail"],"picked":"Predator"},{"not_picked":["Sucker Punch","Deadly Poison"],"picked":"Dagger Spray"},{"not_picked":["Outmaneuver","Grand Finale"],"picked":"Flying Knee"},{"not_picked":["Reflex","Underhanded Strike"],"picked":"Dodge and Roll"},{"not_picked":["Dagger Spray","Bouncing Flask"],"picked":"Noxious Fumes"},{"not_picked":["Night Terror","Tools of the Trade"],"picked":"A Thousand Cuts"},{"not_picked":["Underhanded Strike","Deadly Poison"],"picked":"Noxious Fumes"}],"player_experience":62922,"potions_floor_usage":[],"damage_taken":[{"damage":1,"enemies":"Jaw Worm","floor":1,"turns":5},{"damage":0,"enemies":"Cultist","floor":5,"turns":5},{"damage":42,"enemies":"Gremlin Nob","floor":8,"turns":6},{"damage":4,"enemies":"Blue Slaver","floor":11,"turns":5},{"damage":7,"enemies":"2 Fungi Beasts","floor":14,"turns":3},{"damage":49,"enemies":"The Guardian","floor":16,"turns":13},{"damage":41,"enemies":"Chosen","floor":18,"turns":7},{"damage":30,"enemies":"2 Thieves","floor":20,"turns":2}],"event_choices":[{"event_name":"Living Wall","player_choice":"Change","floor":2,"damage_taken":0},{"event_name":"Bonfire Elementals","player_choice":"UNCOMMON","floor":4,"damage_taken":0},{"event_name":"World of Goop","player_choice":"Gather Gold","floor":7,"damage_taken":0},{"event_name":"N\u0027loth","player_choice":"Traded a Sundial","floor":19,"damage_taken":0}],"boss_relics":[{"not_picked":["Philosopher\u0027s Stone","Snecko Eye"],"picked":"Eternal Feather"}],"potions_floor_spawned":[8,16],"seed_played":"-3360842828116470354","killed_by":"2 Thieves","ascension_level":0,"is_trial":false}