{"path_per_floor":["M","$","?","$","?","?","M","M","T","E","?","E","R","M","R","B",null,"M","?","M","?","$"],"character_chosen":"THE_SILENT","items_purchased":["Die Die Die","Accuracy","Madness"],"gold_per_floor":[109,109,109,31,31,31,46,64,64,99,99,128,128,146,146,250,250,268,268,288,203,24],"floor_reached":23,"campfire_rested":1,"playtime":673,"current_hp_per_floor":[70,70,70,70,70,70,70,70,70,48,48,31,52,50,50,2,70,43,66,67,67,67],"items_purged":[],"gold":24,"score":197,"play_id":"7e86229f-cb1d-49e9-ac81-f12c28d177ba","is_prod":false,"is_daily":false,"is_ascension_mode":false,"campfire_upgraded":1,"path_taken":["M","$","?","$","?","?","M","?","T","E","?","E","R","M","R","BOSS","M","?","M","?","$","E"],"build_version":"2018-02-15-PROD1","purchased_purges":0,"victory":false,"master_deck":["Defend_G","Defend_G","Defend_G","Defend_G","Defend_G","Strike_G","Strike_G","Strike_G","Survivor","Neutralize","Endless Agony","Die Die Die","Regret","Backflip","Prepared","Bouncing Flask+1","Noxious Fumes","Blade Dance","Bane","Night Terror","Bane","Accuracy","Madness"],"max_hp_per_floor":[70,70,70,70,70,70,70,70,70,70,70,70,70,70,70,70,70,70,70,72,72,72],"relics":["Ring of the Snake","NeowsBlessing","Singing Bowl","Blood Vial","Paper Crane","Juzu Bracelet","Eternal Feather","Ornamental Fan"],"card_choices":[{"not_picked":["Riddle With Holes","Backflip"],"picked":"Endless Agony"},{"not_picked":["Quick Slash","Underhanded Strike"],"picked":"Prepared"},{"not_picked":["Noxious Fumes","Backflip"],"picked":"Bouncing Flask"},{"not_picked":["Bane","Poisoned Stab"],"picked":"Noxious Fumes"},{"not_picked":["Flechettes","Flying Knee"],"picked":"Blade Dance"},{"not_picked":["Backflip","Acrobatics"],"picked":"Bane"},{"not_picked":["Adrenaline","Tactician"],"picked":"Night Terror"},{"not_picked":["Backflip","Infinite Blades"],"picked":"Bane"}],"player_experience":111871,"potions_floor_usage":[10,12,12,12,18],"damage_taken":[{"damage":0,"enemies":"Cultist","floor":1,"turns":1},{"damage":0,"enemies":"2 Louse","floor":7,"turns":1},{"damage":0,"enemies":"Jaw Worm","floor":8,"turns":1},{"damage":22,"enemies":"Lagavulin","floor":10,"turns":5},{"damage":19,"enemies":"3 Sentries","floor":12,"turns":7},{"damage":4,"enemies":"2 Fungi Beasts","floor":14,"turns":2},{"damage":50,"enemies":"The Guardian","floor":16,"turns":9},{"damage":27,"enemies":"3 Byrds","floor":18,"turns":5},{"damage":3,"enemies":"Chosen","floor":20,"turns":5},{"damage":71,"enemies":"Gremlin Leader","floor":23,"turns":5}],"event_choices":[{"event_name":"Purifier","player_choice":"One Purge","floor":3,"damage_taken":0},{"event_name":"Big Fish","player_choice":"Box","floor":5,"damage_taken":0},{"event_name":"Living Wall","player_choice":"Change","floor":6,"damage_taken":0},{"event_name":"The Lab","player_choice":"Got Potions","floor":11,"damage_taken":0},{"event_name":"The Library","player_choice":"Heal","floor":19,"damage_taken":0},{"event_name":"Addict","player_choice":"Obtained Relic","floor":21,"damage_taken":0}],"boss_relics":[{"not_picked":["Black Star","Ectoplasm"],"picked":"Eternal Feather"}],"potions_floor_spawned":[1,16],"seed_played":"2745482604539342788","killed_by":"Gremlin Leader","ascension_level":0,"is_trial":false}