{"path_per_floor":["M","?","?","$","M","R","M","M","T","E","R","M","M","M","R"],"character_chosen":"THE_SILENT","items_purchased":["Blood Vial","Good Instincts","Accuracy"],"gold_per_floor":[113,288,288,3,28,28,49,72,120,156,156,176,201,220,220],"floor_reached":16,"campfire_rested":2,"playtime":624,"current_hp_per_floor":[70,70,70,70,66,66,65,49,49,33,54,54,43,34,55],"items_purged":[],"gold":220,"score":104,"play_id":"a95c3eee-e8a1-4aa5-b5ef-3f8008793061","is_prod":false,"is_daily":false,"is_ascension_mode":false,"campfire_upgraded":1,"path_taken":["M","?","?","?","M","R","?","M","T","E","R","M","M","M","R","BOSS"],"build_version":"2018-02-08-PROD1","purchased_purges":0,"victory":false,"master_deck":["Defend_G","Defend_G","Defend_G","Defend_G","Defend_G","Strike_G","Strike_G","Strike_G","Strike_G","Strike_G","Survivor","Neutralize","Infinite Blades+1","Doubt","Injury","Good Instincts","Accuracy","Blade Dance","Bouncing Flask","Sucker Punch","Predator","Dodge and Roll","Distraction","Sucker Punch"],"max_hp_per_floor":[70,70,70,70,70,70,70,70,70,70,70,70,70,70,70],"relics":["Ring of the Snake","Orichalcum","Golden Idol","Blood Vial","Vajra","Omamori"],"card_choices":[{"not_picked":["Poisoned Stab","Acrobatics"],"picked":"Infinite Blades"},{"not_picked":["Sucker Punch","Infinite Blades"],"picked":"Blade Dance"},{"not_picked":["Quick Slash","Heel Hook"],"picked":"Bouncing Flask"},{"not_picked":["Riddle With Holes","Slice"],"picked":"Sucker Punch"},{"not_picked":["Backflip","Flechettes"],"picked":"Predator"},{"not_picked":["Crippling Poison","Poisoned Stab"],"picked":"Dodge and Roll"},{"not_picked":["Deflect","Flying Knee"],"picked":"Distraction"},{"not_picked":["Underhanded Strike","Bane"],"picked":"Sucker Punch"}],"player_experience":68073,"potions_floor_usage":[10,10],"damage_taken":[{"damage":0,"enemies":"Small Slimes","floor":1,"turns":3},{"damage":4,"enemies":"2 Louse","floor":5,"turns":4},{"damage":3,"enemies":"Jaw Worm","floor":7,"turns":4},{"damage":18,"enemies":"Large Slime","floor":8,"turns":7},{"damage":18,"enemies":"Gremlin Nob","floor":10,"turns":4},{"damage":2,"enemies":"Looter","floor":12,"turns":3},{"damage":13,"enemies":"Exordium Wildlife","floor":13,"turns":3},{"damage":11,"enemies":"Exordium Thugs","floor":14,"turns":5},{"damage":57,"enemies":"Slime Boss","floor":16,"turns":8}],"event_choices":[{"event_name":"Liars Game","player_choice":"agreed","floor":2,"damage_taken":0},{"event_name":"Golden Idol","player_choice":"Take Wound","floor":3,"damage_taken":0}],"boss_relics":[],"potions_floor_spawned":[5,7,13],"seed_played":"6905139305878408797","killed_by":"Slime Boss","ascension_level":0,"is_trial":false}