{"path_per_floor":["M","?","$","M","M","R","E","M","T","?","$","?","M","$","R","B",null,"M","?","?","?","T","E","M","R","T","M","R","?","M","M","R","B",null,"M","$","?","?","M","R","M","T","T","R","M","M","$","M","R","B"],"character_chosen":"THE_SILENT","items_purchased":["Footwork","Underhanded Strike","Cloak And Dagger","Outmaneuver","Bronze Scales","Kunai","Infinite Blades","Blade Dance","Dagger Spray"],"gold_per_floor":[111,111,18,35,46,46,80,92,92,192,92,167,179,24,24,129,129,139,139,139,139,139,170,189,189,213,224,224,224,244,256,256,256,256,268,6,6,6,21,21,36,109,134,134,149,168,1,13,13,13],"floor_reached":51,"campfire_rested":4,"playtime":2385,"current_hp_per_floor":[70,70,70,70,70,70,56,44,44,44,44,33,28,28,49,10,70,55,55,39,39,39,33,37,58,58,61,61,61,59,64,64,4,70,70,70,61,61,67,67,21,21,21,42,34,13,13,23,44,22],"items_purged":[],"gold":13,"score":568,"play_id":"729c84ac-0df3-4095-8f9d-4f2d0c4d5a89","is_prod":false,"is_daily":false,"is_ascension_mode":false,"campfire_upgraded":4,"path_taken":["M","?","$","M","M","R","E","M","T","?","$","?","M","$","R","BOSS","M","?","?","?","?","E","M","R","T","M","R","?","M","M","R","BOSS","M","$","?","?","M","R","M","?","T","R","M","M","$","M","R","BOSS"],"build_version":"2018-02-12-PROD1","purchased_purges":0,"victory":true,"master_deck":["Defend_G","Defend_G","Defend_G","Defend_G","Strike_G","Strike_G","Strike_G","Strike_G","Survivor","Neutralize","Dagger Spray","Dodge and Roll","Footwork","Underhanded Strike","Poisoned Stab","Dash+1","Deadly Poison","Cloak And Dagger","Cloak And Dagger","Outmaneuver","After Image+1","Bullet Time+1","Noxious Fumes","Necronomicurse","Dash+1","Predator+1","Cloak And Dagger+1","Blur","Dagger Spray","Backflip+1","Poisoned Stab","Burst","Bane","Madness","Madness","Dodge and Roll+1","Quick Slash","Backflip+1","Outmaneuver+1","Infinite Blades","Blade Dance+1","Dagger Spray","Dagger Spray+1"],"max_hp_per_floor":[70,70,70,70,70,70,70,70,70,70,70,70,70,70,70,70,70,70,70,70,70,70,70,70,70,70,70,70,70,70,70,70,70,70,70,70,70,70,70,70,70,70,70,70,70,70,70,70,70,70],"relics":["Ring of the Snake","NeowsBlessing","Juzu Bracelet","Ginger","Bronze Scales","Snecko Eye","Necronomicon","Bird Faced Urn","Torii","Blood Vial","Lizard Tail","Kunai","Toxic Egg 2","Prayer Wheel"],"card_choices":[{"not_picked":["Flechettes","Underhanded Strike"],"picked":"Dagger Spray"},{"not_picked":["Deflect","Setup"],"picked":"Poisoned Stab"},{"not_picked":["Slice","Heel Hook"],"picked":"Dash"},{"not_picked":["Dagger Throw","Quick Slash"],"picked":"Deadly Poison"},{"not_picked":["Prepared","Malaise"],"picked":"Cloak And Dagger"},{"not_picked":["Terror","Backflip"],"picked":"After Image"},{"not_picked":["Glass Knife","Adrenaline"],"picked":"Bullet Time"},{"not_picked":["Footwork","Riddle With Holes"],"picked":"Noxious Fumes"},{"not_picked":["Noxious Fumes","Concentrate"],"picked":"Predator"},{"not_picked":["Concentrate","Bouncing Flask"],"picked":"Cloak And Dagger"},{"not_picked":["Bane","PiercingWail"],"picked":"Blur"},{"not_picked":["Concentrate","Dagger Spray"],"picked":"Backflip"},{"not_picked":["Dagger Throw","Flechettes"],"picked":"Poisoned Stab"},{"not_picked":["Tactician","Tools of the Trade"],"picked":"Burst"},{"not_picked":["Dagger Throw","Slice"],"picked":"Bane"},{"not_picked":["Underhanded Strike","Bane"],"picked":"Dodge and Roll"},{"not_picked":["Slice","Flechettes"],"picked":"Quick Slash"},{"not_picked":["Malaise","Well Laid Plans"],"picked":"Backflip"},{"not_picked":["Glass Knife","Quick Slash"],"picked":"Outmaneuver"},{"not_picked":["Eviscerate","Reflex"],"picked":"Dagger Spray"}],"player_experience":98454,"potions_floor_usage":[7,8,13,18,23,27,33,39,41],"damage_taken":[{"damage":0,"enemies":"Cultist","floor":1,"turns":1},{"damage":0,"enemies":"2 Louse","floor":4,"turns":1},{"damage":0,"enemies":"Blue Slaver","floor":5,"turns":1},{"damage":14,"enemies":"Gremlin Nob","floor":7,"turns":5},{"damage":12,"enemies":"2 Fungi Beasts","floor":8,"turns":4},{"damage":5,"enemies":"3 Louse","floor":13,"turns":2},{"damage":39,"enemies":"The Guardian","floor":16,"turns":14},{"damage":15,"enemies":"Shell Parasite","floor":18,"turns":4},{"damage":10,"enemies":"Book of Stabbing","floor":23,"turns":6},{"damage":0,"enemies":"Chosen","floor":24,"turns":4},{"damage":1,"enemies":"Snecko","floor":27,"turns":3},{"damage":8,"enemies":"Snake Plant","floor":30,"turns":4},{"damage":1,"enemies":"Centurion and Healer","floor":31,"turns":5},{"damage":66,"enemies":"Collector","floor":33,"turns":11},{"damage":1,"enemies":"3 Darklings","floor":35,"turns":5},{"damage":0,"enemies":"Orb Walker","floor":39,"turns":3},{"damage":53,"enemies":"4 Shapes","floor":41,"turns":8},{"damage":12,"enemies":"Sphere and 2 Shapes","floor":45,"turns":6},{"damage":29,"enemies":"Maw","floor":46,"turns":9},{"damage":0,"enemies":"3 Darklings","floor":48,"turns":9},{"damage":82,"enemies":"Donu and Deca","floor":50,"turns":15}],"event_choices":[{"event_name":"Living Wall","player_choice":"Change","floor":2,"damage_taken":0},{"event_name":"Wheel of Change","player_choice":"Gold","floor":10,"damage_taken":0},{"event_name":"World of Goop","player_choice":"Gather Gold","floor":12,"damage_taken":0},{"event_name":"Purifier","player_choice":"One Purge","floor":19,"damage_taken":0},{"event_name":"Cursed Tome","player_choice":"Obtained Book","floor":20,"damage_taken":0},{"event_name":"Duplicator","player_choice":"One dupe","floor":21,"damage_taken":0},{"event_name":"The Library","player_choice":"Read","floor":29,"damage_taken":0},{"event_name":"Winding Halls","player_choice":"Embrace Madness","floor":37,"damage_taken":0},{"event_name":"Mysterious Sphere","player_choice":"Ignore","floor":38,"damage_taken":0}],"boss_relics":[{"not_picked":["Velvet Choker","White Beast Statue"],"picked":"Snecko Eye"},{"not_picked":["Question Card","Eternal Feather"],"picked":"Lizard Tail"}],"potions_floor_spawned":[1,7,8,16,18,23,31,35,39],"seed_played":"-3902462384554250594","ascension_level":0,"is_trial":false}