{"path_per_floor":["M","?","?","M","M","R","E","M","T","R","M","?","?","M","R","B",null,"M","?","M","M","M","R"],"character_chosen":"THE_SILENT","items_purchased":[],"gold_per_floor":[114,114,114,133,143,143,173,189,213,213,227,302,358,378,378,478,478,493,493,504,516,535,535],"floor_reached":24,"campfire_rested":3,"playtime":1135,"current_hp_per_floor":[69,69,69,69,64,64,50,46,46,67,60,49,45,35,59,11,80,69,69,52,43,7,31],"items_purged":[],"gold":535,"score":200,"play_id":"9894e344-808e-415e-9c60-df49a43f8a0a","is_prod":false,"is_daily":false,"is_ascension_mode":false,"campfire_upgraded":1,"path_taken":["M","?","?","M","M","R","E","M","T","R","M","?","?","M","R","BOSS","M","?","M","M","M","R","M"],"build_version":"2018-02-12-PROD1","purchased_purges":0,"victory":false,"master_deck":["Defend_G","Defend_G","Defend_G","Defend_G","Strike_G","Strike_G","Strike_G","Strike_G","Strike_G","Survivor","Neutralize","Slice+1","Quick Slash","Dodge and Roll","Flying Knee+1","Poisoned Stab","Dagger Spray","Backflip","Die Die Die","Concentrate","Heel Hook","Bouncing Flask","A Thousand Cuts","Dash","Writhe","Setup","Reflex+1","Footwork","Footwork"],"max_hp_per_floor":[70,70,70,70,70,70,70,70,70,70,70,70,80,80,80,80,80,80,80,80,80,80,80],"relics":["Ring of the Snake","Snake Skull","Vajra","Dream Catcher","Pear","The Specimen","Art of War"],"card_choices":[{"not_picked":["Malaise","Calculated Gamble"],"picked":"Slice"},{"not_picked":["Underhanded Strike","PiercingWail"],"picked":"Dodge and Roll"},{"not_picked":["Underhanded Strike","Poisoned Stab"],"picked":"Flying Knee"},{"not_picked":["Cloak And Dagger","Sucker Punch"],"picked":"Poisoned Stab"},{"not_picked":["Cloak And Dagger","Quick Slash"],"picked":"Dagger Spray"},{"not_picked":["Caltrops","Flechettes"],"picked":"Backflip"},{"not_picked":["Endless Agony","Setup"],"picked":"Die Die Die"},{"not_picked":["Malaise","Cloak And Dagger"],"picked":"Concentrate"},{"not_picked":["Dagger Spray","Dodge and Roll"],"picked":"Heel Hook"},{"not_picked":["Slice","Quick Slash"],"picked":"Bouncing Flask"},{"not_picked":["Glass Knife","Grand Finale"],"picked":"A Thousand Cuts"},{"not_picked":["Infinite Blades","Distraction"],"picked":"Dash"},{"not_picked":["Dagger Spray","Underhanded Strike"],"picked":"Setup"},{"not_picked":["Flying Knee","Blade Dance"],"picked":"Reflex"},{"not_picked":["Dagger Spray","Outmaneuver"],"picked":"Footwork"},{"not_picked":["Heel Hook","Quick Slash"],"picked":"Footwork"}],"player_experience":103641,"potions_floor_usage":[7,8,8,14,21,22],"damage_taken":[{"damage":1,"enemies":"Cultist","floor":1,"turns":4},{"damage":0,"enemies":"Small Slimes","floor":4,"turns":3},{"damage":5,"enemies":"Jaw Worm","floor":5,"turns":4},{"damage":14,"enemies":"Gremlin Nob","floor":7,"turns":3},{"damage":4,"enemies":"Lots of Slimes","floor":8,"turns":3},{"damage":7,"enemies":"3 Louse","floor":11,"turns":2},{"damage":14,"enemies":"Gremlin Nob","floor":13,"turns":3},{"damage":10,"enemies":"Looter","floor":14,"turns":2},{"damage":48,"enemies":"Slime Boss","floor":16,"turns":11},{"damage":11,"enemies":"Shell Parasite","floor":18,"turns":4},{"damage":17,"enemies":"2 Thieves","floor":20,"turns":4},{"damage":9,"enemies":"Cultist and Chosen","floor":21,"turns":6},{"damage":36,"enemies":"Centurion and Healer","floor":22,"turns":10},{"damage":31,"enemies":"Snake Plant","floor":24,"turns":5}],"event_choices":[{"event_name":"Upgrade Shrine","player_choice":"Upgraded","floor":2,"damage_taken":0},{"event_name":"Living Wall","player_choice":"Change","floor":3,"damage_taken":0},{"event_name":"World of Goop","player_choice":"Gather Gold","floor":12,"damage_taken":0},{"event_name":"Dead Adventurer","player_choice":"Searched \u00271\u0027 times","floor":13,"damage_taken":0},{"event_name":"The Mausoleum","player_choice":"Yes","floor":19,"damage_taken":0}],"boss_relics":[{"not_picked":["Runic Pyramid","Tiny House"],"picked":"The Specimen"}],"potions_floor_spawned":[1,5,7,13,20,21],"seed_played":"254629791820866896","killed_by":"Snake Plant","ascension_level":0,"is_trial":false}