{"path_per_floor":["M","$","?","M","M","R","E","R","T","?","M","$","?","?","R","B",null,"M","?","M","?","?","R","M","M","T","R"],"character_chosen":"THE_SILENT","items_purchased":["Dodge and Roll","Deflect","Dagger Spray","Shuriken","Noxious Fumes","Deadly Poison","Trip"],"gold_per_floor":[117,2,77,88,102,102,430,430,510,475,493,34,64,314,314,414,414,430,430,440,440,365,365,380,399,399,399],"floor_reached":28,"campfire_rested":3,"playtime":1139,"current_hp_per_floor":[61,61,50,47,47,68,53,53,53,70,55,55,55,55,55,23,70,63,63,41,41,41,62,21,3,3,24],"items_purged":[],"gold":399,"score":216,"play_id":"d65f686b-f92a-4059-b73b-d05f6fffddb3","is_prod":false,"is_daily":false,"is_ascension_mode":false,"campfire_upgraded":2,"path_taken":["M","$","?","?","M","R","E","R","T","?","M","?","?","?","R","BOSS","M","?","M","?","?","R","M","M","T","R","M"],"build_version":"2018-02-12-PROD1","purchased_purges":0,"victory":false,"master_deck":["Defend_G","Defend_G","Defend_G","Strike_G","Strike_G","Strike_G","Strike_G","Survivor","Neutralize","PiercingWail","Dodge and Roll","Deflect","Dagger Spray","Cloak And Dagger+1","Malaise","Predator","Underhanded Strike","Noxious Fumes+1","Deadly Poison","Trip","Bullet Time","Storm of Steel+1","Tools of the Trade+1","Underhanded Strike+1","Dagger Spray","Flying Knee+1","Underhanded Strike","Footwork+1"],"max_hp_per_floor":[70,70,70,70,70,70,70,70,70,70,70,70,70,70,70,70,70,70,70,70,70,70,70,70,70,70,70],"relics":["Ring of the Snake","Smiling Mask","Shuriken","Ice Cream","Astrolabe","Nloth\u0027s Gift","Peace Pipe"],"card_choices":[{"not_picked":["Quick Slash","Acrobatics"],"picked":"PiercingWail"},{"not_picked":["Deadly Poison","Setup"],"picked":"Cloak And Dagger"},{"not_picked":["Heel Hook","Poisoned Stab"],"picked":"Malaise"},{"not_picked":["Tactician","Malaise"],"picked":"Predator"},{"not_picked":["Prepared","Acrobatics"],"picked":"Underhanded Strike"},{"not_picked":["Storm of Steel","Glass Knife"],"picked":"Bullet Time"},{"not_picked":["Poisoned Stab","Dodge and Roll"],"picked":"Dagger Spray"},{"not_picked":["Dagger Throw","Predator"],"picked":"Flying Knee"},{"not_picked":["Dodge and Roll","Deadly Poison"],"picked":"Underhanded Strike"},{"not_picked":["Unload","Concentrate"],"picked":"Footwork"}],"player_experience":93204,"potions_floor_usage":[16,18,24,25,28],"damage_taken":[{"damage":9,"enemies":"Blue Slaver","floor":1,"turns":5},{"damage":3,"enemies":"Jaw Worm","floor":4,"turns":5},{"damage":0,"enemies":"Cultist","floor":5,"turns":4},{"damage":15,"enemies":"3 Sentries","floor":7,"turns":11},{"damage":15,"enemies":"Gremlin Gang","floor":11,"turns":5},{"damage":32,"enemies":"Slime Boss","floor":16,"turns":10},{"damage":7,"enemies":"Chosen","floor":18,"turns":4},{"damage":22,"enemies":"Spheric Guardian","floor":20,"turns":5},{"damage":41,"enemies":"Slaver and Parasite","floor":24,"turns":6},{"damage":18,"enemies":"Centurion and Healer","floor":25,"turns":6},{"damage":27,"enemies":"Chosen and Byrds","floor":28,"turns":4}],"event_choices":[{"event_name":"World of Goop","player_choice":"Gather Gold","floor":3,"damage_taken":0},{"event_name":"The Cleric","player_choice":"Healed","floor":10,"damage_taken":0},{"event_name":"Dead Adventurer","player_choice":"Searched \u00272\u0027 times","floor":13,"damage_taken":0},{"event_name":"Golden Shrine","player_choice":"Desecrate","floor":14,"damage_taken":0},{"event_name":"Vampires","player_choice":"Ignored","floor":19,"damage_taken":0},{"event_name":"N\u0027loth","player_choice":"Traded a Old Coin","floor":21,"damage_taken":0},{"event_name":"Beggar","player_choice":"Gave Gold","floor":22,"damage_taken":0}],"boss_relics":[{"not_picked":["Velvet Choker","Calling Bell"],"picked":"Astrolabe"}],"potions_floor_spawned":[11,16,20,24,25],"seed_played":"-3735242385146769365","killed_by":"Chosen and Byrds","ascension_level":0,"is_trial":false}