{"path_per_floor":["M","?","M","$","?","R","M","?","T","R","E","M","M","M","R","B",null,"M","?","?","M","$","R","E","M","T","R"],"character_chosen":"THE_SILENT","items_purchased":["Dramatic Entrance","Catalyst","Expertise","Quick Slash"],"gold_per_floor":[117,117,132,28,28,28,47,47,47,47,79,98,115,127,127,229,229,243,243,158,168,1,1,28,43,43,43],"floor_reached":28,"campfire_rested":4,"playtime":1048,"current_hp_per_floor":[67,67,66,66,41,62,62,62,62,62,46,37,29,29,50,14,70,70,70,70,46,46,67,32,5,5,26],"items_purged":[],"gold":43,"score":238,"play_id":"301dfce5-3ab0-4374-a3f7-9b1f27bb99c9","is_prod":false,"is_daily":false,"is_ascension_mode":false,"campfire_upgraded":1,"path_taken":["M","?","?","$","?","R","M","?","T","R","E","?","?","M","R","BOSS","M","?","?","M","$","R","E","?","T","R","E"],"build_version":"2018-02-15-PROD1","purchased_purges":0,"victory":false,"master_deck":["Survivor","Neutralize","Endless Agony","Catalyst","Dramatic Entrance","Deadly Poison","Normality","Bouncing Flask+1","Burst","Deadly Poison","Prepared","Bane","Bullet Time","Quick Slash","Slice","Dagger Throw","PiercingWail","Flying Knee","Masterful Stab","Quick Slash","Flying Knee","Flechettes","Dagger Throw","Acrobatics+1","Crippling Poison","Poisoned Stab+1","Catalyst","Expertise","Quick Slash","Poisoned Stab","Deflect+1","Die Die Die+1"],"max_hp_per_floor":[70,70,70,70,70,70,70,70,70,70,70,70,70,70,70,70,70,70,70,70,70,70,70,70,70,70,70],"relics":["Ring of the Snake","Prayer Wheel","Toolbox","Calipers","Ice Cream","Pandora\u0027s Box","Vajra","Mercury Hourglass","Molten Egg 2"],"card_choices":[{"not_picked":["Acrobatics","Sucker Punch"],"picked":"Endless Agony"},{"not_picked":["Underhanded Strike","Dodge and Roll"],"picked":"Catalyst"},{"not_picked":["Dagger Throw","Dodge and Roll"],"picked":"Deadly Poison"},{"not_picked":["Poisoned Stab","Flechettes"],"picked":"Bouncing Flask"},{"not_picked":["Tools of the Trade","Underhanded Strike"],"picked":"Burst"},{"not_picked":["Underhanded Strike","Dodge and Roll"],"picked":"Deadly Poison"},{"not_picked":["Well Laid Plans","Riddle With Holes"],"picked":"Prepared"},{"not_picked":["Acrobatics","Skewer"],"picked":"Bane"},{"not_picked":["Wraith Form","Unload"],"picked":"Bullet Time"},{"not_picked":["Quick Slash","Dodge and Roll"],"picked":"Acrobatics"},{"not_picked":["Cloak And Dagger","PiercingWail"],"picked":"Poisoned Stab"},{"not_picked":["Cloak And Dagger","Acrobatics"],"picked":"Poisoned Stab"},{"not_picked":["Calculated Gamble","Dagger Spray"],"picked":"Deflect"},{"not_picked":["Underhanded Strike","Backflip"],"picked":"Die Die Die"}],"player_experience":107062,"potions_floor_usage":[12,13,14,18,24,28],"damage_taken":[{"damage":3,"enemies":"Small Slimes","floor":1,"turns":4},{"damage":1,"enemies":"Jaw Worm","floor":3,"turns":3},{"damage":0,"enemies":"Cultist","floor":7,"turns":3},{"damage":16,"enemies":"Gremlin Nob","floor":11,"turns":3},{"damage":9,"enemies":"3 Louse","floor":12,"turns":2},{"damage":8,"enemies":"Exordium Wildlife","floor":13,"turns":3},{"damage":0,"enemies":"Large Slime","floor":14,"turns":4},{"damage":36,"enemies":"Hexaghost","floor":16,"turns":7},{"damage":0,"enemies":"Chosen","floor":18,"turns":3},{"damage":24,"enemies":"2 Thieves","floor":21,"turns":4},{"damage":35,"enemies":"Book of Stabbing","floor":24,"turns":5},{"damage":27,"enemies":"3 Cultists","floor":25,"turns":5},{"damage":34,"enemies":"Slavers","floor":28,"turns":2}],"event_choices":[{"event_name":"Golden Wing","player_choice":"Ignored","floor":2,"damage_taken":0},{"event_name":"Scrap Ooze","player_choice":"success","floor":5,"damage_taken":25},{"event_name":"Accursed Blacksmith","player_choice":"Rummage","floor":8,"damage_taken":0},{"event_name":"The Library","player_choice":"Read","floor":19,"damage_taken":0},{"event_name":"Addict","player_choice":"Obtained Relic","floor":20,"damage_taken":0}],"boss_relics":[{"not_picked":["Question Card","Tiny House"],"picked":"Pandora\u0027s Box"}],"potions_floor_spawned":[7,12,13,16,21,25],"seed_played":"-1676937691310456527","killed_by":"Slavers","ascension_level":0,"is_trial":false}