{"path_per_floor":["M","?","$","M","M","R","M","R","T","E","?","E","$","M","R","B",null,"M","M","?","M"],"character_chosen":"THE_SILENT","items_purchased":["Distraction","Masterful Stab","Accuracy","Outmaneuver"],"gold_per_floor":[117,117,7,27,45,45,56,56,80,108,108,136,10,28,28,126,126,139,157,157,177],"floor_reached":22,"campfire_rested":1,"playtime":858,"current_hp_per_floor":[70,70,70,70,69,69,67,67,67,59,56,44,44,41,62,4,70,61,51,51,7],"items_purged":[],"gold":177,"score":196,"play_id":"b6ca3696-68a8-4153-802f-aa208b98ab59","is_prod":false,"is_daily":false,"is_ascension_mode":false,"campfire_upgraded":2,"path_taken":["M","?","?","M","M","R","M","R","T","E","?","E","$","?","R","BOSS","M","M","?","M","M"],"build_version":"2018-02-15-PROD1","purchased_purges":0,"victory":false,"master_deck":["Defend_G","Defend_G","Defend_G","Defend_G","Defend_G","Strike_G","Strike_G","Strike_G","Strike_G","Strike_G","Survivor","Neutralize","Backstab","Crippling Poison","Distraction","Masterful Stab","Envenom+1","Outmaneuver+1","Distraction","Cloak And Dagger","Flechettes","Accuracy","Outmaneuver","Outmaneuver","Backflip","Corpse Explosion","Doubt","Pain","Pain","Burst","Leg Sweep+1"],"max_hp_per_floor":[70,70,70,70,70,70,70,70,70,70,70,70,70,70,70,70,70,72,72,72,72],"relics":["Ring of the Snake","Orichalcum","Vajra","Ninja Scroll","Dream Catcher","Singing Bowl","Calling Bell","Lantern","Ornamental Fan","Gremlin Horn","Bag of Preparation"],"card_choices":[{"not_picked":["Cloak And Dagger","PiercingWail"],"picked":"Backstab"},{"not_picked":["Sucker Punch","Dagger Spray"],"picked":"Crippling Poison"},{"not_picked":["Underhanded Strike","Acrobatics"],"picked":"Envenom"},{"not_picked":["Bane","Sucker Punch"],"picked":"Outmaneuver"},{"not_picked":["Acrobatics","Dagger Throw"],"picked":"Distraction"},{"not_picked":["Prepared","PiercingWail"],"picked":"Cloak And Dagger"},{"not_picked":["PiercingWail","Acrobatics"],"picked":"Flechettes"},{"not_picked":["Caltrops","Finisher"],"picked":"Outmaneuver"},{"not_picked":["Slice","Masterful Stab"],"picked":"Backflip"},{"not_picked":["Burst","Bullet Time"],"picked":"Corpse Explosion"},{"not_picked":["Deflect","Quick Slash"],"picked":"Burst"},{"not_picked":["Distraction","Dagger Spray"],"picked":"Leg Sweep"}],"player_experience":106183,"potions_floor_usage":[7,10,12,18,21],"damage_taken":[{"damage":0,"enemies":"2 Louse","floor":1,"turns":3},{"damage":0,"enemies":"Cultist","floor":4,"turns":4},{"damage":1,"enemies":"Jaw Worm","floor":5,"turns":4},{"damage":2,"enemies":"Blue Slaver","floor":7,"turns":3},{"damage":8,"enemies":"Gremlin Nob","floor":10,"turns":4},{"damage":12,"enemies":"Lagavulin","floor":12,"turns":6},{"damage":3,"enemies":"Red Slaver","floor":14,"turns":2},{"damage":58,"enemies":"Slime Boss","floor":16,"turns":16},{"damage":11,"enemies":"Spheric Guardian","floor":18,"turns":4},{"damage":10,"enemies":"3 Byrds","floor":19,"turns":5},{"damage":44,"enemies":"Snake Plant","floor":21,"turns":6},{"damage":7,"enemies":"Centurion and Healer","floor":22,"turns":1}],"event_choices":[{"event_name":"Accursed Blacksmith","player_choice":"Rummage","floor":2,"damage_taken":0},{"event_name":"Scrap Ooze","player_choice":"success","floor":11,"damage_taken":3},{"event_name":"The Mausoleum","player_choice":"Yes","floor":20,"damage_taken":0}],"boss_relics":[{"not_picked":["The Specimen","Orrery"],"picked":"Calling Bell"}],"potions_floor_spawned":[5,7,10,16,19],"seed_played":"-5647824018115205046","killed_by":"Centurion and Healer","ascension_level":0,"is_trial":false}