{"path_per_floor":["M","M","M","$","M","R","?","M","T","?","M","?","M","M","R","B",null,"M","$","?","?","M","E","R","M","T","R","$","?","M","M","R"],"character_chosen":"THE_SILENT","items_purchased":["Ninja Scroll","Blur","Noxious Fumes","Du-Vu Doll","Noxious Fumes"],"gold_per_floor":[366,376,388,31,44,44,44,57,57,132,145,145,159,175,175,279,279,289,1,1,1,15,50,50,63,63,63,25,25,39,58,58],"floor_reached":33,"campfire_rested":4,"playtime":1375,"current_hp_per_floor":[52,44,43,43,35,56,56,59,59,48,38,24,24,24,45,16,70,49,49,49,70,67,57,70,43,43,43,43,43,36,10,31],"items_purged":[],"gold":58,"score":261,"play_id":"8a39c522-e092-4975-b448-2562d01ceb00","is_prod":false,"is_daily":false,"is_ascension_mode":false,"campfire_upgraded":0,"path_taken":["M","M","M","$","M","R","?","M","T","?","?","?","M","M","R","BOSS","M","$","?","?","?","E","R","M","T","R","$","?","M","M","R","BOSS"],"build_version":"2018-02-12-PROD1","purchased_purges":0,"victory":false,"master_deck":["Defend_G+1","Defend_G+1","Defend_G+1","Strike_G+1","Strike_G+1","Strike_G+1","Strike_G+1","Survivor","Neutralize+1","Doubt","Predator","Dash+1","Dodge and Roll","Blur","Noxious Fumes","Leg Sweep","Accuracy","Accuracy+1","All Out Attack","Caltrops","Doppelganger","Calculated Gamble+1","Unload+1","Backflip+1","Dodge and Roll","PiercingWail","Dagger Spray","Deadly Poison","Noxious Fumes","Blade Dance+1","Deflect"],"max_hp_per_floor":[70,70,70,70,70,70,70,70,70,70,70,70,70,70,70,70,70,70,70,70,70,70,70,70,70,70,70,70,70,70,70,70],"relics":["Ring of the Snake","Ninja Scroll","Unceasing Top","Astrolabe","Du-Vu Doll","Snake Skull","Shovel","Singing Bowl"],"card_choices":[{"not_picked":["Quick Slash","Backflip"],"picked":"Predator"},{"not_picked":["Caltrops","Cloak And Dagger"],"picked":"Dash"},{"not_picked":["Sucker Punch","Flying Knee"],"picked":"Dodge and Roll"},{"not_picked":["Escape Plan","Dagger Spray"],"picked":"Leg Sweep"},{"not_picked":["Prepared","Tools of the Trade"],"picked":"Accuracy"},{"not_picked":["Bane","Deadly Poison"],"picked":"Accuracy"},{"not_picked":["Bouncing Flask","PiercingWail"],"picked":"All Out Attack"},{"not_picked":["Deadly Poison","Slice"],"picked":"Caltrops"},{"not_picked":["Glass Knife","Night Terror"],"picked":"Doppelganger"},{"not_picked":["Underhanded Strike","Well Laid Plans"],"picked":"Dodge and Roll"},{"not_picked":["Poisoned Stab","Dagger Spray"],"picked":"PiercingWail"},{"not_picked":["Underhanded Strike","Quick Slash"],"picked":"Dagger Spray"},{"not_picked":["Cloak And Dagger","Skewer"],"picked":"Deadly Poison"},{"not_picked":["Dodge and Roll","Leg Sweep"],"picked":"Blade Dance"},{"not_picked":["Cloak And Dagger","Flechettes"],"picked":"Deflect"}],"player_experience":87343,"potions_floor_usage":[3,8,11,16,22,30],"damage_taken":[{"damage":18,"enemies":"Cultist","floor":1,"turns":6},{"damage":8,"enemies":"Blue Slaver","floor":2,"turns":5},{"damage":1,"enemies":"Jaw Worm","floor":3,"turns":4},{"damage":8,"enemies":"Large Slime","floor":5,"turns":8},{"damage":0,"enemies":"Red Slaver","floor":8,"turns":3},{"damage":10,"enemies":"Exordium Thugs","floor":11,"turns":6},{"damage":0,"enemies":"2 Fungi Beasts","floor":13,"turns":4},{"damage":0,"enemies":"Red Slaver","floor":14,"turns":4},{"damage":29,"enemies":"Hexaghost","floor":16,"turns":12},{"damage":21,"enemies":"Chosen","floor":18,"turns":7},{"damage":3,"enemies":"Shell Parasite","floor":22,"turns":7},{"damage":10,"enemies":"Book of Stabbing","floor":23,"turns":8},{"damage":27,"enemies":"Sentry and Sphere","floor":25,"turns":7},{"damage":7,"enemies":"Snake Plant","floor":30,"turns":4},{"damage":26,"enemies":"3 Cultists","floor":31,"turns":6},{"damage":31,"enemies":"Collector","floor":33,"turns":3}],"event_choices":[{"event_name":"Upgrade Shrine","player_choice":"Upgraded","floor":7,"damage_taken":0},{"event_name":"World of Goop","player_choice":"Gather Gold","floor":10,"damage_taken":0},{"event_name":"Shining Light","player_choice":"Entered Light","floor":12,"damage_taken":0},{"event_name":"Addict","player_choice":"Ignored","floor":20,"damage_taken":0},{"event_name":"The Library","player_choice":"Heal","floor":21,"damage_taken":0},{"event_name":"Back to Basics","player_choice":"Simplicity","floor":29,"damage_taken":0}],"boss_relics":[{"not_picked":["Lizard Tail","Calling Bell"],"picked":"Astrolabe"}],"potions_floor_spawned":[1,5,8,14,18,25],"seed_played":"-8185134461037163929","killed_by":"Collector","ascension_level":0,"is_trial":false}