{"path_per_floor":["M","?","T","?","M","R","M","R","T","E","M","$","M","?","R","B",null,"M","?","M","?","M","R"],"character_chosen":"THE_SILENT","items_purchased":["Ice Cream"],"gold_per_floor":[219,219,219,219,229,229,246,246,269,298,313,17,37,212,212,313,313,323,238,203,203,214,214],"floor_reached":24,"campfire_rested":3,"playtime":1010,"current_hp_per_floor":[69,69,69,55,53,53,51,70,70,63,61,61,50,50,70,43,70,44,44,28,28,5,26],"items_purged":[],"gold":214,"score":196,"play_id":"d440967b-fcab-4069-9411-8cdb0300ca17","is_prod":false,"is_daily":false,"is_ascension_mode":false,"campfire_upgraded":1,"path_taken":["M","?","?","?","M","R","M","R","T","E","M","$","?","?","R","BOSS","M","?","M","?","M","R","E"],"build_version":"2018-02-12-PROD1","purchased_purges":0,"victory":false,"master_deck":["Defend_G+1","Defend_G+1","Defend_G","Defend_G+1","Defend_G+1","Strike_G","Strike_G","Strike_G","Strike_G","Strike_G","Survivor","Neutralize","Infinite Blades+1","Footwork","Backstab","Quick Slash","Dodge and Roll","Poisoned Stab","Doubt","Envenom","Dagger Spray+1","Cloak And Dagger","Decay","Bouncing Flask"],"max_hp_per_floor":[70,70,70,70,70,70,70,70,70,70,70,70,70,70,70,70,70,70,70,70,70,70,70],"relics":["Ring of the Snake","Ginger","War Paint","Bottled Lightning","Ice Cream","Question Card","Pen Nib"],"card_choices":[{"not_picked":["Dagger Spray","PiercingWail"],"picked":"Infinite Blades"},{"not_picked":["Endless Agony","Slice"],"picked":"Footwork"},{"not_picked":["Dagger Throw","Deadly Poison"],"picked":"Backstab"},{"not_picked":["Finisher","Acrobatics"],"picked":"Quick Slash"},{"not_picked":["Quick Slash","Grand Finale"],"picked":"Dodge and Roll"},{"not_picked":["Flying Knee","Backflip"],"picked":"Poisoned Stab"},{"not_picked":["Night Terror","Bullet Time"],"picked":"Envenom"},{"not_picked":["Quick Slash","Flying Knee","Well Laid Plans"],"picked":"Dagger Spray"},{"not_picked":["Poisoned Stab","Masterful Stab","Quick Slash"],"picked":"Cloak And Dagger"},{"not_picked":["Concentrate","Underhanded Strike","Prepared"],"picked":"Bouncing Flask"}],"player_experience":85879,"potions_floor_usage":[11,13,16,16,24],"damage_taken":[{"damage":1,"enemies":"2 Louse","floor":1,"turns":3},{"damage":2,"enemies":"Jaw Worm","floor":5,"turns":4},{"damage":2,"enemies":"Blue Slaver","floor":7,"turns":4},{"damage":7,"enemies":"3 Sentries","floor":10,"turns":10},{"damage":2,"enemies":"Looter","floor":11,"turns":2},{"damage":11,"enemies":"3 Louse","floor":13,"turns":3},{"damage":27,"enemies":"The Guardian","floor":16,"turns":17},{"damage":26,"enemies":"Spheric Guardian","floor":18,"turns":8},{"damage":16,"enemies":"2 Thieves","floor":20,"turns":5},{"damage":23,"enemies":"Snake Plant","floor":22,"turns":6},{"damage":31,"enemies":"Gremlin Leader","floor":24,"turns":6}],"event_choices":[{"event_name":"Golden Wing","player_choice":"Ignored","floor":2,"damage_taken":0},{"event_name":"Shining Light","player_choice":"Entered Light","floor":4,"damage_taken":0},{"event_name":"Liars Game","player_choice":"agreed","floor":14,"damage_taken":0},{"event_name":"Addict","player_choice":"Obtained Relic","floor":19,"damage_taken":0},{"event_name":"Forgotten Altar","player_choice":"Smashed Altar","floor":21,"damage_taken":0}],"boss_relics":[{"not_picked":["White Beast Statue","Cursed Key"],"picked":"Question Card"}],"potions_floor_spawned":[7,10,11,13,22],"seed_played":"3940071301537231502","killed_by":"Gremlin Leader","ascension_level":0,"is_trial":false}