{"path_per_floor":["M","M","?","M","M","R","?","R","T","M","M","M","?","M","R","B",null,"M","$","M"],"character_chosen":"THE_SILENT","items_purchased":["Mercury Hourglass"],"gold_per_floor":[11,21,21,39,49,49,49,49,72,92,105,121,121,136,136,233,233,253,13,31],"floor_reached":21,"campfire_rested":2,"playtime":937,"current_hp_per_floor":[65,55,55,55,49,70,70,70,70,63,55,53,53,51,72,20,72,21,21,19],"items_purged":[],"gold":31,"score":175,"play_id":"765ade89-aacf-44a2-a867-300bfba6f22f","is_prod":false,"is_daily":false,"is_ascension_mode":false,"campfire_upgraded":1,"path_taken":["M","M","?","M","M","R","?","R","T","M","M","M","?","M","R","BOSS","M","$","M","M"],"build_version":"2018-02-12-PROD1","purchased_purges":0,"victory":false,"master_deck":["Defend_G","Defend_G","Defend_G","Defend_G","Defend_G","Strike_G","Strike_G","Strike_G","Strike_G","Strike_G","Survivor","Neutralize","Corpse Explosion","Cloak And Dagger+1","Dodge and Roll+1","Dagger Spray","Dodge and Roll","Accuracy","Flying Knee","Infinite Blades","Burst","Backflip+1","Dagger Throw"],"max_hp_per_floor":[70,70,70,70,70,70,70,70,70,70,70,70,70,72,72,72,72,72,72,72],"relics":["Ring of the Snake","Singing Bowl","Black Star","Mercury Hourglass"],"card_choices":[{"not_picked":["Adrenaline","Venomology"],"picked":"Corpse Explosion"},{"not_picked":["Slice","Dodge and Roll"],"picked":"Cloak And Dagger"},{"not_picked":["Finisher","Concentrate"],"picked":"Dodge and Roll"},{"not_picked":["Calculated Gamble","Choke"],"picked":"Dagger Spray"},{"not_picked":["Calculated Gamble","Caltrops"],"picked":"Dodge and Roll"},{"not_picked":["Prepared","Dodge and Roll"],"picked":"Accuracy"},{"not_picked":["Eviscerate","Dagger Spray"],"picked":"Flying Knee"},{"not_picked":["Prepared","Eviscerate"],"picked":"Infinite Blades"},{"not_picked":["Wraith Form","Venomology"],"picked":"Burst"},{"not_picked":["Underhanded Strike","Dodge and Roll"],"picked":"Backflip"},{"not_picked":["Bane","Acrobatics"],"picked":"Dagger Throw"}],"player_experience":90452,"potions_floor_usage":[4,11,14,18,20],"damage_taken":[{"damage":5,"enemies":"Jaw Worm","floor":1,"turns":4},{"damage":10,"enemies":"Blue Slaver","floor":2,"turns":5},{"damage":0,"enemies":"2 Louse","floor":4,"turns":3},{"damage":6,"enemies":"Red Slaver","floor":5,"turns":6},{"damage":7,"enemies":"3 Louse","floor":10,"turns":5},{"damage":8,"enemies":"Large Slime","floor":11,"turns":7},{"damage":2,"enemies":"2 Fungi Beasts","floor":12,"turns":5},{"damage":4,"enemies":"Lots of Slimes","floor":14,"turns":4},{"damage":52,"enemies":"The Guardian","floor":16,"turns":15},{"damage":51,"enemies":"Chosen","floor":18,"turns":9},{"damage":2,"enemies":"2 Thieves","floor":20,"turns":5},{"damage":20,"enemies":"Sentry and Sphere","floor":21,"turns":5}],"event_choices":[{"event_name":"Upgrade Shrine","player_choice":"Upgraded","floor":3,"damage_taken":0},{"event_name":"Wheel of Change","player_choice":"Curse","floor":7,"damage_taken":0},{"event_name":"Fountain of Cleansing","player_choice":"Removed Curse","floor":13,"damage_taken":0}],"boss_relics":[{"not_picked":["Philosopher\u0027s Stone","Velvet Choker"],"picked":"Black Star"}],"potions_floor_spawned":[2,10,12,16,18],"seed_played":"5169213679265272714","killed_by":"Sentry and Sphere","ascension_level":0,"is_trial":false}