{"path_per_floor":["M","M","M","M","M","R","M","M","T","M","?","?","M","M","R"],"character_chosen":"THE_SILENT","items_purchased":[],"gold_per_floor":[112,131,141,155,170,170,189,199,199,214,214,214,227,246,246],"floor_reached":16,"campfire_rested":1,"playtime":1011,"current_hp_per_floor":[70,55,54,53,50,50,43,43,43,36,36,36,30,23,44],"items_purged":[],"gold":246,"score":100,"play_id":"7d2a58b5-c2d4-4544-9e20-06fc2181b705","is_prod":false,"is_daily":false,"is_ascension_mode":false,"campfire_upgraded":1,"path_taken":["M","?","M","M","M","R","M","M","T","M","?","?","M","M","R","BOSS"],"build_version":"2018-02-15-PROD1","purchased_purges":0,"victory":false,"master_deck":["Defend_G","Defend_G","Defend_G","Defend_G","Defend_G","Strike_G","Strike_G","Strike_G","Strike_G","Survivor","Neutralize","Glass Knife","Accuracy+1","Concentrate","Cloak And Dagger","Backflip","Leg Sweep","Blur","Envenom","PiercingWail","Finisher","Grand Finale","Backstab","Bane","Outmaneuver"],"max_hp_per_floor":[70,70,70,70,70,70,70,70,70,70,70,70,70,70,70],"relics":["Ring of the Snake","Frozen Eye"],"card_choices":[{"not_picked":["Prepared","Concentrate"],"picked":"Accuracy"},{"not_picked":["Underhanded Strike","Deflect"],"picked":"Concentrate"},{"not_picked":["Dash","Outmaneuver"],"picked":"Cloak And Dagger"},{"not_picked":["Deadly Poison","Dagger Spray"],"picked":"Backflip"},{"not_picked":["Well Laid Plans","Deadly Poison"],"picked":"Leg Sweep"},{"not_picked":["Endless Agony","Catalyst"],"picked":"Blur"},{"not_picked":["PiercingWail","Deflect"],"picked":"Envenom"},{"not_picked":["Setup","Dagger Spray"],"picked":"PiercingWail"},{"not_picked":["Prepared","Dodge and Roll"],"picked":"Bane"},{"not_picked":["Underhanded Strike","Flying Knee"],"picked":"Outmaneuver"}],"player_experience":117606,"potions_floor_usage":[4,5,10,14],"damage_taken":[{"damage":0,"enemies":"Cultist","floor":1,"turns":3},{"damage":15,"enemies":"Jaw Worm","floor":2,"turns":4},{"damage":1,"enemies":"2 Louse","floor":3,"turns":2},{"damage":1,"enemies":"Large Slime","floor":4,"turns":5},{"damage":3,"enemies":"Blue Slaver","floor":5,"turns":2},{"damage":7,"enemies":"Exordium Wildlife","floor":7,"turns":4},{"damage":0,"enemies":"Looter","floor":8,"turns":4},{"damage":7,"enemies":"Blue Slaver","floor":10,"turns":4},{"damage":6,"enemies":"2 Fungi Beasts","floor":13,"turns":4},{"damage":7,"enemies":"Large Slime","floor":14,"turns":8},{"damage":45,"enemies":"The Guardian","floor":16,"turns":7}],"event_choices":[{"event_name":"Match and Keep!","player_choice":"2 cards matched","floor":11,"damage_taken":0},{"event_name":"Living Wall","player_choice":"Change","floor":12,"damage_taken":0}],"boss_relics":[],"potions_floor_spawned":[3,4,7,8],"seed_played":"-7376788142960172085","killed_by":"The Guardian","ascension_level":0,"is_trial":false}