{"path_per_floor":["M","?","M","?","M","R","?","M","T","R","M","M","?","$","R","B",null,"M","?","M","M","M","R","M","R","T","M"],"character_chosen":"THE_SILENT","items_purchased":["Matryoshka","Caltrops"],"gold_per_floor":[112,287,297,297,308,308,308,318,318,318,336,348,348,57,57,161,161,173,173,143,163,175,175,190,190,190,205],"floor_reached":28,"campfire_rested":4,"playtime":1199,"current_hp_per_floor":[63,63,52,52,48,69,69,54,54,54,50,50,36,36,57,26,70,67,67,52,29,24,45,25,46,46,28],"items_purged":[],"gold":205,"score":214,"play_id":"ed260d97-e7fa-4031-ade0-d6c39e551ec6","is_prod":false,"is_daily":false,"is_ascension_mode":false,"campfire_upgraded":1,"path_taken":["M","?","M","?","M","R","?","M","T","R","?","M","?","$","R","BOSS","M","?","M","M","M","R","M","R","T","?","M"],"build_version":"2018-02-22-PROD2","purchased_purges":0,"victory":false,"master_deck":["Defend_G","Defend_G","Defend_G+1","Defend_G","Defend_G","Strike_G","Strike_G","Strike_G","Strike_G","Strike_G","Survivor","Neutralize+1","Deadly Poison+1","Doubt","Catalyst","PiercingWail","Regret","Bane","Bane","Flying Knee","Caltrops","Wraith Form","Deadly Poison","Backflip","Dash","Backflip","Noxious Fumes","Noxious Fumes","Terror+1","Phantasmal Killer","PiercingWail","Cloak And Dagger","Setup"],"max_hp_per_floor":[70,70,70,70,70,70,70,70,70,70,70,70,70,70,70,70,70,70,70,70,70,70,70,70,70,70,70],"relics":["Ring of the Snake","Kunai","Thread and Needle","Matryoshka","Orrery","Bronze Scales","Du-Vu Doll"],"card_choices":[{"not_picked":["Accuracy","Slice"],"picked":"Deadly Poison"},{"not_picked":["Flying Knee","Heel Hook"],"picked":"Catalyst"},{"not_picked":["Dagger Throw","Acrobatics"],"picked":"PiercingWail"},{"not_picked":["Finisher","Calculated Gamble"],"picked":"Bane"},{"not_picked":["Choke","Reflex"],"picked":"Bane"},{"not_picked":["Sucker Punch","Endless Agony"],"picked":"Flying Knee"},{"not_picked":["Tools of the Trade","Storm of Steel"],"picked":"Wraith Form"},{"not_picked":["Dagger Spray","PiercingWail"],"picked":"Deadly Poison"},{"not_picked":["Concentrate","Infinite Blades"],"picked":"Backflip"},{"not_picked":["Deflect","Prepared"],"picked":"Dash"},{"not_picked":["Underhanded Strike","Finisher"],"picked":"Backflip"},{"not_picked":["Dagger Throw","Dagger Spray"],"picked":"Noxious Fumes"},{"not_picked":["Slice","Prepared"],"picked":"Noxious Fumes"},{"not_picked":["Choke","Quick Slash"],"picked":"Terror"},{"not_picked":["Eviscerate","Escape Plan"],"picked":"Phantasmal Killer"},{"not_picked":["Dagger Spray","Dagger Throw"],"picked":"PiercingWail"},{"not_picked":["Slice","Deflect"],"picked":"Cloak And Dagger"},{"not_picked":["Dagger Throw","Prepared"],"picked":"Setup"}],"player_experience":133223,"potions_floor_usage":[5,8,16,20,20,22],"damage_taken":[{"damage":7,"enemies":"Small Slimes","floor":1,"turns":5},{"damage":11,"enemies":"2 Louse","floor":3,"turns":3},{"damage":4,"enemies":"Cultist","floor":5,"turns":4},{"damage":15,"enemies":"Gremlin Gang","floor":8,"turns":9},{"damage":4,"enemies":"Looter","floor":11,"turns":4},{"damage":0,"enemies":"3 Louse","floor":12,"turns":4},{"damage":31,"enemies":"The Guardian","floor":16,"turns":10},{"damage":3,"enemies":"Chosen","floor":18,"turns":5},{"damage":15,"enemies":"2 Thieves","floor":20,"turns":5},{"damage":23,"enemies":"Snake Plant","floor":21,"turns":5},{"damage":5,"enemies":"Centurion and Healer","floor":22,"turns":7},{"damage":20,"enemies":"Snecko","floor":24,"turns":5},{"damage":18,"enemies":"Sentry and Sphere","floor":27,"turns":6},{"damage":55,"enemies":"Cultist and Chosen","floor":28,"turns":7}],"event_choices":[{"event_name":"Liars Game","player_choice":"agreed","floor":2,"damage_taken":0},{"event_name":"The Lab","player_choice":"Got Potions","floor":4,"damage_taken":0},{"event_name":"Big Fish","player_choice":"Box","floor":7,"damage_taken":0},{"event_name":"Shining Light","player_choice":"Entered Light","floor":13,"damage_taken":0},{"event_name":"Vampires","player_choice":"Ignored","floor":19,"damage_taken":0}],"boss_relics":[{"not_picked":["Eternal Feather","Runic Pyramid"],"picked":"Orrery"}],"potions_floor_spawned":[8,11,12,18],"seed_played":"-4255377577359571877","killed_by":"Cultist and Chosen","ascension_level":0,"is_trial":false}