{"path_per_floor":["M","?","?","$","M","R","M","$","T","?","M","$","M","T","R","B",null,"M","?","M","$","?"],"character_chosen":"THE_SILENT","items_purchased":["Shuriken","Sucker Punch","Bouncing Flask","Strength Potion","Snake Skull"],"gold_per_floor":[110,285,285,28,38,38,51,1,79,137,149,26,37,37,37,138,138,156,156,169,21,21],"floor_reached":23,"campfire_rested":1,"playtime":671,"current_hp_per_floor":[61,61,61,61,57,57,53,53,53,43,41,41,32,32,71,26,80,56,56,30,30,30],"items_purged":[],"gold":21,"score":179,"play_id":"b4cd38aa-0cf4-40f4-a502-9d873351a2a5","is_prod":false,"is_daily":false,"is_ascension_mode":false,"campfire_upgraded":1,"path_taken":["M","?","?","$","M","R","M","?","T","?","?","$","M","?","R","BOSS","M","?","M","$","?","E"],"build_version":"2018-02-22-PROD2","purchased_purges":0,"victory":false,"master_deck":["Defend_G","Defend_G","Defend_G","Defend_G","Strike_G","Strike_G","Strike_G","Survivor","Neutralize","Deadly Poison+1","Doubt","Regret","Slice","Poisoned Stab","Sucker Punch","All Out Attack","Catalyst","Bouncing Flask","Night Terror","Die Die Die","Skewer+1","Poisoned Stab+1","A Thousand Cuts+1","Bane","Bouncing Flask","Slice+1"],"max_hp_per_floor":[70,70,70,70,70,70,70,70,70,80,80,80,80,80,80,80,80,80,80,80,80,80],"relics":["Ring of the Snake","Regal Pillow","Shuriken","Pantograph","Pear","Thread and Needle","Astrolabe","Snake Skull"],"card_choices":[{"not_picked":["Acrobatics","Eviscerate"],"picked":"Deadly Poison"},{"not_picked":["Poisoned Stab","Dagger Throw"],"picked":"Slice"},{"not_picked":["Leg Sweep","Accuracy"],"picked":"Poisoned Stab"},{"not_picked":["Deadly Poison","Predator"],"picked":"All Out Attack"},{"not_picked":["Underhanded Strike","Blur"],"picked":"Catalyst"},{"not_picked":["Flying Knee","Bane"],"picked":"Night Terror"},{"not_picked":["Doppelganger","Tactician"],"picked":"Die Die Die"},{"not_picked":["Deadly Poison","Escape Plan"],"picked":"Bane"},{"not_picked":["Dodge and Roll","Dagger Throw"],"picked":"Slice"}],"player_experience":129988,"potions_floor_usage":[7,11,16,16,16],"damage_taken":[{"damage":9,"enemies":"2 Louse","floor":1,"turns":3},{"damage":4,"enemies":"Jaw Worm","floor":5,"turns":3},{"damage":4,"enemies":"Small Slimes","floor":7,"turns":3},{"damage":20,"enemies":"Lagavulin Event","floor":10,"turns":5},{"damage":5,"enemies":"3 Louse","floor":11,"turns":2},{"damage":9,"enemies":"Blue Slaver","floor":13,"turns":4},{"damage":54,"enemies":"Hexaghost","floor":16,"turns":8},{"damage":24,"enemies":"Spheric Guardian","floor":18,"turns":4},{"damage":26,"enemies":"2 Thieves","floor":20,"turns":4},{"damage":31,"enemies":"Slavers","floor":23,"turns":3}],"event_choices":[{"event_name":"Liars Game","player_choice":"agreed","floor":2,"damage_taken":0},{"event_name":"Big Fish","player_choice":"Box","floor":3,"damage_taken":0},{"event_name":"Dead Adventurer","player_choice":"Searched \u00272\u0027 times","floor":10,"damage_taken":0},{"event_name":"The Library","player_choice":"Read","floor":19,"damage_taken":0},{"event_name":"Vampires","player_choice":"Ignored","floor":22,"damage_taken":0}],"boss_relics":[{"not_picked":["Snecko Eye","White Beast Statue"],"picked":"Astrolabe"}],"potions_floor_spawned":[5,10,11,13],"seed_played":"3361342312215605433","killed_by":"Slavers","ascension_level":0,"is_trial":false}