{"path_per_floor":["M","?","?","$","M","E","R","M","T","?","M","?","M","M","R"],"character_chosen":"THE_SILENT","items_purchased":["Vajra"],"gold_per_floor":[114,189,189,32,45,84,84,105,130,130,143,318,342,367,367],"floor_reached":16,"campfire_rested":1,"playtime":723,"current_hp_per_floor":[68,57,57,57,50,32,53,53,53,53,53,53,50,50,50],"items_purged":[],"gold":367,"score":102,"play_id":"149a6002-ae99-4897-8033-ec825a651b28","local_time":"20180304233427","is_prod":false,"is_daily":false,"is_ascension_mode":false,"campfire_upgraded":1,"timestamp":1520224467,"path_taken":["M","?","?","$","M","E","R","M","T","?","M","?","M","M","R","BOSS"],"build_version":"2018-03-01-PROD1","purchased_purges":0,"victory":false,"master_deck":["Defend_G","Defend_G","Defend_G","Defend_G","Defend_G","Strike_G","Strike_G","Strike_G","Strike_G","Strike_G","Survivor","Neutralize","Deadly Poison","Injury","Cloak And Dagger","Catalyst","Cloak And Dagger","Phantasmal Killer","Accuracy","Doubt","Concentrate","Malaise+1"],"max_hp_per_floor":[70,70,70,70,70,70,70,70,70,70,70,70,70,70,70],"relics":["Ring of the Snake","Golden Idol","Vajra","Prayer Wheel","Regal Pillow"],"card_choices":[{"not_picked":["Dash","Catalyst"],"picked":"Deadly Poison"},{"not_picked":["Endless Agony","Predator"],"picked":"Cloak And Dagger"},{"not_picked":["Dodge and Roll","Dagger Spray"],"picked":"Catalyst"},{"not_picked":["Endless Agony","Distraction"],"picked":"Cloak And Dagger"},{"not_picked":["Outmaneuver","Prepared"],"picked":"Phantasmal Killer"},{"not_picked":["Flying Knee","Concentrate"],"picked":"Accuracy"},{"not_picked":["Slice","Prepared"],"picked":"Concentrate"},{"not_picked":["Endless Agony","Sucker Punch"],"picked":"Malaise"}],"player_experience":156579,"potions_floor_usage":[6,11,11,16,16],"damage_taken":[{"damage":2,"enemies":"Jaw Worm","floor":1,"turns":4},{"damage":7,"enemies":"2 Louse","floor":5,"turns":3},{"damage":18,"enemies":"Lagavulin","floor":6,"turns":8},{"damage":0,"enemies":"Small Slimes","floor":8,"turns":4},{"damage":0,"enemies":"Gremlin Gang","floor":11,"turns":5},{"damage":3,"enemies":"Red Slaver","floor":13,"turns":4},{"damage":0,"enemies":"2 Fungi Beasts","floor":14,"turns":4},{"damage":55,"enemies":"Slime Boss","floor":16,"turns":12}],"event_choices":[{"event_name":"World of Goop","player_choice":"Gather Gold","floor":2,"damage_taken":0},{"event_name":"Golden Idol","player_choice":"Take Wound","floor":3,"damage_taken":0},{"event_name":"The Lab","player_choice":"Got Potions","floor":10,"damage_taken":0},{"event_name":"Liars Game","player_choice":"agreed","floor":12,"damage_taken":0}],"boss_relics":[],"potions_floor_spawned":[1,5,6,13],"seed_played":"-1315958945884564643","killed_by":"Slime Boss","ascension_level":0,"is_trial":false}