{"path_per_floor":["M","M","?","?","M","E","R","M","T","R","M","M","E","$","R","B",null,"M","$","?","M","T","R","E","M","T","M","M","E","M","?","R","B",null,"M","M","?","M","$","R","E"],"character_chosen":"IRONCLAD","items_purchased":["Anchor","Bronze Scales","Matryoshka","Gambling Chip"],"gold_per_floor":[109,127,127,127,152,195,195,211,211,211,230,243,278,129,129,248,248,266,120,120,133,133,133,173,189,189,213,233,267,292,292,292,413,413,429,450,783,795,181,181,208],"floor_reached":42,"campfire_rested":2,"playtime":5380,"current_hp_per_floor":[81,87,87,70,69,24,24,20,20,49,53,55,59,59,59,48,108,99,99,106,114,114,114,87,88,88,73,75,59,58,42,78,21,121,121,112,112,68,68,68,22],"items_purged":["Hemokinesis"],"gold":208,"play_id":"eebcb1e8-407a-4ea1-b7ba-986574ee9b12","is_prod":false,"is_daily":false,"campfire_rituals":0,"campfire_upgraded":4,"is_hardmode":false,"path_taken":["M","M","?","?","M","E","R","M","T","R","M","M","E","$","R","BOSS","M","$","?","M","?","R","E","M","T","M","M","E","M","?","R","BOSS","M","M","?","M","$","R","E","M"],"build_version":"2017-12-21-PROD1","purchased_purges":1,"victory":false,"master_deck":["Strike_R","Strike_R","Strike_R","Strike_R","Strike_R","Defend_R","Defend_R","Defend_R","Defend_R","Bash","Iron Wave","Feed","Armaments","Iron Wave","Metallicize","Flame Barrier","Twin Strike","Rampage","Feed","Fire Breathing","Normality","Headbutt","Metallicize","Thunderclap","Body Slam","Heavy Blade","Clothesline","Juggernaut","Pummel","Flex","Rage","Shockwave"],"max_hp_per_floor":[88,88,88,88,91,95,95,98,98,98,101,105,108,108,108,108,108,108,108,115,121,121,121,121,121,121,121,121,121,121,121,121,121,121,121,121,121,121,121,121,131],"relics":["Burning Blood","Unceasing Top","Frozen Eye","Happy Flower","Anchor","Mark of Pain","Bronze Scales","Strawberry","Champion Belt","Bag of Marbles","Ice Cream","Toxic Egg","Nilry\u0027s Codex","Black Star","Matryoshka","Gambling Chip","Mercury Hourglass","Pear"],"campfire_meditates":0,"card_choices":[{"not_picked":["Disarm","Seeing Red"],"picked":"Iron Wave"},{"not_picked":["Sword Boomerang","Intimidate"],"picked":"Feed"},{"not_picked":["Dual Wield","Intimidate"],"picked":"Armaments"},{"not_picked":["Heavy Blade","True Grit"],"picked":"Iron Wave"},{"not_picked":["Warcry","Flex"],"picked":"Metallicize"},{"not_picked":["Uppercut","True Grit"],"picked":"Flame Barrier"},{"not_picked":["Hemokinesis","Perfected Strike"],"picked":"Twin Strike"},{"not_picked":["Infernal Blade","Cleave"],"picked":"Rampage"},{"not_picked":["Offering","Reaper"],"picked":"Feed"},{"not_picked":["Iron Wave","Clothesline"],"picked":"Fire Breathing"},{"not_picked":["Heavy Blade","Limit Break"],"picked":"Headbutt"},{"not_picked":["Rage","Demon Form"],"picked":"Metallicize"},{"not_picked":["Sword Boomerang","Uppercut"],"picked":"Thunderclap"},{"not_picked":["Power Through","Warcry"],"picked":"Body Slam"},{"not_picked":["Body Slam","Rupture"],"picked":"Hemokinesis"},{"not_picked":["Armaments","Whirlwind"],"picked":"Heavy Blade"},{"not_picked":["Perfected Strike","Reckless Charge"],"picked":"Clothesline"},{"not_picked":["Limit Break","Demon Form"],"picked":"Juggernaut"},{"not_picked":["Warcry","Sword Boomerang"],"picked":"Pummel"},{"not_picked":["Warcry","Cleave"],"picked":"Flex"},{"not_picked":["Perfected Strike","Brutality"],"picked":"Rage"},{"not_picked":["Sever Soul","Battle Trance"],"picked":"Shockwave"}],"player_experience":56773,"potions_floor_usage":[13,16,18,24,28,28,30,41],"damage_taken":[{"damage":13,"enemies":"Blue Slaver","floor":1,"turns":6},{"damage":0,"enemies":"Looter","floor":2,"turns":4},{"damage":10,"enemies":"Jaw Worm","floor":5,"turns":4},{"damage":55,"enemies":"Lagavulin","floor":6,"turns":9},{"damage":13,"enemies":"Large Slime","floor":8,"turns":9},{"damage":5,"enemies":"Exordium Thugs","floor":11,"turns":5},{"damage":8,"enemies":"Gremlin Gang","floor":12,"turns":6},{"damage":20,"enemies":"3 Sentries","floor":13,"turns":9},{"damage":32,"enemies":"Hexaghost","floor":16,"turns":12},{"damage":15,"enemies":"Chosen","floor":18,"turns":7},{"damage":4,"enemies":"3 Byrds","floor":21,"turns":6},{"damage":33,"enemies":"Slavers","floor":24,"turns":6},{"damage":5,"enemies":"Snake Plant","floor":25,"turns":3},{"damage":21,"enemies":"3 Cultists","floor":27,"turns":5},{"damage":13,"enemies":"Centurion and Healer","floor":28,"turns":6},{"damage":22,"enemies":"Book of Stabbing","floor":29,"turns":5},{"damage":7,"enemies":"Slaver and Parasite","floor":30,"turns":6},{"damage":63,"enemies":"Automaton","floor":33,"turns":12},{"damage":2,"enemies":"Orb Walker","floor":35,"turns":4},{"damage":15,"enemies":"3 Darklings","floor":36,"turns":5},{"damage":50,"enemies":"Maw","floor":38,"turns":8},{"damage":62,"enemies":"2 Orb Walkers","floor":41,"turns":5}],"event_choices":[{"event_name":"Liars Game","player_choice":"disagreed","floor":3,"damage_taken":0},{"event_name":"Golden Idol","player_choice":"Take Damage","floor":4,"damage_taken":0},{"event_name":"Accursed Blacksmith","player_choice":"Rummage","floor":20,"damage_taken":0},{"event_name":"Cursed Tome","player_choice":"Obtained Book","floor":31,"damage_taken":0},{"event_name":"The Moai Head","player_choice":"Gave Idol","floor":37,"damage_taken":0}],"boss_relics":[{"not_picked":["Ectoplasm","Runic Pyramid"],"picked":"Mark of Pain"},{"not_picked":["Lizard Tail","Calling Bell"],"picked":"Black Star"}],"potions_floor_spawned":[1,8,12,16,18,25,27,38],"seed_played":"-4340887271838829801","killed_by":"Sphere and 2 Shapes","is_trial":false}