{"path_per_floor":["M","?","M","M","$","E","?","M","T","R","E","M","R","?","R","B",null,"M","$","?","M","M","R","E","M","T","E","$","?","M","$","R","B",null,"M","T","?","M","M","M","E","R","T","$","M","E","R","?","R","B"],"character_chosen":"IRONCLAD","items_purchased":["Bronze Scales","Bag of Preparation","Tiny Chest","Mummified Hand","Metallicize","Bag of Marbles","Toolbox","Letter Opener"],"gold_per_floor":[113,288,308,318,171,202,202,222,273,273,311,329,329,403,403,529,529,550,16,16,53,77,77,115,131,131,465,17,17,37,37,37,134,134,144,191,191,210,222,239,266,266,266,8,20,54,54,54,54,54],"floor_reached":51,"campfire_rested":5,"playtime":6302,"current_hp_per_floor":[80,80,80,80,80,37,37,31,31,73,66,64,64,61,61,43,100,96,96,96,55,48,93,86,58,58,23,23,23,26,26,72,50,104,80,92,82,100,79,76,31,79,79,79,65,77,111,111,111,26],"items_purged":[],"gold":54,"play_id":"c4c88c17-643b-42fc-93e3-af6533a66660","is_prod":false,"is_daily":false,"campfire_rituals":0,"campfire_upgraded":3,"is_hardmode":false,"path_taken":["M","?","M","M","?","E","?","M","T","R","E","M","R","?","R","BOSS","M","$","?","M","M","R","E","M","T","E","$","?","M","?","R","BOSS","M","?","?","M","M","M","E","R","T","$","M","E","R","?","R","BOSS"],"build_version":"2017-12-21-PROD1","purchased_purges":0,"victory":true,"master_deck":["Strike_R","Strike_R","Strike_R","Strike_R","Strike_R","Defend_R","Defend_R","Defend_R","Bash","Iron Wave","Clothesline","Doubt","Body Slam","Reaper","Demon Form","Armaments","Offering","Infernal Blade","Flex","Juggernaut","Cleave","Headbutt","Power Through","Rampage","Twin Strike","Pommel Strike","Metallicize","Metallicize","Juggernaut","Metallicize","Inflame","Shrug It Off","Body Slam","Clash","Headbutt","Madness","Madness","Dropkick","Spot Weakness","Pommel Strike","Body Slam","Headbutt","Heavy Blade","Flex"],"max_hp_per_floor":[80,80,80,80,80,94,90,90,90,90,90,90,90,100,100,100,100,100,100,100,100,100,100,100,104,104,104,104,104,104,104,104,104,104,104,111,111,111,111,111,111,111,111,111,111,111,111,111,111,111],"relics":["Burning Blood","Bronze Scales","Mango","Bloody Idol","Regal Pillow","Toxic Egg","Pear","Velvet Choker","Bag of Preparation","Tiny Chest","Mummified Hand","Blood Vial","Dodecahedron","Old Coin","Bag of Marbles","Toolbox","Orrery","Strawberry","Molten Egg","Oddly Smooth Stone","Letter Opener","Dream Catcher"],"campfire_meditates":0,"card_choices":[{"not_picked":["Dual Wield","Metallicize"],"picked":"Iron Wave"},{"not_picked":["Flex","Dual Wield"],"picked":"Clothesline"},{"not_picked":["Perfected Strike","Shrug It Off"],"picked":"Body Slam"},{"not_picked":["Sword Boomerang","Thunderclap"],"picked":"Reaper"},{"not_picked":["Perfected Strike","Headbutt"],"picked":"Demon Form"},{"not_picked":["Corruption","Headbutt"],"picked":"Armaments"},{"not_picked":["Dual Wield","Blood for Blood"],"picked":"Offering"},{"not_picked":["Battle Trance","Sword Boomerang"],"picked":"Infernal Blade"},{"not_picked":["Battle Trance","Dual Wield"],"picked":"Flex"},{"not_picked":["Impervious","Offering"],"picked":"Juggernaut"},{"not_picked":["Body Slam","Power Through"],"picked":"Cleave"},{"not_picked":["Perfected Strike","Pommel Strike"],"picked":"Headbutt"},{"not_picked":["Pommel Strike","Armaments"],"picked":"Power Through"},{"not_picked":["Twin Strike","Cleave"],"picked":"Rampage"},{"not_picked":["Dual Wield","Cleave"],"picked":"Twin Strike"},{"not_picked":["Twin Strike","Power Through"],"picked":"Pommel Strike"},{"not_picked":["Sword Boomerang","Perfected Strike"],"picked":"Metallicize"},{"not_picked":["Offering","Reaper"],"picked":"Juggernaut"},{"not_picked":["Cleave","Flex"],"picked":"Metallicize"},{"not_picked":["Twin Strike","Metallicize"],"picked":"Inflame"},{"not_picked":["Thunderclap","Armaments"],"picked":"Shrug It Off"},{"not_picked":["Headbutt","Uppercut"],"picked":"Body Slam"},{"not_picked":["Anger","Reckless Charge"],"picked":"Clash"},{"not_picked":["Cleave","Pummel"],"picked":"Headbutt"},{"not_picked":["Warcry","Clash"],"picked":"Dropkick"},{"not_picked":["Headbutt","Rampage"],"picked":"Spot Weakness"},{"not_picked":["Hemokinesis","Dark Embrace"],"picked":"Pommel Strike"},{"not_picked":["Dual Wield","Battle Trance"],"picked":"Body Slam"},{"not_picked":["Power Through","Searing Blow"],"picked":"Headbutt"},{"not_picked":["Fire Breathing","Sword Boomerang"],"picked":"Heavy Blade"},{"not_picked":["Body Slam","Thunderclap"],"picked":"Flex"}],"player_experience":16478,"potions_floor_usage":[14,14,16,22,22,25,30,41,50,50],"damage_taken":[{"damage":6,"enemies":"Blue Slaver","floor":1,"turns":5},{"damage":1,"enemies":"Jaw Worm","floor":3,"turns":5},{"damage":4,"enemies":"Cultist","floor":4,"turns":5},{"damage":63,"enemies":"Lagavulin","floor":6,"turns":10},{"damage":12,"enemies":"Red Slaver","floor":8,"turns":4},{"damage":23,"enemies":"Gremlin Nob","floor":11,"turns":5},{"damage":16,"enemies":"Large Slime","floor":12,"turns":5},{"damage":31,"enemies":"Lagavulin Event","floor":14,"turns":5},{"damage":40,"enemies":"Hexaghost","floor":16,"turns":7},{"damage":10,"enemies":"3 Byrds","floor":18,"turns":3},{"damage":47,"enemies":"2 Thieves","floor":21,"turns":5},{"damage":19,"enemies":"Snake Plant","floor":22,"turns":4},{"damage":39,"enemies":"Slavers","floor":24,"turns":5},{"damage":40,"enemies":"Centurion and Healer","floor":25,"turns":5},{"damage":43,"enemies":"Gremlin Leader","floor":27,"turns":7},{"damage":19,"enemies":"Snecko","floor":30,"turns":5},{"damage":55,"enemies":"Collector","floor":33,"turns":9},{"damage":39,"enemies":"3 Darklings","floor":35,"turns":6},{"damage":3,"enemies":"3 Shapes","floor":38,"turns":6},{"damage":40,"enemies":"Sphere and 2 Shapes","floor":39,"turns":5},{"damage":33,"enemies":"Maw","floor":40,"turns":8},{"damage":58,"enemies":"Nemesis","floor":41,"turns":10},{"damage":43,"enemies":"4 Shapes","floor":45,"turns":7},{"damage":37,"enemies":"2 Orb Walkers","floor":46,"turns":4},{"damage":91,"enemies":"Time Eater","floor":50,"turns":7}],"event_choices":[{"event_name":"Liars Game","player_choice":"agreed","floor":2,"damage_taken":0},{"event_name":"Golden Idol","player_choice":"Lose Max HP","floor":7,"damage_taken":0},{"event_name":"Dead Adventurer","player_choice":"Searched \u00273\u0027 times","floor":14,"damage_taken":0},{"event_name":"Drug Dealer","player_choice":"Ignored","floor":20,"damage_taken":0},{"event_name":"Forgotten Altar","player_choice":"Gave Idol","floor":29,"damage_taken":0},{"event_name":"Winding Halls","player_choice":"Embrace Madness","floor":37,"damage_taken":0}],"boss_relics":[{"not_picked":["Ectoplasm","Runic Pyramid"],"picked":"Velvet Choker"},{"not_picked":["White Beast Statue","Philosopher\u0027s Stone"],"picked":"Orrery"}],"potions_floor_spawned":[3,8,14,16,18,22,25,27,38,39,46],"seed_played":"2922909854718956064","is_trial":false}