{"path_per_floor":["M","?","?","M","$","R","?","R","T","M","?","M","E","$","R","B",null,"M","M","$","M","M","?"],"character_chosen":"IRONCLAD","items_purchased":["Armaments"],"gold_per_floor":[110,110,110,127,52,52,2,2,27,39,114,134,161,15,15,116,116,135,149,24,42,61,61],"floor_reached":24,"campfire_rested":0,"playtime":2075,"current_hp_per_floor":[79,79,79,76,76,80,80,80,80,79,68,58,48,48,52,13,80,74,42,42,8,2,2],"items_purged":["Strike_R","Defend_R","Strike_R"],"gold":61,"play_id":"f152bffb-351e-46b6-97ab-8d98b22f126e","is_prod":false,"is_daily":false,"campfire_rituals":0,"campfire_upgraded":3,"is_hardmode":false,"path_taken":["M","?","?","?","$","R","?","R","T","M","?","M","E","$","R","BOSS","M","M","$","M","M","?","M"],"build_version":"2017-12-29-BETA1","purchased_purges":3,"victory":false,"master_deck":["Strike_R","Defend_R","Defend_R","Defend_R","Bash","Immolate","Headbutt","True Grit","Pommel Strike","Clothesline","Armaments","Wild Strike","Disarm","Twin Strike","Burning Pact","Clash","Body Slam","Dual Wield"],"max_hp_per_floor":[80,80,80,80,80,80,80,80,80,80,80,80,80,80,80,80,80,80,80,80,80,80,80],"relics":["Eternal Feather","Pen Nib","Kunai","Orrery"],"campfire_meditates":0,"card_choices":[{"not_picked":["Pommel Strike","Anger"],"picked":"Immolate"},{"not_picked":["Warcry","Armaments"],"picked":"Headbutt"},{"not_picked":["Headbutt","Perfected Strike"],"picked":"True Grit"},{"not_picked":["Sever Soul","Battle Trance"],"picked":"Pommel Strike"},{"not_picked":["Dual Wield","Bloodletting"],"picked":"Clothesline"},{"not_picked":["Flex","Disarm"],"picked":"Wild Strike"},{"not_picked":["Perfected Strike","Clothesline"],"picked":"Disarm"},{"not_picked":["Bludgeon","Iron Wave"],"picked":"Twin Strike"},{"not_picked":["Metallicize","Evolve"],"picked":"Burning Pact"},{"not_picked":["Thunderclap","Iron Wave"],"picked":"Clash"},{"not_picked":["Cleave","Hemokinesis"],"picked":"Body Slam"},{"not_picked":["Warcry","Flex"],"picked":"Dual Wield"}],"player_experience":155197,"potions_floor_usage":[13,13,19,22],"damage_taken":[{"damage":1,"enemies":"Jaw Worm","floor":1,"turns":3},{"damage":3,"enemies":"2 Louse","floor":4,"turns":3},{"damage":1,"enemies":"Small Slimes","floor":10,"turns":3},{"damage":10,"enemies":"Red Slaver","floor":12,"turns":4},{"damage":10,"enemies":"Lagavulin","floor":13,"turns":5},{"damage":39,"enemies":"Hexaghost","floor":16,"turns":12},{"damage":6,"enemies":"Chosen","floor":18,"turns":5},{"damage":32,"enemies":"3 Byrds","floor":19,"turns":7},{"damage":34,"enemies":"Sentry and Sphere","floor":21,"turns":6},{"damage":6,"enemies":"Snecko","floor":22,"turns":7},{"damage":12,"enemies":"Centurion and Healer","floor":24,"turns":2}],"event_choices":[{"event_name":"Living Wall","player_choice":"Forget","floor":2,"damage_taken":0},{"event_name":"Accursed Blacksmith","player_choice":"Forge","floor":3,"damage_taken":0},{"event_name":"The Cleric","player_choice":"Card Removal","floor":7,"damage_taken":0},{"event_name":"World of Goop","player_choice":"Gather Gold","floor":11,"damage_taken":0},{"event_name":"Beggar","player_choice":"Ignored","floor":23,"damage_taken":0}],"boss_relics":[{"not_picked":["Tiny House","White Beast Statue"],"picked":"Orrery"}],"potions_floor_spawned":[1,10,16,19,22],"seed_played":"-9092684033315956449","killed_by":"Centurion and Healer","is_trial":false}