{"path_per_floor":["M","M","?","?","?","R","$","M","T","?","?","M","R","M","R","B",null,"M","M","?","$","M","$","R","M","T","?","R","T","M","?","R","B",null,"M","?","M","$","M","R","?","R","T","?","E","M","R","T","R"],"character_chosen":"IRONCLAD","items_purchased":["Whetstone"],"gold_per_floor":[116,135,135,135,135,135,60,83,107,107,57,82,82,101,101,231,231,251,269,269,21,41,41,41,54,54,54,54,110,130,130,130,254,254,278,278,302,177,201,201,201,201,226,226,261,282,282,335,335],"floor_reached":50,"campfire_rested":5,"playtime":3627,"current_hp_per_floor":[80,80,68,68,52,52,52,58,58,51,51,52,52,58,58,36,80,76,66,66,66,51,51,51,42,42,42,42,42,48,32,56,27,80,79,79,43,43,47,71,61,83,83,83,67,43,68,68,86],"items_purged":["Defend_R","Strike_R","Defend_R"],"gold":335,"play_id":"b29568fc-6884-4fbb-9b32-2db00ed43d05","is_prod":false,"is_daily":false,"campfire_rituals":0,"campfire_upgraded":5,"is_hardmode":false,"path_taken":["M","M","?","?","?","R","?","?","T","?","?","M","R","M","R","BOSS","M","M","?","$","M","$","R","M","T","?","R","?","M","?","R","BOSS","M","?","M","$","M","R","?","R","T","?","E","M","R","?","R","BOSS"],"build_version":"2017-12-29-BETA1","purchased_purges":4,"victory":false,"master_deck":["Strike_R","Defend_R","Defend_R","Bash","Battle Trance","Pommel Strike","Rampage","Twin Strike","Armaments","Double Tap","Clash","Clash","Flex","Thunderclap","Ghostly Armor","Blind","Feed","Battle Trance","Headbutt","Madness","Reaper","Thunderclap"],"max_hp_per_floor":[80,80,80,80,80,80,80,80,80,80,80,80,80,80,80,80,80,80,80,80,80,80,80,80,80,80,80,80,80,80,80,80,80,80,83,83,83,83,83,83,83,83,83,83,83,86,86,86,86],"relics":["Burning Blood","Orichalcum","Golden Idol","Juzu Bracelet","Orrery","Whetstone","Bird Faced Urn","Tiny Chest","Black Star","Anchor","Bag of Marbles","Omamori","Toxic Egg"],"campfire_meditates":0,"card_choices":[{"not_picked":["Seeing Red","Demon Form"],"picked":"Battle Trance"},{"not_picked":["Heavy Blade","Shrug It Off"],"picked":"Pommel Strike"},{"not_picked":["Dual Wield","Wild Strike"],"picked":"Rampage"},{"not_picked":["Havoc","Wild Strike"],"picked":"Twin Strike"},{"not_picked":["Dropkick","Pommel Strike"],"picked":"Armaments"},{"not_picked":["Juggernaut","Berserk"],"picked":"Double Tap"},{"not_picked":["Dropkick","Headbutt"],"picked":"Clash"},{"not_picked":["Headbutt","Warcry"],"picked":"Clash"},{"not_picked":["Sword Boomerang","Clothesline"],"picked":"Flex"},{"not_picked":["Shrug It Off","Uppercut"],"picked":"Thunderclap"},{"not_picked":["Metallicize","Hemokinesis"],"picked":"Ghostly Armor"},{"not_picked":["Exhume","Brutality"],"picked":"Feed"},{"not_picked":["Heavy Blade","Iron Wave"],"picked":"Battle Trance"},{"not_picked":["Battle Trance","Reckless Charge"],"picked":"Headbutt"},{"not_picked":["Iron Wave","Disarm"],"picked":"Reaper"},{"not_picked":["Uppercut","Clothesline"],"picked":"Thunderclap"}],"player_experience":233443,"potions_floor_usage":[8,12,16,33,33,33,45,50],"damage_taken":[{"damage":0,"enemies":"2 Louse","floor":1,"turns":3},{"damage":5,"enemies":"Jaw Worm","floor":2,"turns":4},{"damage":0,"enemies":"Small Slimes","floor":8,"turns":2},{"damage":5,"enemies":"Exordium Wildlife","floor":12,"turns":5},{"damage":0,"enemies":"Looter","floor":14,"turns":3},{"damage":28,"enemies":"Hexaghost","floor":16,"turns":8},{"damage":10,"enemies":"3 Byrds","floor":18,"turns":4},{"damage":16,"enemies":"Shell Parasite","floor":19,"turns":4},{"damage":21,"enemies":"Chosen and Byrds","floor":22,"turns":5},{"damage":15,"enemies":"Snake Plant","floor":25,"turns":2},{"damage":0,"enemies":"3 Cultists","floor":30,"turns":5},{"damage":35,"enemies":"Automaton","floor":33,"turns":9},{"damage":10,"enemies":"Orb Walker","floor":35,"turns":2},{"damage":42,"enemies":"3 Darklings","floor":37,"turns":9},{"damage":2,"enemies":"Flame Bruiser 2 Orb","floor":39,"turns":3},{"damage":22,"enemies":"Giant Head","floor":45,"turns":6},{"damage":49,"enemies":"Sphere and 2 Shapes","floor":46,"turns":6},{"damage":92,"enemies":"Time Eater","floor":50,"turns":8}],"event_choices":[{"event_name":"Scrap Ooze","player_choice":"success","floor":3,"damage_taken":12},{"event_name":"Living Wall","player_choice":"Forget","floor":4,"damage_taken":0},{"event_name":"Golden Idol","player_choice":"Take Damage","floor":5,"damage_taken":0},{"event_name":"Golden Wing","player_choice":"Card Removal","floor":10,"damage_taken":0},{"event_name":"The Cleric","player_choice":"Card Removal","floor":11,"damage_taken":0},{"event_name":"Accursed Blacksmith","player_choice":"Forge","floor":20,"damage_taken":0},{"event_name":"The Woman in Blue","player_choice":"Bought 0 Potions","floor":27,"damage_taken":0},{"event_name":"Knowing Skull","player_choice":"CARD ","floor":31,"damage_taken":0},{"event_name":"Mysterious Sphere","player_choice":"Ignore","floor":36,"damage_taken":0},{"event_name":"Winding Halls","player_choice":"Embrace Madness","floor":41,"damage_taken":0}],"boss_relics":[{"not_picked":["Mark of Pain","Calling Bell"],"picked":"Orrery"},{"not_picked":["Philosopher\u0027s Stone","Eternal Feather"],"picked":"Black Star"}],"potions_floor_spawned":[1,12,14,16,22,25,33,45],"seed_played":"-4870088495943545601","killed_by":"Time Eater","is_trial":false}