{"path_per_floor":["M","M","M","$","?","E","?","E","T","E","$","?","T","M","R","B",null,"M","?","?","$","?","E","?","M","T","M","R","E","?","M","R","B",null,"M","M","M","M","$"],"character_chosen":"IRONCLAD","items_purchased":["Bandage Up"],"gold_per_floor":[110,129,146,71,71,97,97,126,152,178,78,139,139,151,151,249,249,259,259,159,34,34,60,60,79,79,96,96,122,122,137,137,237,237,255,271,288,307,160],"floor_reached":40,"campfire_rested":1,"playtime":3418,"current_hp_per_floor":[41,41,46,46,72,59,59,51,58,56,56,38,38,46,46,34,87,62,62,62,62,62,49,49,57,57,42,42,35,35,37,78,13,87,82,72,27,15,15],"items_purged":["Defend_R","Defend_R","Combust","Berserk"],"gold":160,"play_id":"bf4bd56f-cbd7-428e-b900-3e3a9b90e535","is_prod":false,"is_daily":false,"campfire_rituals":0,"campfire_upgraded":2,"is_hardmode":false,"path_taken":["M","M","M","$","?","E","?","E","T","E","$","?","?","M","R","BOSS","M","?","?","$","?","E","?","M","T","?","R","E","?","M","R","BOSS","M","M","M","?","$","E"],"build_version":"2017-12-21-PROD1","purchased_purges":4,"victory":false,"master_deck":["Strike_R","Strike_R","Strike_R","Bash","Spot Weakness","Anger","Clash","Perfected Strike","Sword Boomerang","Pommel Strike","Inflame","Clash","Twin Strike","Clash","Pommel Strike","Limit Break","Heavy Blade","Blood for Blood","Bandage Up"],"max_hp_per_floor":[80,80,80,80,80,80,80,80,87,87,87,87,87,87,87,87,87,87,87,87,87,87,87,87,87,87,87,87,87,87,87,87,87,87,87,87,87,87,87],"relics":["Burning Blood","Toolbox","Molten Egg","Strawberry","Oddly Smooth Stone","Blood Vial","Frozen Eye","Astrolabe","Pen Nib","Self Forming Clay","Regal Pillow","Smiling Mask","Velvet Choker"],"campfire_meditates":0,"card_choices":[{"not_picked":["Double Tap","Power Through"],"picked":"Spot Weakness"},{"not_picked":["Armaments","True Grit"],"picked":"Anger"},{"not_picked":["Body Slam","Dual Wield"],"picked":"Clash"},{"not_picked":["Bludgeon","Fire Breathing"],"picked":"Perfected Strike"},{"not_picked":["Bludgeon","Heavy Blade"],"picked":"Sword Boomerang"},{"not_picked":["Reckless Charge","Rampage"],"picked":"Second Wind"},{"not_picked":["Warcry","Feel No Pain"],"picked":"Inflame"},{"not_picked":["Feel No Pain","Blood for Blood"],"picked":"Twin Strike"},{"not_picked":["Iron Wave","Heavy Blade"],"picked":"Clash"},{"not_picked":["True Grit","Body Slam"],"picked":"Pommel Strike"},{"not_picked":["Offering","Feed"],"picked":"Limit Break"},{"not_picked":["Body Slam","Rupture"],"picked":"Heavy Blade"},{"not_picked":["Wild Strike","Iron Wave"],"picked":"Blood for Blood"}],"player_experience":124827,"potions_floor_usage":[6,8,16,16,23,31,33],"damage_taken":[{"damage":5,"enemies":"Looter","floor":1,"turns":4},{"damage":6,"enemies":"Jaw Worm","floor":2,"turns":5},{"damage":1,"enemies":"Cultist","floor":3,"turns":3},{"damage":19,"enemies":"Lagavulin","floor":6,"turns":4},{"damage":14,"enemies":"3 Sentries","floor":8,"turns":5},{"damage":8,"enemies":"Gremlin Nob","floor":10,"turns":3},{"damage":26,"enemies":"Lagavulin Event","floor":12,"turns":4},{"damage":4,"enemies":"3 Louse","floor":14,"turns":3},{"damage":20,"enemies":"Slime Boss","floor":16,"turns":7},{"damage":31,"enemies":"2 Thieves","floor":18,"turns":3},{"damage":21,"enemies":"Book of Stabbing","floor":23,"turns":3},{"damage":0,"enemies":"Spheric Guardian","floor":25,"turns":2},{"damage":23,"enemies":"Centurion and Healer","floor":27,"turns":3},{"damage":15,"enemies":"Slavers","floor":29,"turns":3},{"damage":6,"enemies":"3 Cultists","floor":31,"turns":3},{"damage":88,"enemies":"Automaton","floor":33,"turns":7},{"damage":11,"enemies":"Orb Walker","floor":35,"turns":2},{"damage":18,"enemies":"3 Shapes","floor":36,"turns":3},{"damage":53,"enemies":"Maw","floor":37,"turns":5},{"damage":20,"enemies":"Sphere and 2 Shapes","floor":38,"turns":3},{"damage":43,"enemies":"Nemesis","floor":40,"turns":3}],"event_choices":[{"event_name":"Big Fish","player_choice":"Banana","floor":5,"damage_taken":0},{"event_name":"Upgrade Shrine","player_choice":"Upgraded","floor":7,"damage_taken":0},{"event_name":"Dead Adventurer","player_choice":"Searched \u00273\u0027 times","floor":12,"damage_taken":0},{"event_name":"Vampires","player_choice":"Ignored","floor":19,"damage_taken":0},{"event_name":"Drug Dealer","player_choice":"Got JAXXED","floor":20,"damage_taken":0},{"event_name":"The Library","player_choice":"Read","floor":22,"damage_taken":0},{"event_name":"Addict","player_choice":"Gave JAX","floor":24,"damage_taken":0},{"event_name":"The Mausoleum","player_choice":"No","floor":30,"damage_taken":0}],"boss_relics":[{"not_picked":["Calling Bell","Snecko Eye"],"picked":"Astrolabe"},{"not_picked":["Runic Pyramid","Tiny House"],"picked":"Velvet Choker"}],"potions_floor_spawned":[1,2,8,12,14,16,18,23,31],"seed_played":"-4645993460849994286","killed_by":"Nemesis","is_trial":false}