{"path_per_floor":["M","$","?","M","M","R","M","R","T","?","M","M","?","M","R","B",null,"M","M","?","?","M","R","M","$","T","R","M","M","M","M","R","B",null,"M","M","?"],"character_chosen":"IRONCLAD","items_purchased":["Twin Strike"],"gold_per_floor":[115,40,40,54,68,68,87,87,87,87,106,116,116,132,132,229,229,239,257,257,157,170,170,188,65,117,117,135,149,163,180,180,276,276,296,306,354],"floor_reached":38,"campfire_rested":0,"playtime":3231,"current_hp_per_floor":[80,80,68,68,60,60,66,66,66,66,63,76,76,80,80,69,80,80,80,80,80,80,80,73,73,73,73,80,80,80,81,81,57,82,80,82,51],"items_purged":["Strike_R","Strike_R"],"gold":354,"play_id":"a3aa8c85-7b01-4339-bbaf-77ebcc613be3","is_prod":false,"is_daily":false,"campfire_rituals":0,"campfire_upgraded":6,"is_hardmode":false,"path_taken":["M","$","?","M","M","R","M","R","T","?","M","?","?","M","R","BOSS","M","?","?","?","M","R","?","$","T","R","M","M","M","M","R","BOSS","M","M","?","M"],"build_version":"2017-12-29-BETA1","purchased_purges":2,"victory":false,"master_deck":["Strike_R","Strike_R","Defend_R","Defend_R","Defend_R","Defend_R","Bash","Cleave","Clash","Pummel","Inflame","True Grit","Reaper","Sword Boomerang","Impervious","Headbutt","Thunderclap","J.A.X.","True Grit","Sentinel","Twin Strike","Heavy Blade","Sentinel","Heavy Blade","Feed","Dual Wield","Headbutt","Flex"],"max_hp_per_floor":[80,80,80,80,80,80,80,80,80,80,80,80,80,80,80,80,80,80,80,80,80,80,80,80,80,80,80,80,80,82,82,82,82,82,82,85,85],"relics":["Burning Blood","Gremlin Horn","Champion Belt","Pen Nib","Velvet Choker","Singing Bowl","Eternal Feather","Du-Vu Doll"],"campfire_meditates":0,"card_choices":[{"not_picked":["Corruption","Dual Wield"],"picked":"Cleave"},{"not_picked":["Body Slam","Sword Boomerang"],"picked":"Clash"},{"not_picked":["Dropkick","Blood for Blood"],"picked":"Pummel"},{"not_picked":["Armaments","Intimidate"],"picked":"Inflame"},{"not_picked":["Shrug It Off","Iron Wave"],"picked":"True Grit"},{"not_picked":["Iron Wave","Heavy Blade"],"picked":"Reaper"},{"not_picked":["Iron Wave","Cleave"],"picked":"Sword Boomerang"},{"not_picked":["Double Tap","Barricade"],"picked":"Impervious"},{"not_picked":["Feel No Pain","Searing Blow"],"picked":"Headbutt"},{"not_picked":["Heavy Blade","Shrug It Off"],"picked":"Thunderclap"},{"not_picked":["Wild Strike","Searing Blow"],"picked":"True Grit"},{"not_picked":["Armaments","Sword Boomerang"],"picked":"Sentinel"},{"not_picked":["Burning Pact","Flame Barrier"],"picked":"Heavy Blade"},{"not_picked":["Dropkick","Reckless Charge"],"picked":"Sentinel"},{"not_picked":["Pummel","Wild Strike"],"picked":"Heavy Blade"},{"not_picked":["Dark Embrace","Demon Form"],"picked":"Feed"},{"not_picked":["Entrench","Heavy Blade"],"picked":"Dual Wield"},{"not_picked":["Havoc","Armaments"],"picked":"Headbutt"},{"not_picked":["Iron Wave","Body Slam"],"picked":"Flex"}],"player_experience":230212,"potions_floor_usage":[7,14,19,22,33,38,38,38],"damage_taken":[{"damage":2,"enemies":"Small Slimes","floor":1,"turns":4},{"damage":6,"enemies":"Jaw Worm","floor":4,"turns":3},{"damage":14,"enemies":"Blue Slaver","floor":5,"turns":3},{"damage":0,"enemies":"3 Louse","floor":7,"turns":2},{"damage":9,"enemies":"Exordium Wildlife","floor":11,"turns":3},{"damage":0,"enemies":"Looter","floor":12,"turns":3},{"damage":7,"enemies":"Gremlin Gang","floor":14,"turns":5},{"damage":31,"enemies":"Slime Boss","floor":16,"turns":8},{"damage":0,"enemies":"3 Byrds","floor":18,"turns":4},{"damage":8,"enemies":"Spheric Guardian","floor":19,"turns":4},{"damage":4,"enemies":"Centurion and Healer","floor":22,"turns":3},{"damage":26,"enemies":"Snecko","floor":24,"turns":5},{"damage":3,"enemies":"Chosen and Byrds","floor":28,"turns":5},{"damage":4,"enemies":"Snake Plant","floor":29,"turns":3},{"damage":8,"enemies":"3 Cultists","floor":30,"turns":5},{"damage":5,"enemies":"Chosen and Byrds","floor":31,"turns":4},{"damage":30,"enemies":"Champ","floor":33,"turns":7},{"damage":8,"enemies":"3 Darklings","floor":35,"turns":4},{"damage":7,"enemies":"Flame Bruiser 1 Orb","floor":36,"turns":5},{"damage":51,"enemies":"Mysterious Sphere","floor":37,"turns":5}],"event_choices":[{"event_name":"Scrap Ooze","player_choice":"success","floor":3,"damage_taken":12},{"event_name":"Dead Adventurer","player_choice":"Searched \u00271\u0027 times","floor":10,"damage_taken":0},{"event_name":"Living Wall","player_choice":"Forget","floor":13,"damage_taken":0},{"event_name":"Vampires","player_choice":"Ignored","floor":20,"damage_taken":0},{"event_name":"Drug Dealer","player_choice":"Got JAXXED","floor":21,"damage_taken":0},{"event_name":"Mysterious Sphere","player_choice":"Fight","floor":37,"damage_taken":0}],"boss_relics":[{"not_picked":["Runic Cube","Astrolabe"],"picked":"Velvet Choker"},{"not_picked":["Black Star","Cursed Key"],"picked":"Eternal Feather"}],"potions_floor_spawned":[4,12,16,18,22,28,29,33,35,37],"seed_played":"252779574281897708","killed_by":"Sphere and 2 Shapes","is_trial":false}