{"path_per_floor":["M","M","?","M","M","E","R","$","T","?","$","R","M","?","R","B",null,"M","?","M","?","$","M","R","M","T","R","?","M","M","$","R","B",null,"M","$","M","M","$","R","$","T","T","R","M","M"],"character_chosen":"IRONCLAD","items_purchased":["True Grit","Impervious","Body Slam"],"gold_per_floor":[116,131,131,143,161,189,189,66,66,124,24,24,34,34,34,133,133,145,145,163,163,38,49,49,67,112,112,112,127,139,1,1,100,130,148,98,112,124,74,74,28,28,28,28,38,58],"floor_reached":47,"campfire_rested":3,"playtime":6156,"current_hp_per_floor":[80,79,63,63,61,47,47,47,47,35,35,35,35,35,59,28,80,70,70,63,63,63,63,63,53,53,53,53,41,32,32,56,6,80,58,58,33,31,31,55,55,69,69,69,12,9],"items_purged":["Strike_R","Strike_R","Strike_R","Normality","Decay"],"gold":58,"play_id":"670ab504-9975-41b7-ae0b-74ebaa2ffaa0","is_prod":false,"is_daily":false,"campfire_rituals":0,"campfire_upgraded":5,"is_hardmode":false,"path_taken":["M","M","?","?","M","E","R","$","T","?","$","R","M","?","R","BOSS","M","?","?","?","?","?","R","?","T","R","?","M","M","$","R","BOSS","M","$","M","M","?","R","$","?","T","R","?","M","M"],"build_version":"2017-12-29-BETA1","purchased_purges":5,"victory":false,"master_deck":["Strike_R","Strike_R","Defend_R","Defend_R","Bash","Burning Pact","Whirlwind","Feel No Pain","Iron Wave","Thunderclap","True Grit","Clothesline","Dark Embrace","Disarm","True Grit","Armaments","Headbutt","Infernal Blade","Dual Wield","Iron Wave","Twin Strike","Decay","Twin Strike","Impervious","Double Tap","Parasite","Body Slam","True Grit"],"max_hp_per_floor":[80,80,80,80,80,80,80,80,80,80,80,80,80,80,80,80,80,80,80,80,80,80,80,80,80,80,80,80,80,80,80,80,80,80,80,80,80,80,80,80,80,94,94,94,94,94],"relics":["Sozu","Whetstone","War Paint","Gremlin Horn","Orrery","Frozen Egg","Calling Bell","Tiny Chest","Art of War","Smiling Mask","Mango","Dead Branch"],"campfire_meditates":0,"card_choices":[{"not_picked":["Clothesline","Wild Strike"],"picked":"Burning Pact"},{"not_picked":["Twin Strike","Cleave"],"picked":"Whirlwind"},{"not_picked":["Twin Strike","Bloodletting"],"picked":"Feel No Pain"},{"not_picked":["Dual Wield","Clash"],"picked":"Iron Wave"},{"not_picked":["Anger","Feel No Pain"],"picked":"Thunderclap"},{"not_picked":["Dropkick","Perfected Strike"],"picked":"Clothesline"},{"not_picked":["Offering","Feed"],"picked":"Dark Embrace"},{"not_picked":["Twin Strike","Battle Trance"],"picked":"Disarm"},{"not_picked":["Spot Weakness","Sentinel"],"picked":"True Grit"},{"not_picked":["Rampage","Heavy Blade"],"picked":"Armaments"},{"not_picked":["Rage","Inflame"],"picked":"Headbutt"},{"not_picked":["Power Through","Perfected Strike"],"picked":"Infernal Blade"},{"not_picked":["Shrug It Off","Offering"],"picked":"Dual Wield"},{"not_picked":["Rupture","Heavy Blade"],"picked":"Iron Wave"},{"not_picked":["Sword Boomerang","True Grit"],"picked":"Twin Strike"},{"not_picked":["Armaments","Dual Wield"],"picked":"Twin Strike"},{"not_picked":["Exhume","Fiend Fire"],"picked":"Double Tap"},{"not_picked":["Heavy Blade","Havoc"],"picked":"True Grit"}],"player_experience":145567,"potions_floor_usage":[],"damage_taken":[{"damage":0,"enemies":"Small Slimes","floor":1,"turns":3},{"damage":1,"enemies":"Jaw Worm","floor":2,"turns":3},{"damage":0,"enemies":"Cultist","floor":4,"turns":4},{"damage":2,"enemies":"Gremlin Gang","floor":5,"turns":7},{"damage":14,"enemies":"Gremlin Nob","floor":6,"turns":4},{"damage":12,"enemies":"Gremlin Nob","floor":10,"turns":4},{"damage":0,"enemies":"Large Slime","floor":13,"turns":5},{"damage":31,"enemies":"Slime Boss","floor":16,"turns":10},{"damage":10,"enemies":"Chosen","floor":18,"turns":6},{"damage":7,"enemies":"Shell Parasite","floor":20,"turns":9},{"damage":0,"enemies":"Centurion and Healer","floor":23,"turns":12},{"damage":10,"enemies":"Chosen and Byrds","floor":25,"turns":7},{"damage":12,"enemies":"Snecko","floor":29,"turns":5},{"damage":9,"enemies":"Centurion and Healer","floor":30,"turns":10},{"damage":50,"enemies":"Collector","floor":33,"turns":17},{"damage":22,"enemies":"3 Darklings","floor":35,"turns":9},{"damage":25,"enemies":"Orb Walker","floor":37,"turns":6},{"damage":2,"enemies":"Flame Bruiser 2 Orb","floor":38,"turns":5},{"damage":57,"enemies":"Sphere and 2 Shapes","floor":45,"turns":10},{"damage":3,"enemies":"Maw","floor":46,"turns":8},{"damage":9,"enemies":"3 Darklings","floor":47,"turns":2}],"event_choices":[{"event_name":"Shining Light","player_choice":"Entered Light","floor":3,"damage_taken":0},{"event_name":"Dead Adventurer","player_choice":"Searched \u00273\u0027 times","floor":10,"damage_taken":0},{"event_name":"Living Wall","player_choice":"Forget","floor":14,"damage_taken":0},{"event_name":"Vampires","player_choice":"Ignored","floor":19,"damage_taken":0},{"event_name":"Purifier","player_choice":"One Purge","floor":21,"damage_taken":0},{"event_name":"Forgotten Altar","player_choice":"Smashed Altar","floor":28,"damage_taken":0}],"boss_relics":[{"not_picked":["Cursed Key","Black Star"],"picked":"Orrery"},{"not_picked":["Runic Pyramid","White Beast Statue"],"picked":"Calling Bell"}],"potions_floor_spawned":[1,4,10,16,25,30,33,37,38],"seed_played":"-4897077531333297994","killed_by":"3 Darklings","is_trial":false}