{"path_per_floor":["M","M","?","M","?","R","M","R","T","M","R","$","?","M","R","B",null,"M","M","?","?","$","M","?","R","T","M","M","M"],"character_chosen":"IRONCLAD","items_purchased":["Infernal Blade"],"gold_per_floor":[115,131,131,145,145,145,165,165,165,179,179,23,23,37,37,134,134,150,162,62,62,62,74,74,74,120,137,155,175],"floor_reached":30,"campfire_rested":0,"playtime":1761,"current_hp_per_floor":[80,80,80,80,80,80,78,78,78,80,80,80,64,69,69,41,80,72,75,75,75,75,49,49,49,49,20,18,16],"items_purged":["Strike_R"],"gold":175,"play_id":"a0e8c1e8-a201-4fe0-8835-fe64e820bf44","is_prod":false,"is_daily":false,"campfire_rituals":0,"campfire_upgraded":3,"is_hardmode":false,"path_taken":["M","M","?","M","?","R","M","R","T","M","R","$","?","?","R","BOSS","M","M","?","?","$","?","?","R","T","?","?","M","M"],"build_version":"2017-12-29-BETA1","purchased_purges":1,"victory":false,"master_deck":["Strike_R","Strike_R","Strike_R","Strike_R","Defend_R","Defend_R","Defend_R","Defend_R","Bash","Thunderclap","Clash","Anger","Armaments","Spot Weakness","Infernal Blade","Iron Wave","Pommel Strike","J.A.X.","Headbutt","Cleave","Fiend Fire","True Grit"],"max_hp_per_floor":[80,80,80,80,80,80,80,80,80,80,80,80,80,80,80,80,80,80,80,80,80,80,80,80,80,80,80,80,80],"relics":["Black Blood","Happy Flower","Shovel","Gremlin Horn","Nloth\u0027s Gift","Matryoshka","Regal Pillow","Prayer Wheel"],"campfire_meditates":0,"card_choices":[{"not_picked":["Combust","Sword Boomerang"],"picked":"Thunderclap"},{"not_picked":["Sword Boomerang","Dropkick"],"picked":"Clash"},{"not_picked":["Ghostly Armor","Warcry"],"picked":"Anger"},{"not_picked":["Evolve","Havoc"],"picked":"Armaments"},{"not_picked":["Bludgeon","Thunderclap"],"picked":"Spot Weakness"},{"not_picked":["Anger","Twin Strike"],"picked":"Iron Wave"},{"not_picked":["Perfected Strike","Warcry"],"picked":"Pommel Strike"},{"not_picked":["Shockwave","Perfected Strike"],"picked":"Headbutt"},{"not_picked":["True Grit","Havoc"],"picked":"Cleave"},{"not_picked":["Thunderclap","Twin Strike"],"picked":"Fiend Fire"},{"not_picked":["Pommel Strike","Headbutt"],"picked":"True Grit"}],"player_experience":210037,"potions_floor_usage":[16,18,27,27],"damage_taken":[{"damage":0,"enemies":"Blue Slaver","floor":1,"turns":1},{"damage":0,"enemies":"Cultist","floor":2,"turns":1},{"damage":0,"enemies":"Small Slimes","floor":4,"turns":1},{"damage":8,"enemies":"3 Louse","floor":7,"turns":3},{"damage":0,"enemies":"2 Fungi Beasts","floor":10,"turns":2},{"damage":1,"enemies":"Exordium Wildlife","floor":14,"turns":2},{"damage":34,"enemies":"Slime Boss","floor":16,"turns":4},{"damage":18,"enemies":"Spheric Guardian","floor":18,"turns":4},{"damage":7,"enemies":"Shell Parasite","floor":19,"turns":4},{"damage":36,"enemies":"Centurion and Healer","floor":23,"turns":4},{"damage":39,"enemies":"Snake Plant","floor":27,"turns":4},{"damage":12,"enemies":"Snecko","floor":28,"turns":4},{"damage":12,"enemies":"Centurion and Healer","floor":29,"turns":4},{"damage":24,"enemies":"3 Cultists","floor":30,"turns":4}],"event_choices":[{"event_name":"Wheel of Change","player_choice":"Relic","floor":3,"damage_taken":0},{"event_name":"Match and Keep!","player_choice":"0 cards matched","floor":5,"damage_taken":0},{"event_name":"Shining Light","player_choice":"Entered Light","floor":13,"damage_taken":0},{"event_name":"Drug Dealer","player_choice":"Got JAXXED","floor":20,"damage_taken":0},{"event_name":"N\u0027loth","player_choice":"Traded a NeowsBlessing","floor":21,"damage_taken":0},{"event_name":"Beggar","player_choice":"Ignored","floor":24,"damage_taken":0}],"boss_relics":[{"not_picked":["Velvet Choker","Question Card"],"picked":"Black Blood"}],"potions_floor_spawned":[1,4,19,23],"seed_played":"-2993275877573206278","killed_by":"3 Cultists","is_trial":false}