{"path_per_floor":["M","?","?","M","T","R","T","R","T","M","M","E","R","M","R","B",null,"M","M","$","?","M","R","M"],"character_chosen":"IRONCLAD","items_purchased":["Peace Pipe"],"gold_per_floor":[148,148,148,163,163,163,217,217,217,235,251,290,290,309,309,434,434,450,468,87,87,112,112,133],"floor_reached":25,"campfire_rested":0,"playtime":1483,"current_hp_per_floor":[67,67,67,65,65,65,65,65,65,65,57,50,50,50,50,6,81,59,46,46,46,36,36,8],"items_purged":["Strike_R"],"gold":133,"play_id":"f61d1abb-843c-4ca1-9f88-39ed9631f33b","is_prod":false,"is_daily":false,"campfire_rituals":0,"campfire_upgraded":4,"is_hardmode":false,"path_taken":["M","?","?","M","?","R","?","R","T","M","M","E","R","M","R","BOSS","M","M","$","?","M","R","M","M"],"build_version":"2018-01-02-BETA1","purchased_purges":1,"victory":false,"master_deck":["Strike_R","Strike_R","Strike_R","Defend_R","Defend_R","Defend_R","Bash","Body Slam","Disarm","Seeing Red","Flex","Rampage","Brutality","Thunderclap"],"max_hp_per_floor":[85,81,81,81,81,81,81,81,81,81,81,81,81,81,81,81,81,81,81,81,81,81,81,81],"relics":["Tiny House","Golden Idol","Gambling Chip","Tiny Chest","Du-Vu Doll","Pen Nib","Runic Dome","Peace Pipe"],"campfire_meditates":0,"card_choices":[{"not_picked":["Fire Breathing","Barricade"],"picked":"Body Slam"},{"not_picked":["Rage","Pommel Strike"],"picked":"Disarm"},{"not_picked":["Burning Pact","Wild Strike"],"picked":"Seeing Red"},{"not_picked":["Perfected Strike","Warcry"],"picked":"Flex"},{"not_picked":["Carnage","Rage"],"picked":"Rampage"},{"not_picked":["Juggernaut","Bludgeon"],"picked":"Brutality"},{"not_picked":["Hemokinesis","Heavy Blade"],"picked":"Thunderclap"}],"player_experience":310206,"potions_floor_usage":[12,14,16,22],"damage_taken":[{"damage":18,"enemies":"Blue Slaver","floor":1,"turns":6},{"damage":2,"enemies":"2 Louse","floor":4,"turns":3},{"damage":0,"enemies":"Jaw Worm","floor":10,"turns":4},{"damage":8,"enemies":"Exordium Wildlife","floor":11,"turns":5},{"damage":7,"enemies":"Gremlin Nob","floor":12,"turns":4},{"damage":0,"enemies":"Lots of Slimes","floor":14,"turns":2},{"damage":44,"enemies":"Slime Boss","floor":16,"turns":11},{"damage":22,"enemies":"Spheric Guardian","floor":18,"turns":4},{"damage":13,"enemies":"Shell Parasite","floor":19,"turns":5},{"damage":22,"enemies":"Snecko","floor":22,"turns":6},{"damage":28,"enemies":"Centurion and Healer","floor":24,"turns":6},{"damage":9,"enemies":"Snake Plant","floor":25,"turns":2}],"event_choices":[{"event_name":"Golden Idol","player_choice":"Lose Max HP","floor":2,"damage_taken":0},{"event_name":"Purifier","player_choice":"One Purge","floor":3,"damage_taken":0},{"event_name":"The Mausoleum","player_choice":"No","floor":21,"damage_taken":0}],"boss_relics":[{"not_picked":["Snecko Eye","Calling Bell"],"picked":"Runic Dome"}],"potions_floor_spawned":[1,4,18,19,24],"seed_played":"-8049991188872068342","killed_by":"Snake Plant","is_trial":false}