{"path_per_floor":["M","M","M","M","M","$","M","M","T","E","M","R","E","?","R","B",null,"M","M","$","?","M","R","M","R","T","M","R","E","R","M","R","B",null,"M","M","$","M","?","R","M","R","T","M","$"],"character_chosen":"IRONCLAD","items_purchased":["Feel No Pain","Warcry","Reaper","Feel No Pain"],"gold_per_floor":[117,130,143,163,181,18,28,47,47,75,86,86,121,121,121,225,225,209,229,60,60,79,79,92,92,92,105,105,135,135,149,149,252,252,264,283,121,134,134,134,147,147,172,192,42],"floor_reached":46,"campfire_rested":3,"playtime":4967,"current_hp_per_floor":[80,80,79,73,75,75,72,63,63,57,58,58,39,39,39,34,80,58,55,55,55,51,51,33,33,33,25,49,24,48,44,68,43,80,80,80,80,80,80,80,80,80,80,74,74],"items_purged":["Strike_R","Strike_R","Strike_R","Defend_R"],"gold":42,"play_id":"4d6911c5-4193-4604-931e-981c69815865","is_prod":false,"is_daily":false,"campfire_rituals":0,"campfire_upgraded":6,"is_hardmode":false,"path_taken":["M","M","M","M","M","$","?","M","T","E","M","R","E","?","R","BOSS","M","M","$","?","M","R","M","R","T","M","R","E","R","M","R","BOSS","M","M","$","M","?","R","M","R","T","M","$","E"],"build_version":"2018-01-05-BETA1","purchased_purges":4,"victory":false,"master_deck":["Strike_R","Defend_R","Defend_R","Defend_R","Bash","Metallicize","Inflame","Seeing Red","Twin Strike","Pommel Strike","Feel No Pain","Warcry","Shrug It Off","True Grit","Exhume","Battle Trance","Headbutt","Reaper","True Grit","Dual Wield","Feel No Pain"],"max_hp_per_floor":[80,80,80,80,80,80,80,80,80,80,80,80,80,80,80,80,80,80,80,80,80,80,80,80,80,80,80,80,80,80,80,80,80,80,80,80,80,80,80,80,80,80,80,80,80],"relics":["Black Blood","Toxic Egg","Matryoshka","Juzu Bracelet","Happy Flower","Philosopher\u0027s Stone","Mummified Hand","Charon\u0027s Ashes","Molten Egg","War Paint","Omamori"],"campfire_meditates":0,"card_choices":[{"not_picked":["Pommel Strike","Limit Break"],"picked":"Metallicize"},{"not_picked":["Rupture","Headbutt"],"picked":"Inflame"},{"not_picked":["Clash","Heavy Blade"],"picked":"Seeing Red"},{"not_picked":["Cleave","Dual Wield"],"picked":"Twin Strike"},{"not_picked":["Shockwave","Anger"],"picked":"Pommel Strike"},{"not_picked":["Battle Trance","Perfected Strike"],"picked":"Shrug It Off"},{"not_picked":["Sentinel","Battle Trance"],"picked":"True Grit"},{"not_picked":["Fiend Fire","Berserk"],"picked":"Exhume"},{"not_picked":["Bloodletting","Havoc"],"picked":"Battle Trance"},{"not_picked":["Pommel Strike","Wild Strike"],"picked":"Headbutt"},{"not_picked":["Flex","Clash"],"picked":"True Grit"},{"not_picked":["Armaments","Body Slam"],"picked":"Dual Wield"}],"player_experience":379603,"potions_floor_usage":[5,8,10,16,16,16,22,29,33,41,46],"damage_taken":[{"damage":4,"enemies":"Blue Slaver","floor":1,"turns":7},{"damage":1,"enemies":"Jaw Worm","floor":2,"turns":4},{"damage":7,"enemies":"Small Slimes","floor":3,"turns":4},{"damage":12,"enemies":"Looter","floor":4,"turns":3},{"damage":4,"enemies":"Gremlin Gang","floor":5,"turns":4},{"damage":9,"enemies":"2 Fungi Beasts","floor":7,"turns":4},{"damage":15,"enemies":"Exordium Thugs","floor":8,"turns":5},{"damage":12,"enemies":"Lagavulin","floor":10,"turns":6},{"damage":5,"enemies":"3 Louse","floor":11,"turns":4},{"damage":25,"enemies":"Gremlin Nob","floor":13,"turns":4},{"damage":11,"enemies":"Hexaghost","floor":16,"turns":13},{"damage":28,"enemies":"2 Thieves","floor":18,"turns":4},{"damage":9,"enemies":"Shell Parasite","floor":19,"turns":8},{"damage":22,"enemies":"Centurion and Healer","floor":22,"turns":6},{"damage":31,"enemies":"Snake Plant","floor":24,"turns":5},{"damage":19,"enemies":"Chosen and Byrds","floor":27,"turns":7},{"damage":63,"enemies":"Book of Stabbing","floor":29,"turns":8},{"damage":27,"enemies":"Slaver and Parasite","floor":31,"turns":7},{"damage":73,"enemies":"Automaton","floor":33,"turns":11},{"damage":9,"enemies":"3 Shapes","floor":35,"turns":6},{"damage":19,"enemies":"Flame Bruiser 1 Orb","floor":36,"turns":11},{"damage":25,"enemies":"Spire Growth","floor":38,"turns":8},{"damage":0,"enemies":"3 Darklings","floor":41,"turns":6},{"damage":16,"enemies":"Maw","floor":44,"turns":8},{"damage":87,"enemies":"Nemesis","floor":46,"turns":14}],"event_choices":[{"event_name":"The Lab","player_choice":"Got Potions","floor":14,"damage_taken":0},{"event_name":"Beggar","player_choice":"Ignored","floor":21,"damage_taken":0}],"boss_relics":[{"not_picked":["Black Star","Tiny House"],"picked":"Philosopher\u0027s Stone"},{"not_picked":["Snecko Eye","Pandora\u0027s Box"],"picked":"Black Blood"}],"potions_floor_spawned":[3,4,5,10,11,18,24,27,33,41],"seed_played":"-4688124786497380580","killed_by":"Nemesis","is_trial":false}