{"path_per_floor":["M","M","$","M","T","R","$","?","T","E","M","R","M","M","R","B",null,"M","?","?","?","?","R","M","M","T","$","R","M","M","M","R","B",null,"M","$","?","M","M","R","T","M","T","?","R","M","?","M","R","B"],"character_chosen":"IRONCLAD","items_purchased":["True Grit","Orichalcum","Whetstone"],"gold_per_floor":[115,133,111,126,126,126,51,51,76,110,130,130,141,156,156,256,256,271,271,271,271,271,271,289,300,300,50,50,68,87,97,97,192,192,207,53,53,70,89,89,112,132,187,187,187,203,203,223,223,223],"floor_reached":51,"campfire_rested":1,"playtime":2880,"current_hp_per_floor":[75,80,80,80,80,80,80,80,80,75,80,80,80,80,80,64,80,68,68,68,68,68,68,74,80,80,80,80,74,69,67,67,53,80,80,80,80,74,80,80,80,79,79,79,79,72,72,64,80,38],"items_purged":["Defend_R","Havoc"],"gold":223,"play_id":"71d3765f-abaf-4ebe-a50b-7c734c0cdfa8","is_prod":false,"is_daily":false,"campfire_rituals":0,"campfire_upgraded":8,"is_hardmode":false,"path_taken":["M","M","$","M","?","R","$","?","T","E","M","R","M","M","R","BOSS","M","?","?","?","?","R","M","?","T","$","R","M","M","M","R","BOSS","M","$","?","M","M","R","?","?","T","?","R","M","?","M","R","BOSS"],"build_version":"2018-01-11-BETA1","purchased_purges":2,"victory":true,"master_deck":["Strike_R","Defend_R","Bash","Clash","True Grit","Shrug It Off","Seeing Red","Clothesline","Impervious","Clash","Inflame","Iron Wave","Uppercut","Clash","Double Tap","Combust","Combust","Metallicize","Blood for Blood"],"max_hp_per_floor":[80,80,80,80,80,80,80,80,80,80,80,80,80,80,80,80,80,80,80,80,80,80,80,80,80,80,80,80,80,80,80,80,80,80,80,80,80,80,80,80,80,80,80,80,80,80,80,80,80,80],"relics":["Black Blood","Centennial Puzzle","Anchor","Mummified Hand","Astrolabe","Champion Belt","Orichalcum","Whetstone","Vajra","Prayer Wheel"],"campfire_meditates":0,"card_choices":[{"not_picked":["Heavy Blade","Twin Strike"],"picked":"Clash"},{"not_picked":["Clothesline","Bludgeon"],"picked":"Shrug It Off"},{"not_picked":["Corruption","Searing Blow"],"picked":"Seeing Red"},{"not_picked":["Burning Pact","Flame Barrier"],"picked":"Clothesline"},{"not_picked":["Immolate","Reaper"],"picked":"Impervious"},{"not_picked":["Iron Wave","Flex"],"picked":"Inflame"},{"not_picked":["Shockwave","Spot Weakness"],"picked":"Uppercut"},{"not_picked":["Power Through","Hemokinesis"],"picked":"Clash"},{"not_picked":["Exhume","Offering"],"picked":"Double Tap"},{"not_picked":["Wild Strike","Clothesline"],"picked":"Clash"},{"not_picked":["Wild Strike","Clothesline"],"picked":"Combust"},{"not_picked":["Corruption","Barricade"],"picked":"Combust"},{"not_picked":["Intimidate","Shockwave"],"picked":"Metallicize"},{"not_picked":["Cleave","Thunderclap"],"picked":"Blood for Blood"}],"player_experience":139733,"potions_floor_usage":[10,16,46,50],"damage_taken":[{"damage":11.0,"enemies":"Blue Slaver","floor":1.0,"turns":5.0},{"damage":1.0,"enemies":"Cultist","floor":2.0,"turns":4.0},{"damage":1.0,"enemies":"Jaw Worm","floor":4.0,"turns":3.0},{"damage":11,"enemies":"Gremlin Nob","floor":10,"turns":3},{"damage":0,"enemies":"2 Fungi Beasts","floor":11,"turns":4},{"damage":2,"enemies":"Large Slime","floor":13,"turns":7},{"damage":0,"enemies":"Lots of Slimes","floor":14,"turns":5},{"damage":22,"enemies":"Slime Boss","floor":16,"turns":11},{"damage":18,"enemies":"3 Byrds","floor":18,"turns":5},{"damage":0,"enemies":"Shell Parasite","floor":24,"turns":4},{"damage":0,"enemies":"Centurion and Healer","floor":25,"turns":5},{"damage":12,"enemies":"Snecko","floor":29,"turns":6},{"damage":11,"enemies":"Snake Plant","floor":30,"turns":3},{"damage":8,"enemies":"Chosen and Byrds","floor":31,"turns":5},{"damage":20,"enemies":"Champ","floor":33,"turns":9},{"damage":5,"enemies":"3 Shapes","floor":35,"turns":5},{"damage":16,"enemies":"Orb Walker","floor":38,"turns":5},{"damage":4,"enemies":"Maw","floor":39,"turns":7},{"damage":11,"enemies":"Spire Growth","floor":42,"turns":3},{"damage":17,"enemies":"4 Shapes","floor":46,"turns":7},{"damage":18,"enemies":"Sphere and 2 Shapes","floor":48,"turns":4},{"damage":52,"enemies":"Time Eater","floor":50,"turns":9}],"event_choices":[{"event_name":"Bonfire Elementals","player_choice":"BASIC","floor":8,"damage_taken":0},{"event_name":"The Mausoleum","player_choice":"No","floor":19,"damage_taken":0},{"event_name":"Transmorgrifier","player_choice":"Transform","floor":20,"damage_taken":0},{"event_name":"The Lab","player_choice":"Got Potions","floor":21,"damage_taken":0},{"event_name":"Drug Dealer","player_choice":"Ignored","floor":22,"damage_taken":0},{"event_name":"Upgrade Shrine","player_choice":"Upgraded","floor":37,"damage_taken":0},{"event_name":"Purifier","player_choice":"One Purge","floor":44,"damage_taken":0}],"boss_relics":[{"not_picked":["Tiny House","Runic Pyramid"],"picked":"Astrolabe"},{"not_picked":["Philosopher\u0027s Stone","Mark of Pain"],"picked":"Black Blood"}],"potions_floor_spawned":[2,4,11,13,16,18,25,30,38,48],"seed_played":"-5108645684342470074","is_trial":false}