{"path_per_floor":["M","M","T","?","M","E","M","$","T","M","M","$","R","E","R","B",null,"M","?","$","$","M","R","M","M","T","$","E","M","R","M","R","B",null,"M","?","?","M","$","E","M","R","T","$","E","R","M","E","R","B"],"character_chosen":"IRONCLAD","items_purchased":["Shrug It Off","Evolve","Oddly Smooth Stone"],"gold_per_floor":[113,128,151,151,169,197,212,137,137,155,173,73,73,98,98,199,199,213,213,213,38,54,54,70,85,164,38,69,85,85,104,104,203,203,218,263,263,282,87,112,128,128,128,78,113,113,126,160,160,160],"floor_reached":51,"campfire_rested":2,"playtime":4204,"current_hp_per_floor":[80,80,80,73,73,41,41,41,41,41,39,39,39,40,40,13,80,72,72,72,72,71,71,68,68,75,75,65,65,65,64,64,36,87,71,64,64,57,57,39,38,38,52,52,15,45,57,62,92,91],"items_purged":["Strike_R","Strike_R","Defend_R","Defend_R","Defend_R","Bash"],"gold":160,"play_id":"05a725d8-ac1e-45ce-869d-34cd68dcb69e","is_prod":false,"is_daily":false,"campfire_rituals":0,"campfire_upgraded":6,"is_hardmode":false,"path_taken":["M","M","?","?","M","E","?","$","T","?","M","$","R","E","R","BOSS","M","?","?","$","M","R","M","M","T","$","E","M","R","M","R","BOSS","M","?","?","M","$","E","M","R","T","$","E","R","?","E","R","BOSS"],"build_version":"2018-01-12-BETA1","purchased_purges":6,"victory":true,"master_deck":["Iron Wave","Immolate","Cleave","Clothesline","Wild Strike","True Grit","Headbutt","Uppercut","Pommel Strike","Shrug It Off","Shrug It Off","Flame Barrier","Disarm","Body Slam","Evolve","Pommel Strike","Thunderclap","Flame Barrier","Warcry","Battle Trance","Body Slam","Disarm"],"max_hp_per_floor":[80,80,80,80,80,80,80,80,80,80,80,80,80,80,80,80,80,80,80,80,80,80,80,80,80,87,87,87,87,87,87,87,87,87,87,87,87,87,87,87,87,87,101,101,101,101,101,101,101,101],"relics":["Astrolabe","Toxic Egg","Kunai","Bag of Preparation","Matryoshka","Sozu","Strawberry","Smiling Mask","Ornamental Fan","Question Card","Unceasing Top","Oddly Smooth Stone","Bottled Lightning","Ancient Tea Set","Mango","Meat on the Bone","Prayer Wheel"],"campfire_meditates":0,"card_choices":[{"not_picked":["Intimidate","Thunderclap"],"picked":"Clothesline"},{"not_picked":["Sever Soul","Havoc"],"picked":"Wild Strike"},{"not_picked":["Clash","Clothesline"],"picked":"True Grit"},{"not_picked":["Limit Break","Reckless Charge"],"picked":"Headbutt"},{"not_picked":["Flex","Sword Boomerang"],"picked":"Uppercut"},{"not_picked":["Sword Boomerang","Twin Strike"],"picked":"Pommel Strike"},{"not_picked":["Body Slam","Spot Weakness"],"picked":"Shrug It Off"},{"not_picked":["Headbutt","Heavy Blade"],"picked":"Flame Barrier"},{"not_picked":["Twin Strike","Flex"],"picked":"Disarm"},{"not_picked":["Entrench","Corruption"],"picked":"Body Slam"},{"not_picked":["Clothesline","Headbutt"],"picked":"Pommel Strike"},{"not_picked":["Intimidate","Infernal Blade"],"picked":"Thunderclap"},{"not_picked":["Metallicize","Sword Boomerang","Disarm"],"picked":"Flame Barrier"},{"not_picked":["Bloodletting","Searing Blow","Second Wind"],"picked":"Warcry"},{"not_picked":["Headbutt","Wild Strike","Anger"],"picked":"Battle Trance"},{"not_picked":["Entrench","Dual Wield","Immolate"],"picked":"Body Slam"},{"not_picked":["Pummel","Warcry","Clash"],"picked":"Disarm"}],"player_experience":169682,"potions_floor_usage":[14],"damage_taken":[{"damage":0,"enemies":"Blue Slaver","floor":1,"turns":4},{"damage":0,"enemies":"Cultist","floor":2,"turns":3},{"damage":0,"enemies":"2 Louse","floor":5,"turns":2},{"damage":32,"enemies":"Lagavulin","floor":6,"turns":6},{"damage":0,"enemies":"Lots of Slimes","floor":7,"turns":2},{"damage":0,"enemies":"Red Slaver","floor":10,"turns":3},{"damage":2,"enemies":"3 Louse","floor":11,"turns":3},{"damage":8,"enemies":"3 Sentries","floor":14,"turns":4},{"damage":27,"enemies":"The Guardian","floor":16,"turns":9},{"damage":8,"enemies":"3 Byrds","floor":18,"turns":5},{"damage":1,"enemies":"Spheric Guardian","floor":22,"turns":3},{"damage":3,"enemies":"Centurion and Healer","floor":24,"turns":6},{"damage":0,"enemies":"Snake Plant","floor":25,"turns":4},{"damage":10,"enemies":"Gremlin Leader","floor":28,"turns":8},{"damage":0,"enemies":"Chosen and Byrds","floor":29,"turns":4},{"damage":1,"enemies":"3 Cultists","floor":31,"turns":5},{"damage":28,"enemies":"Collector","floor":33,"turns":10},{"damage":16,"enemies":"3 Darklings","floor":35,"turns":5},{"damage":7,"enemies":"Mysterious Sphere","floor":36,"turns":8},{"damage":7,"enemies":"3 Shapes","floor":38,"turns":6},{"damage":18,"enemies":"Giant Head","floor":40,"turns":11},{"damage":1,"enemies":"Maw","floor":41,"turns":9},{"damage":37,"enemies":"Nemesis","floor":45,"turns":13},{"damage":0,"enemies":"Spire Growth","floor":47,"turns":4},{"damage":7,"enemies":"Giant Head","floor":48,"turns":7},{"damage":1,"enemies":"Awakened One","floor":50,"turns":16}],"event_choices":[{"event_name":"Golden Wing","player_choice":"Card Removal","floor":4,"damage_taken":0},{"event_name":"Drug Dealer","player_choice":"Ignored","floor":19,"damage_taken":0},{"event_name":"Mysterious Sphere","player_choice":"Fight","floor":36,"damage_taken":0},{"event_name":"Tomb of Lord Red Mask","player_choice":"Ignored","floor":37,"damage_taken":0}],"boss_relics":[{"not_picked":["Black Star","Tiny House"],"picked":"Sozu"},{"not_picked":["Calling Bell","Pandora\u0027s Box"],"picked":"Question Card"}],"potions_floor_spawned":[2,7,11,16,22,28,29,35,36,40,48],"seed_played":"3617174200916209263","is_trial":false}