{"path_per_floor":["M","M","M","$","M","R","$","E","T","R","M","M","M","E","R","B",null,"M","?","?","?","M","R","$","M","T","T","R","M","?","M","R","B",null,"M","?","M","M","?","R","E","R","T","T","R","M","R","M","R","B"],"character_chosen":"IRONCLAD","items_purchased":["Shrug It Off"],"gold_per_floor":[115,133,149,74,92,92,92,118,141,141,154,168,181,214,214,309,309,328,278,312,312,296,296,147,158,158,185,185,203,203,213,213,313,313,333,555,574,586,586,586,619,619,619,619,619,632,632,646,646,646],"floor_reached":51,"campfire_rested":0,"playtime":3256,"current_hp_per_floor":[80,78,80,80,80,80,80,39,39,39,43,44,43,49,49,43,80,80,80,74,56,54,54,54,56,56,56,56,56,56,44,44,56,56,56,56,56,53,53,53,49,49,49,56,56,63,63,63,63,35],"items_purged":["Defend_R","Bite_R"],"gold":646,"play_id":"70e3a597-adf9-4561-a918-77ab934725df","is_prod":false,"is_daily":false,"campfire_rituals":0,"campfire_upgraded":11,"is_hardmode":false,"path_taken":["M","M","M","$","M","R","$","E","T","R","M","M","M","E","R","BOSS","M","?","?","?","M","R","$","?","T","?","R","M","?","M","R","BOSS","M","?","?","?","?","R","E","R","T","?","R","?","R","M","R","BOSS"],"build_version":"2018-01-10-BETA1","purchased_purges":2,"victory":true,"master_deck":["Defend_R","Defend_R","Defend_R","Bash","Clothesline","True Grit","Seeing Red","Shockwave","Inflame","Feel No Pain","True Grit","Cleave","Exhume","Pommel Strike","Spot Weakness","Bite_R","Bite_R","Bite_R","Bite_R","Shrug It Off","Armaments","Carnage","Battle Trance","Bludgeon","Sentinel","Reaper","Clothesline"],"max_hp_per_floor":[80,80,80,80,80,80,80,80,80,80,80,80,80,80,80,80,80,80,80,80,56,56,56,56,56,56,56,56,56,56,56,56,56,56,56,56,56,56,56,56,56,56,56,63,63,63,63,63,63,63],"relics":["Burning Blood","Orichalcum","Pen Nib","Self Forming Clay","Snecko Eye","Red Mask","Darkstone Periapt","War Paint","Bronze Scales","Velvet Choker","Kunai","Bag of Preparation","Strawberry"],"campfire_meditates":0,"card_choices":[{"not_picked":["Evolve","Iron Wave"],"picked":"Clothesline"},{"not_picked":["Havoc","Shrug It Off"],"picked":"True Grit"},{"not_picked":["Perfected Strike","Dropkick"],"picked":"Seeing Red"},{"not_picked":["Clash","Power Through"],"picked":"Shockwave"},{"not_picked":["Fiend Fire","Entrench"],"picked":"Inflame"},{"not_picked":["Twin Strike","Corruption"],"picked":"Feel No Pain"},{"not_picked":["Sentinel","Clash"],"picked":"True Grit"},{"not_picked":["Intimidate","Searing Blow"],"picked":"Cleave"},{"not_picked":["Reaper","Double Tap"],"picked":"Exhume"},{"not_picked":["Sword Boomerang","Wild Strike"],"picked":"Pommel Strike"},{"not_picked":["Entrench","Anger"],"picked":"Spot Weakness"},{"not_picked":["Dual Wield","Anger"],"picked":"Armaments"},{"not_picked":["Pommel Strike","Spot Weakness"],"picked":"Carnage"},{"not_picked":["Juggernaut","Perfected Strike"],"picked":"Battle Trance"},{"not_picked":["Dark Embrace","Reaper"],"picked":"Bludgeon"},{"not_picked":["Heavy Blade","Dual Wield"],"picked":"Sentinel"},{"not_picked":["Sword Boomerang","Havoc"],"picked":"Reaper"},{"not_picked":["Entrench","Body Slam"],"picked":"Clothesline"}],"player_experience":136477,"potions_floor_usage":[14,20,20],"damage_taken":[{"damage":1,"enemies":"Jaw Worm","floor":1,"turns":3},{"damage":8,"enemies":"Blue Slaver","floor":2,"turns":5},{"damage":0,"enemies":"2 Louse","floor":3,"turns":2},{"damage":2,"enemies":"Looter","floor":5,"turns":4},{"damage":47,"enemies":"3 Sentries","floor":8,"turns":8},{"damage":2,"enemies":"3 Louse","floor":11,"turns":3},{"damage":5,"enemies":"2 Fungi Beasts","floor":12,"turns":4},{"damage":7,"enemies":"Exordium Thugs","floor":13,"turns":6},{"damage":0,"enemies":"Lagavulin","floor":14,"turns":5},{"damage":12,"enemies":"The Guardian","floor":16,"turns":12},{"damage":1,"enemies":"Shell Parasite","floor":18,"turns":7},{"damage":12,"enemies":"Masked Bandits","floor":20,"turns":6},{"damage":14,"enemies":"2 Thieves","floor":22,"turns":4},{"damage":7,"enemies":"Snake Plant","floor":25,"turns":4},{"damage":4,"enemies":"Centurion and Healer","floor":29,"turns":7},{"damage":24,"enemies":"Sentry and Sphere","floor":31,"turns":7},{"damage":9,"enemies":"Champ","floor":33,"turns":10},{"damage":4,"enemies":"Flame Bruiser 1 Orb","floor":35,"turns":4},{"damage":3,"enemies":"3 Darklings","floor":37,"turns":3},{"damage":14,"enemies":"Flame Bruiser 2 Orb","floor":38,"turns":4},{"damage":16,"enemies":"2 Orb Walkers","floor":41,"turns":4},{"damage":6,"enemies":"Sphere and 2 Shapes","floor":46,"turns":5},{"damage":2,"enemies":"3 Darklings","floor":48,"turns":5},{"damage":58,"enemies":"Donu and Deca","floor":50,"turns":9}],"event_choices":[{"event_name":"The Joust","player_choice":"Bet on Owner","floor":19,"damage_taken":0},{"event_name":"Masked Bandits","player_choice":"Fought over 278 gold","floor":20,"damage_taken":0},{"event_name":"Vampires","player_choice":"Became a vampire","floor":21,"damage_taken":0},{"event_name":"The Mausoleum","player_choice":"Yes","floor":30,"damage_taken":0},{"event_name":"Tomb of Lord Red Mask","player_choice":"Wore Mask","floor":36,"damage_taken":0},{"event_name":"Accursed Blacksmith","player_choice":"Forge","floor":39,"damage_taken":0}],"boss_relics":[{"not_picked":["Astrolabe","Pandora\u0027s Box"],"picked":"Snecko Eye"},{"not_picked":["Sozu","Orrery"],"picked":"Velvet Choker"}],"potions_floor_spawned":[1,11,12,13,14,20,25,29,31,35,41,46,48],"seed_played":"-9032559734657368528","is_trial":false}