{"path_per_floor":["M","?","M","M","$","R","E","R","T","?","E","M","M","M","R","B",null,"M","M","M","?","$","R","M","R","T","E","R","M","?","M","R","B",null,"M","$","M","?","$","R","?","M","T","M","M","R","M","M","R","B"],"character_chosen":"IRONCLAD","items_purchased":["Uppercut","Happy Flower"],"gold_per_floor":[116,66,78,89,14,14,42,42,42,42,67,78,97,108,108,203,203,223,237,253,253,84,84,104,104,104,136,136,148,63,82,82,181,181,191,191,205,205,48,48,0,17,85,105,119,119,137,157,157,157],"floor_reached":51,"campfire_rested":0,"playtime":3122,"current_hp_per_floor":[80,80,80,80,80,80,58,58,58,55,41,46,38,35,35,36,80,71,66,59,59,59,59,67,67,67,51,51,59,59,67,67,39,80,80,80,80,80,80,80,80,80,80,80,74,74,73,80,80,56],"items_purged":["Strike_R","Strike_R"],"gold":157,"play_id":"fbd698b9-e7b8-4443-8923-f17d844db8fb","is_prod":false,"is_daily":false,"campfire_rituals":0,"campfire_upgraded":10,"is_hardmode":false,"path_taken":["M","?","M","M","$","R","E","R","T","?","E","M","M","M","R","BOSS","M","M","M","?","$","R","M","R","T","E","R","M","?","M","R","BOSS","M","$","M","?","$","R","?","?","T","M","?","R","M","M","R","BOSS"],"build_version":"2018-01-09-BETA1","purchased_purges":2,"victory":true,"master_deck":["Strike_R","Strike_R","Defend_R","Defend_R","Defend_R","Defend_R","Bash","Headbutt","Searing Blow","Ghostly Armor","Seeing Red","True Grit","Clothesline","Uppercut","Clothesline","True Grit","Reaper","Barricade","Corruption","Clothesline","Feel No Pain"],"max_hp_per_floor":[80,80,80,80,80,80,80,80,80,80,80,80,80,80,80,80,80,80,80,80,80,80,80,80,80,80,80,80,80,80,80,80,80,80,80,80,80,80,80,80,80,80,80,80,80,80,80,80,80,80],"relics":["Burning Blood","Champion Belt","Calipers","Blood Vial","Snecko Eye","Nloth\u0027s Gift","Dead Branch","Frozen Eye","Meat on the Bone","Runic Dome","Happy Flower","Red Mask","Self Forming Clay"],"campfire_meditates":0,"card_choices":[{"not_picked":["Flex","Body Slam"],"picked":"Headbutt"},{"not_picked":["Havoc","Cleave"],"picked":"Searing Blow"},{"not_picked":["Metallicize","Thunderclap"],"picked":"Ghostly Armor"},{"not_picked":["Clothesline","Flex"],"picked":"Rampage"},{"not_picked":["Headbutt","Rage"],"picked":"Seeing Red"},{"not_picked":["Carnage","Cleave"],"picked":"True Grit"},{"not_picked":["Battle Trance","Disarm"],"picked":"Clothesline"},{"not_picked":["Heavy Blade","Fiend Fire"],"picked":"Clothesline"},{"not_picked":["Iron Wave","Dropkick"],"picked":"True Grit"},{"not_picked":["Feed","Berserk"],"picked":"Reaper"},{"not_picked":["Berserk","Anger"],"picked":"Barricade"},{"not_picked":["Spot Weakness","Bloodletting"],"picked":"Corruption"},{"not_picked":["Anger","Havoc"],"picked":"Clothesline"},{"not_picked":["Spot Weakness","Sword Boomerang"],"picked":"Feel No Pain"}],"player_experience":133355,"potions_floor_usage":[11,19,27,31],"damage_taken":[{"damage":0,"enemies":"Cultist","floor":1,"turns":5},{"damage":0,"enemies":"Small Slimes","floor":3,"turns":4},{"damage":5,"enemies":"Jaw Worm","floor":4,"turns":4},{"damage":28,"enemies":"Gremlin Nob","floor":7,"turns":4},{"damage":22,"enemies":"3 Sentries","floor":11,"turns":8},{"damage":3,"enemies":"2 Fungi Beasts","floor":12,"turns":3},{"damage":16,"enemies":"Exordium Thugs","floor":13,"turns":4},{"damage":11,"enemies":"Lots of Slimes","floor":14,"turns":5},{"damage":7,"enemies":"Slime Boss","floor":16,"turns":9},{"damage":15,"enemies":"2 Thieves","floor":18,"turns":4},{"damage":13,"enemies":"3 Byrds","floor":19,"turns":6},{"damage":15,"enemies":"Centurion and Healer","floor":20,"turns":5},{"damage":0,"enemies":"Snecko","floor":24,"turns":3},{"damage":24,"enemies":"Book of Stabbing","floor":27,"turns":5},{"damage":0,"enemies":"3 Cultists","floor":29,"turns":4},{"damage":0,"enemies":"Chosen and Byrds","floor":31,"turns":3},{"damage":48,"enemies":"Automaton","floor":33,"turns":10},{"damage":2,"enemies":"Orb Walker","floor":35,"turns":2},{"damage":0,"enemies":"Flame Bruiser 1 Orb","floor":37,"turns":3},{"damage":0,"enemies":"Sphere and 2 Shapes","floor":42,"turns":4},{"damage":1,"enemies":"Flame Bruiser 2 Orb","floor":44,"turns":3},{"damage":18,"enemies":"4 Shapes","floor":45,"turns":6},{"damage":9,"enemies":"Maw","floor":47,"turns":4},{"damage":5,"enemies":"3 Darklings","floor":48,"turns":5},{"damage":30,"enemies":"Time Eater","floor":50,"turns":5}],"event_choices":[{"event_name":"The Cleric","player_choice":"Card Removal","floor":2,"damage_taken":0},{"event_name":"Scrap Ooze","player_choice":"success","floor":10,"damage_taken":3},{"event_name":"N\u0027loth","player_choice":"Traded a Shuriken","floor":21,"damage_taken":0},{"event_name":"Addict","player_choice":"Obtained Relic","floor":30,"damage_taken":0},{"event_name":"Tomb of Lord Red Mask","player_choice":"Paid","floor":41,"damage_taken":0}],"boss_relics":[{"not_picked":["Question Card","Black Blood"],"picked":"Snecko Eye"},{"not_picked":["Eternal Feather","Philosopher\u0027s Stone"],"picked":"Runic Dome"}],"potions_floor_spawned":[4,7,12,16,20,24,27,29,42,44,47],"seed_played":"8459086937175342361","is_trial":false}