{"path_per_floor":["M","?","M","M","M","E","M","R","T","$","M","E","M","M","R","B",null,"M","?","?","M","?","R","?","E","T","M","E","M"],"character_chosen":"IRONCLAD","items_purchased":[],"gold_per_floor":[211,211,229,243,257,285,300,300,300,225,239,266,277,293,293,392,392,411,411,411,424,424,424,624,652,699,711,742,752],"floor_reached":30,"campfire_rested":0,"playtime":1825,"current_hp_per_floor":[80,68,63,68,58,44,49,49,49,49,52,48,54,60,60,51,80,69,69,61,61,61,61,61,53,53,56,23,19],"items_purged":["Defend_R"],"gold":752,"play_id":"414cba09-3bc2-4c53-89ca-e9b8a33c9540","is_prod":false,"is_daily":false,"campfire_rituals":0,"campfire_upgraded":3,"is_hardmode":false,"path_taken":["M","?","M","M","M","E","M","R","T","$","?","E","M","M","R","BOSS","M","?","?","?","?","R","?","E","T","M","E","M","E"],"build_version":"2018-01-12-BETA1","purchased_purges":1,"victory":false,"master_deck":["Strike_R","Strike_R","Strike_R","Strike_R","Defend_R","Defend_R","Defend_R","Bash","Thunderclap","Shrug It Off","Armaments","Pommel Strike","Shrug It Off","Flame Barrier","Uppercut","Barricade","Spot Weakness","Clothesline","Rampage","Shockwave","Disarm"],"max_hp_per_floor":[80,80,80,80,80,80,80,80,80,80,80,80,80,80,80,80,80,80,80,80,80,80,80,80,80,80,80,80,80],"relics":["Burning Blood","Pantograph","Kunai","Champion Belt","Ornamental Fan","Sozu","Happy Flower","Ancient Tea Set","Ginger"],"campfire_meditates":0,"card_choices":[{"not_picked":["Sword Boomerang","Anger"],"picked":"Thunderclap"},{"not_picked":["Rupture","Burning Pact"],"picked":"Shrug It Off"},{"not_picked":["Flex","Twin Strike"],"picked":"Armaments"},{"not_picked":["Twin Strike","Corruption"],"picked":"Pommel Strike"},{"not_picked":["Headbutt","Carnage"],"picked":"Shrug It Off"},{"not_picked":["Thunderclap","Flex"],"picked":"Flame Barrier"},{"not_picked":["Pummel","Clothesline"],"picked":"Uppercut"},{"not_picked":["Reaper","Double Tap"],"picked":"Barricade"},{"not_picked":["Warcry","Intimidate"],"picked":"Spot Weakness"},{"not_picked":["Fire Breathing","Heavy Blade"],"picked":"Clothesline"},{"not_picked":["Anger","Barricade"],"picked":"Rampage"},{"not_picked":["Heavy Blade","Dropkick"],"picked":"Shockwave"},{"not_picked":["Second Wind","Whirlwind"],"picked":"Disarm"}],"player_experience":167857,"potions_floor_usage":[6,12],"damage_taken":[{"damage":2,"enemies":"Small Slimes","floor":1,"turns":4},{"damage":11,"enemies":"Blue Slaver","floor":3,"turns":5},{"damage":1,"enemies":"Cultist","floor":4,"turns":4},{"damage":16,"enemies":"Exordium Wildlife","floor":5,"turns":4},{"damage":20,"enemies":"Gremlin Nob","floor":6,"turns":5},{"damage":1,"enemies":"3 Louse","floor":7,"turns":4},{"damage":3,"enemies":"Looter","floor":11,"turns":4},{"damage":25,"enemies":"Lagavulin","floor":12,"turns":7},{"damage":0,"enemies":"Lots of Slimes","floor":13,"turns":5},{"damage":0,"enemies":"Large Slime","floor":14,"turns":4},{"damage":35,"enemies":"Slime Boss","floor":16,"turns":8},{"damage":17,"enemies":"3 Byrds","floor":18,"turns":6},{"damage":6,"enemies":"2 Thieves","floor":21,"turns":4},{"damage":14,"enemies":"Gremlin Leader","floor":25,"turns":12},{"damage":3,"enemies":"Centurion and Healer","floor":27,"turns":6},{"damage":39,"enemies":"Slavers","floor":28,"turns":8},{"damage":10,"enemies":"Snecko","floor":29,"turns":5},{"damage":21,"enemies":"Gremlin Leader","floor":30,"turns":4}],"event_choices":[{"event_name":"Scrap Ooze","player_choice":"success","floor":2,"damage_taken":12},{"event_name":"The Mausoleum","player_choice":"No","floor":19,"damage_taken":0},{"event_name":"Knowing Skull","player_choice":"","floor":20,"damage_taken":0},{"event_name":"Back to Basics","player_choice":"Elegance","floor":22,"damage_taken":0},{"event_name":"Wheel of Change","player_choice":"Gold","floor":24,"damage_taken":0}],"boss_relics":[{"not_picked":["Mark of Pain","Runic Pyramid"],"picked":"Sozu"}],"potions_floor_spawned":[5,6,11,27,28,29],"seed_played":"2342083785091360007","killed_by":"Gremlin Leader","is_trial":false}