{"path_per_floor":["M","?","$","M","$","R","E","M","T","E","$","M","?","E","R","B",null,"M","?","$","?","?","E","?","E","T","E","$","?","E","M","R","B",null,"M","$","?","$","M","M","R","M","T","?","?","R","T","?","R","B"],"character_chosen":"IRONCLAD","items_purchased":["Uppercut","Ornamental Fan"],"gold_per_floor":[109,109,34,45,7,7,34,48,103,131,31,48,123,149,149,253,253,270,270,145,145,145,173,173,208,231,263,1,1,35,51,51,151,151,166,16,68,68,79,91,91,109,109,0,0,0,0,0,0,0],"floor_reached":51,"campfire_rested":0,"playtime":2353,"current_hp_per_floor":[80,64,64,69,69,69,61,67,67,63,63,66,55,72,72,76,80,79,79,79,56,56,48,48,56,56,55,55,55,57,64,64,62,70,70,70,63,63,70,70,70,70,70,70,60,60,60,60,60,27],"items_purged":["Defend_R","Defend_R","Defend_R","Regret"],"gold":0,"play_id":"ee7058b2-5171-4716-93e6-0fb3ea0f4459","is_prod":false,"is_daily":false,"campfire_rituals":0,"campfire_upgraded":6,"is_hardmode":false,"path_taken":["M","?","$","M","$","R","E","M","T","E","$","M","?","E","R","BOSS","M","?","$","?","?","E","?","E","T","E","$","?","E","M","R","BOSS","M","$","?","$","M","M","R","M","T","?","?","R","?","?","R","BOSS"],"build_version":"2018-01-11-BETA1","purchased_purges":4,"victory":true,"master_deck":["Bash","Clash","Clash","Flame Barrier","Uppercut","Iron Wave","Double Tap","Thunderclap","Bite_R","Bite_R","Bite_R","Bite_R","Bite_R","Battle Trance","Headbutt","Shrug It Off","Clash","Shockwave","Impervious","Clash","Clothesline","Madness","Madness"],"max_hp_per_floor":[80,80,80,80,80,80,80,80,80,80,80,80,80,80,80,80,80,80,80,80,56,56,56,56,56,56,56,56,56,70,70,70,70,70,70,70,70,70,70,70,70,70,70,70,70,70,70,70,70,70],"relics":["Burning Blood","Mercury Hourglass","Dream Catcher","Juzu Bracelet","Self Forming Clay","Velvet Choker","Pantograph","Bronze Scales","Ancient Tea Set","Bag of Marbles","Ornamental Fan","Mango","Sozu","Thread and Needle","Champion Belt","Red Mask","Whetstone"],"campfire_meditates":0,"card_choices":[{"not_picked":["Havoc","Whirlwind"],"picked":"Clash"},{"not_picked":["Reckless Charge","Battle Trance"],"picked":"Clash"},{"not_picked":["Flex","Shrug It Off"],"picked":"Flame Barrier"},{"not_picked":["Fire Breathing","Thunderclap"],"picked":"Inflame"},{"not_picked":["Heavy Blade","Armaments"],"picked":"Iron Wave"},{"not_picked":["Berserk","Immolate"],"picked":"Double Tap"},{"not_picked":["Evolve","Clash"],"picked":"Thunderclap"},{"not_picked":["Carnage","Perfected Strike"],"picked":"Battle Trance"},{"not_picked":["Heavy Blade","Wild Strike"],"picked":"Headbutt"},{"not_picked":["Iron Wave","Disarm"],"picked":"Shrug It Off"},{"not_picked":["Heavy Blade","Searing Blow"],"picked":"Clash"},{"not_picked":["Thunderclap","Searing Blow"],"picked":"Shockwave"},{"not_picked":["Demon Form","Dark Embrace"],"picked":"Impervious"},{"not_picked":["Heavy Blade","Iron Wave"],"picked":"Clash"},{"not_picked":["Cleave","Pommel Strike"],"picked":"Clothesline"}],"player_experience":142613,"potions_floor_usage":[10,14,14,23],"damage_taken":[{"damage":5,"enemies":"Small Slimes","floor":1,"turns":4},{"damage":1,"enemies":"Jaw Worm","floor":4,"turns":2},{"damage":14,"enemies":"Lagavulin","floor":7,"turns":5},{"damage":0,"enemies":"Cultist","floor":8,"turns":2},{"damage":10,"enemies":"Gremlin Nob","floor":10,"turns":4},{"damage":3,"enemies":"Gremlin Gang","floor":12,"turns":3},{"damage":1,"enemies":"Lagavulin","floor":14,"turns":5},{"damage":2,"enemies":"Slime Boss","floor":16,"turns":6},{"damage":7,"enemies":"Shell Parasite","floor":18,"turns":3},{"damage":14,"enemies":"Slavers","floor":23,"turns":3},{"damage":8,"enemies":"Book of Stabbing","floor":25,"turns":3},{"damage":13,"enemies":"Slavers","floor":27,"turns":3},{"damage":29,"enemies":"Gremlin Leader","floor":30,"turns":5},{"damage":7,"enemies":"2 Thieves","floor":31,"turns":3},{"damage":24,"enemies":"Collector","floor":33,"turns":9},{"damage":0,"enemies":"Orb Walker","floor":35,"turns":2},{"damage":13,"enemies":"Mysterious Sphere","floor":37,"turns":3},{"damage":0,"enemies":"3 Darklings","floor":39,"turns":3},{"damage":3,"enemies":"Spire Growth","floor":40,"turns":3},{"damage":0,"enemies":"Maw","floor":42,"turns":5},{"damage":60,"enemies":"Time Eater","floor":50,"turns":10}],"event_choices":[{"event_name":"Shining Light","player_choice":"Entered Light","floor":2,"damage_taken":0},{"event_name":"World of Goop","player_choice":"Gather Gold","floor":13,"damage_taken":0},{"event_name":"The Mausoleum","player_choice":"No","floor":19,"damage_taken":0},{"event_name":"Vampires","player_choice":"Became a vampire","floor":21,"damage_taken":0},{"event_name":"Back to Basics","player_choice":"Elegance","floor":22,"damage_taken":0},{"event_name":"Addict","player_choice":"Ignored","floor":24,"damage_taken":0},{"event_name":"Match and Keep!","player_choice":"1 cards matched","floor":29,"damage_taken":0},{"event_name":"Mysterious Sphere","player_choice":"Fight","floor":37,"damage_taken":0},{"event_name":"Tomb of Lord Red Mask","player_choice":"Paid","floor":44,"damage_taken":0},{"event_name":"Winding Halls","player_choice":"Embrace Madness","floor":45,"damage_taken":0}],"boss_relics":[{"not_picked":["Calling Bell","Runic Dome"],"picked":"Velvet Choker"},{"not_picked":["Mark of Pain","Question Card"],"picked":"Sozu"}],"potions_floor_spawned":[4,10,12,16,18,30,31,33,35,37,40],"seed_played":"8394023653149550706","is_trial":false}