{"path_per_floor":["M","M","?","?","M","R","E","M","T","$","R","?","R","$","R","B",null,"M","$","?","?","M","R","E","M","T","R","?","$","M","M","R","B",null,"M","?","M","M","$","M","R","M","T","M","M","$","R","M","R","B"],"character_chosen":"IRONCLAD","items_purchased":["Rampage","Headbutt","Shockwave"],"gold_per_floor":[109,121,121,121,137,137,165,182,182,132,132,132,132,44,44,147,147,164,69,69,69,89,89,124,144,144,144,59,9,24,42,42,141,141,160,160,175,188,138,148,148,163,189,199,212,87,87,105,105,105],"floor_reached":51,"campfire_rested":2,"playtime":2669,"current_hp_per_floor":[80,76,76,76,70,70,56,52,52,52,52,52,52,52,52,34,80,74,74,58,58,56,56,53,51,51,51,51,51,51,48,48,34,80,79,69,66,62,62,58,80,73,73,67,64,64,64,60,80,55],"items_purged":["Strike_R","Defend_R","Offering","Defend_R","Madness","Madness"],"gold":105,"play_id":"98273335-9c15-4f44-a2f5-9859728eee2b","is_prod":false,"is_daily":false,"campfire_rituals":0,"campfire_upgraded":8,"is_hardmode":false,"path_taken":["M","M","?","?","?","R","E","M","T","$","R","?","R","$","R","BOSS","M","$","?","?","M","R","E","M","T","R","?","$","M","M","R","BOSS","M","?","M","M","$","M","R","M","T","?","M","$","R","M","R","BOSS"],"build_version":"2018-01-12-BETA1","purchased_purges":6,"victory":true,"master_deck":["Bash","Clothesline","Carnage","True Grit","Flame Barrier","Rampage","Impervious","Armaments","Flame Barrier","Brutality","Headbutt","Necronomicurse","True Grit","Shrug It Off","Uppercut","Shockwave","Barricade"],"max_hp_per_floor":[80,80,80,80,80,80,80,80,80,80,80,80,80,80,80,80,80,80,80,80,80,80,80,80,80,80,80,80,80,80,80,80,80,80,80,80,80,80,80,80,80,80,80,80,80,80,80,80,80,80],"relics":["Sozu","Smiling Mask","Bag of Marbles","Astrolabe","Necronomicon","Gremlin Horn","Letter Opener","Blue Candle","Velvet Choker","Pen Nib"],"campfire_meditates":0,"card_choices":[{"not_picked":["Sentinel","Second Wind"],"picked":"Clothesline"},{"not_picked":["Perfected Strike","Metallicize"],"picked":"True Grit"},{"not_picked":["Blood for Blood","Fiend Fire"],"picked":"Offering"},{"not_picked":["Headbutt","Shrug It Off"],"picked":"Flame Barrier"},{"not_picked":["Offering","Immolate"],"picked":"Impervious"},{"not_picked":["Perfected Strike","Whirlwind"],"picked":"True Grit"},{"not_picked":["Demon Form","Entrench"],"picked":"Shrug It Off"},{"not_picked":["Entrench","Headbutt"],"picked":"Uppercut"},{"not_picked":["Body Slam","Clothesline"],"picked":"Barricade"}],"player_experience":191788,"potions_floor_usage":[],"damage_taken":[{"damage":0,"enemies":"Cultist","floor":1,"turns":3},{"damage":4,"enemies":"Blue Slaver","floor":2,"turns":3},{"damage":6,"enemies":"Jaw Worm","floor":5,"turns":2},{"damage":14,"enemies":"Gremlin Nob","floor":7,"turns":3},{"damage":4,"enemies":"Exordium Thugs","floor":8,"turns":4},{"damage":18,"enemies":"Hexaghost","floor":16,"turns":8},{"damage":6,"enemies":"Shell Parasite","floor":18,"turns":3},{"damage":2,"enemies":"Spheric Guardian","floor":22,"turns":3},{"damage":3,"enemies":"Book of Stabbing","floor":24,"turns":4},{"damage":2,"enemies":"Centurion and Healer","floor":25,"turns":3},{"damage":0,"enemies":"Snake Plant","floor":30,"turns":1},{"damage":3,"enemies":"Sentry and Sphere","floor":31,"turns":4},{"damage":14,"enemies":"Collector","floor":33,"turns":8},{"damage":1,"enemies":"Orb Walker","floor":35,"turns":2},{"damage":3,"enemies":"Flame Bruiser 1 Orb","floor":37,"turns":4},{"damage":4,"enemies":"3 Darklings","floor":38,"turns":5},{"damage":4,"enemies":"Sphere and 2 Shapes","floor":40,"turns":5},{"damage":7,"enemies":"Maw","floor":42,"turns":7},{"damage":6,"enemies":"3 Darklings","floor":44,"turns":4},{"damage":3,"enemies":"Sphere and 2 Shapes","floor":45,"turns":4},{"damage":4,"enemies":"Maw","floor":48,"turns":5},{"damage":25,"enemies":"Awakened One","floor":50,"turns":11}],"event_choices":[{"event_name":"The Lab","player_choice":"Got Potions","floor":3,"damage_taken":0},{"event_name":"Transmorgrifier","player_choice":"Transform","floor":4,"damage_taken":0},{"event_name":"Purifier","player_choice":"One Purge","floor":12,"damage_taken":0},{"event_name":"Cursed Tome","player_choice":"Obtained Book","floor":20,"damage_taken":0},{"event_name":"Back to Basics","player_choice":"Elegance","floor":21,"damage_taken":0},{"event_name":"Addict","player_choice":"Obtained Relic","floor":28,"damage_taken":0},{"event_name":"Winding Halls","player_choice":"Embrace Madness","floor":36,"damage_taken":0}],"boss_relics":[{"not_picked":["Orrery","Runic Pyramid"],"picked":"Astrolabe"},{"not_picked":["White Beast Statue","Lizard Tail"],"picked":"Velvet Choker"}],"potions_floor_spawned":[1,8,16,22,30,31,35,42,44,45],"seed_played":"-3145310327575431854","is_trial":false}