{"path_per_floor":["M","$","M","?","?","R","E","M","T","R","M","R","?","M","R","B",null,"M","?","$","?","?","R","E","M","T","R","?","M","$","E","R","B",null,"M","$","?","M","M","E","M","?","T","?","R","M","R","M","R","B"],"character_chosen":"IRONCLAD","items_purchased":["Vajra"],"gold_per_floor":[113,38,58,58,58,58,83,99,99,99,117,117,192,204,204,305,305,270,195,43,69,69,69,98,116,116,116,116,136,56,91,91,186,186,202,102,147,167,182,211,229,189,189,0,0,18,18,35,35,35],"floor_reached":51,"campfire_rested":3,"playtime":3342,"current_hp_per_floor":[80,80,80,85,85,85,80,85,85,85,89,89,78,79,79,13,92,76,76,76,61,46,75,59,58,58,58,42,48,48,43,72,92,97,97,97,54,54,41,52,50,50,50,50,50,54,54,62,91,39],"items_purged":["Strike_R","Strike_R","Defend_R"],"gold":35,"play_id":"a9542e5a-bf97-4dc5-839d-fc7c0b046c63","is_prod":false,"is_daily":false,"campfire_rituals":0,"campfire_upgraded":5,"is_hardmode":false,"path_taken":["M","$","M","?","?","R","E","M","T","R","M","R","?","M","R","BOSS","M","?","$","?","?","R","E","M","T","R","?","M","$","E","R","BOSS","M","?","?","?","M","E","M","?","T","?","R","M","R","M","R","BOSS"],"build_version":"2018-01-05-BETA1","purchased_purges":3,"victory":true,"master_deck":["Strike_R","Strike_R","Defend_R","Defend_R","Defend_R","Bash","Flex","True Grit","Clothesline","Dramatic Entrance","Armaments","Pommel Strike","Cleave","Offering","Metallicize","Shockwave","Seeing Red","Sword Boomerang","Necronomicurse","Metallicize","Juggernaut","Flame Barrier","Clothesline","Spot Weakness"],"max_hp_per_floor":[80,80,80,85,85,85,92,92,92,92,92,92,92,92,92,92,92,92,92,92,92,97,97,97,97,97,97,97,97,97,97,97,97,97,97,97,97,97,97,97,97,97,97,97,97,97,97,97,97,97],"relics":["Black Blood","Strawberry","Frozen Eye","Vajra","Red Mask","The Courier","Thread and Needle","Necronomicon","Blood Vial","Black Star","Red Skull","Girya","Shovel","Dead Branch","Red Mask"],"campfire_meditates":0,"card_choices":[{"not_picked":["Wild Strike","Anger"],"picked":"Flex"},{"not_picked":["Rupture","Rage"],"picked":"True Grit"},{"not_picked":["Entrench","Second Wind"],"picked":"Armaments"},{"not_picked":["Anger","Second Wind"],"picked":"Pommel Strike"},{"not_picked":["Infernal Blade","Sword Boomerang"],"picked":"Cleave"},{"not_picked":["Bludgeon","Dark Embrace"],"picked":"Offering"},{"not_picked":["Clash","Blood for Blood"],"picked":"Metallicize"},{"not_picked":["Spot Weakness","Ghostly Armor"],"picked":"Shockwave"},{"not_picked":["Shrug It Off","Headbutt"],"picked":"Seeing Red"},{"not_picked":["Dual Wield","Thunderclap"],"picked":"Sword Boomerang"},{"not_picked":["Iron Wave","Power Through"],"picked":"Metallicize"},{"not_picked":["Exhume","Dark Embrace"],"picked":"Juggernaut"},{"not_picked":["Perfected Strike","Cleave"],"picked":"Flame Barrier"},{"not_picked":["Shockwave","Perfected Strike"],"picked":"Clothesline"},{"not_picked":["Shrug It Off","Sword Boomerang"],"picked":"Spot Weakness"}],"player_experience":369691,"potions_floor_usage":[7,16,24,31,33,37,40,40,46,46,50],"damage_taken":[{"damage":3,"enemies":"Jaw Worm","floor":1,"turns":4},{"damage":0,"enemies":"Small Slimes","floor":3,"turns":6},{"damage":18,"enemies":"Gremlin Nob","floor":7,"turns":5},{"damage":1,"enemies":"2 Louse","floor":8,"turns":3},{"damage":2,"enemies":"Looter","floor":11,"turns":4},{"damage":5,"enemies":"Gremlin Gang","floor":14,"turns":3},{"damage":72,"enemies":"Hexaghost","floor":16,"turns":12},{"damage":26,"enemies":"2 Thieves","floor":18,"turns":5},{"damage":25,"enemies":"Masked Bandits","floor":21,"turns":5},{"damage":26,"enemies":"Book of Stabbing","floor":24,"turns":8},{"damage":11,"enemies":"Chosen","floor":25,"turns":5},{"damage":4,"enemies":"Sentry and Sphere","floor":29,"turns":2},{"damage":15,"enemies":"Gremlin Leader","floor":31,"turns":9},{"damage":4,"enemies":"Champ","floor":33,"turns":10},{"damage":4,"enemies":"3 Darklings","floor":35,"turns":4},{"damage":62,"enemies":"Mysterious Sphere","floor":37,"turns":11},{"damage":12,"enemies":"3 Shapes","floor":38,"turns":6},{"damage":25,"enemies":"Spire Growth","floor":39,"turns":5},{"damage":13,"enemies":"2 Orb Walkers","floor":40,"turns":5},{"damage":14,"enemies":"Flame Bruiser 2 Orb","floor":41,"turns":5},{"damage":8,"enemies":"Sphere and 2 Shapes","floor":46,"turns":6},{"damage":4,"enemies":"3 Darklings","floor":48,"turns":6},{"damage":64,"enemies":"Awakened One","floor":50,"turns":13}],"event_choices":[{"event_name":"Big Fish","player_choice":"Donut","floor":4,"damage_taken":0},{"event_name":"Match and Keep!","player_choice":"2 cards matched","floor":5,"damage_taken":0},{"event_name":"World of Goop","player_choice":"Gather Gold","floor":13,"damage_taken":0},{"event_name":"Beggar","player_choice":"Gave Gold","floor":19,"damage_taken":0},{"event_name":"Masked Bandits","player_choice":"Fought over 43 gold","floor":21,"damage_taken":0},{"event_name":"Forgotten Altar","player_choice":"Shed Blood","floor":22,"damage_taken":0},{"event_name":"Cursed Tome","player_choice":"Obtained Book","floor":28,"damage_taken":0},{"event_name":"Mysterious Sphere","player_choice":"Fight","floor":37,"damage_taken":0},{"event_name":"The Woman in Blue","player_choice":"Bought 3 Potions","floor":42,"damage_taken":0},{"event_name":"Tomb of Lord Red Mask","player_choice":"Paid","floor":44,"damage_taken":0}],"boss_relics":[{"not_picked":["Pandora\u0027s Box","Runic Dome"],"picked":"Black Blood"},{"not_picked":["Astrolabe","Question Card"],"picked":"Black Star"}],"potions_floor_spawned":[11,14,16,24,29,31,37,40,46],"seed_played":"-7256585823652724855","is_trial":false}