{"path_per_floor":["M","?","M","M","M","R","E","?","T","M","$","R","M","M","R","B",null,"M","?","$","M","$","R","M","R","T","R","?","M","M","$","R","B",null,"M","$","M","?","?","R","M","R","T","?","R","E","?","M","R","B"],"character_chosen":"IRONCLAD","items_purchased":["Medical Kit"],"gold_per_floor":[118,218,231,242,259,259,285,285,285,303,84,84,101,121,121,216,216,227,255,175,193,93,93,110,110,140,140,140,157,169,49,49,147,147,165,25,44,392,392,392,409,409,409,0,0,35,35,45,45,45],"floor_reached":51,"campfire_rested":1,"playtime":2872,"current_hp_per_floor":[80,80,77,79,79,79,57,57,57,56,56,56,61,66,66,41,80,80,80,80,80,80,80,71,71,71,71,71,75,72,72,72,35,80,76,76,78,71,71,71,76,76,76,76,76,80,70,60,80,49],"items_purged":["Strike_R","Strike_R","Strike_R","Havoc","Strike_R"],"gold":45,"play_id":"4ccd0898-1038-4a1f-a5ce-0a2450a7b532","is_prod":false,"is_daily":false,"campfire_rituals":0,"campfire_upgraded":10,"is_hardmode":false,"path_taken":["M","?","M","M","M","R","E","?","T","?","$","R","M","M","R","BOSS","M","?","$","M","?","R","M","R","T","R","?","M","?","$","R","BOSS","M","$","M","?","?","R","?","R","T","?","R","E","?","M","R","BOSS"],"build_version":"2018-01-15-BETA1","purchased_purges":5,"victory":true,"master_deck":["Defend_R","Defend_R","Defend_R","Defend_R","Bash","True Grit","Ghostly Armor","Pommel Strike","Impervious","Jack Of All Trades","Rampage","Double Tap","Pommel Strike","Rampage","Madness","Madness"],"max_hp_per_floor":[80,80,80,80,80,80,80,80,80,80,80,80,80,80,80,80,80,80,80,80,80,80,80,80,80,80,80,80,80,80,80,80,80,80,80,80,80,80,80,80,80,80,80,80,80,80,80,80,80,80],"relics":["Burning Blood","Toolbox","The Courier","Medical Kit","Velvet Choker","Red Mask","Tiny Chest","Philosopher\u0027s Stone","Old Coin","Juzu Bracelet","Red Mask","Happy Flower"],"campfire_meditates":0,"card_choices":[{"not_picked":["Whirlwind","Clothesline"],"picked":"True Grit"},{"not_picked":["Headbutt","Hemokinesis"],"picked":"Ghostly Armor"},{"not_picked":["Exhume","Dual Wield"],"picked":"Pommel Strike"},{"not_picked":["Cleave","Whirlwind"],"picked":"Rampage"},{"not_picked":["Berserk","Bludgeon"],"picked":"Double Tap"},{"not_picked":["Cleave","Body Slam"],"picked":"Pommel Strike"},{"not_picked":["Intimidate","Metallicize"],"picked":"Rampage"},{"not_picked":["Whirlwind","Wild Strike"],"picked":"True Grit"}],"player_experience":229171,"potions_floor_usage":[5,14,19,19,33,37,38,50],"damage_taken":[{"damage":0,"enemies":"2 Louse","floor":1,"turns":2},{"damage":9,"enemies":"Blue Slaver","floor":3,"turns":4},{"damage":4,"enemies":"Jaw Worm","floor":4,"turns":5},{"damage":6,"enemies":"Exordium Wildlife","floor":5,"turns":6},{"damage":28,"enemies":"Gremlin Nob","floor":7,"turns":5},{"damage":11,"enemies":"Lots of Slimes","floor":10,"turns":9},{"damage":1,"enemies":"Red Slaver","floor":13,"turns":3},{"damage":1,"enemies":"Exordium Thugs","floor":14,"turns":7},{"damage":31,"enemies":"The Guardian","floor":16,"turns":12},{"damage":0,"enemies":"Chosen","floor":18,"turns":4},{"damage":0,"enemies":"Masked Bandits","floor":19,"turns":3},{"damage":0,"enemies":"Spheric Guardian","floor":21,"turns":3},{"damage":15,"enemies":"Snecko","floor":24,"turns":4},{"damage":6,"enemies":"Snake Plant","floor":29,"turns":3},{"damage":9,"enemies":"3 Cultists","floor":30,"turns":5},{"damage":58,"enemies":"Champ","floor":33,"turns":8},{"damage":10,"enemies":"Orb Walker","floor":35,"turns":4},{"damage":4,"enemies":"Flame Bruiser 1 Orb","floor":37,"turns":5},{"damage":13,"enemies":"Mysterious Sphere","floor":38,"turns":6},{"damage":1,"enemies":"3 Darklings","floor":41,"turns":6},{"damage":0,"enemies":"Giant Head","floor":46,"turns":6},{"damage":16,"enemies":"Maw","floor":48,"turns":6},{"damage":52,"enemies":"Awakened One","floor":50,"turns":9}],"event_choices":[{"event_name":"Golden Shrine","player_choice":"Pray","floor":2,"damage_taken":0},{"event_name":"Match and Keep!","player_choice":"2 cards matched","floor":8,"damage_taken":0},{"event_name":"Masked Bandits","player_choice":"Fought over 227 gold","floor":19,"damage_taken":0},{"event_name":"Transmorgrifier","player_choice":"Transform","floor":28,"damage_taken":0},{"event_name":"Mysterious Sphere","player_choice":"Fight","floor":38,"damage_taken":0},{"event_name":"Tomb of Lord Red Mask","player_choice":"Paid","floor":44,"damage_taken":0},{"event_name":"Winding Halls","player_choice":"Embrace Madness","floor":47,"damage_taken":0}],"boss_relics":[{"not_picked":["Tiny House","Runic Cube"],"picked":"Velvet Choker"},{"not_picked":["Calling Bell","Lizard Tail"],"picked":"Philosopher\u0027s Stone"}],"potions_floor_spawned":[4,5,10,13,14,16,18,24,33,35,37,48],"seed_played":"5909965727643715607","is_trial":false}