{"path_per_floor":["M","M","?","$","M","R","E","R","T","R","E","$","E","M","R","B",null,"M","?","M","M","?","R","$","R","T","M","$","M","R","$","R","B",null,"M","?","?","$","M","E","R","T","T","M","?","$","M","$","R","B"],"character_chosen":"IRONCLAD","items_purchased":["True Grit","Pommel Strike"],"gold_per_floor":[114,130,130,55,73,73,99,99,150,150,180,80,115,130,130,230,230,242,342,360,374,374,374,249,249,249,263,64,82,82,82,82,182,182,201,201,201,26,36,63,63,109,109,120,120,67,81,81,81,81],"floor_reached":51,"campfire_rested":1,"playtime":2188,"current_hp_per_floor":[78,70,63,63,55,55,49,49,49,49,30,30,6,8,33,3,84,79,79,75,61,61,61,61,61,61,80,80,88,88,88,88,70,88,81,81,81,81,53,44,48,48,48,35,35,35,59,59,63,52],"items_purged":["Strike_R","Strike_R","Strike_R","Defend_R","Defend_R"],"gold":81,"play_id":"ab6676cb-af05-40f7-9b60-31716cbe1f83","is_prod":false,"is_daily":false,"campfire_rituals":0,"campfire_upgraded":9,"is_hardmode":false,"path_taken":["M","M","?","$","M","R","E","R","T","R","E","$","E","M","R","BOSS","M","?","?","M","?","R","?","R","T","M","$","M","R","$","R","BOSS","M","?","?","$","M","E","R","?","T","M","?","?","?","?","R","BOSS"],"build_version":"2018-01-12-BETA1","purchased_purges":5,"victory":true,"master_deck":["Defend_R","Defend_R","Bash","Uppercut","Rampage","Shockwave","Cleave","Reaper","Spot Weakness","Flame Barrier","Rampage","True Grit","Flame Barrier","Pommel Strike"],"max_hp_per_floor":[80,80,80,80,80,80,80,80,80,80,80,80,82,84,84,84,84,84,84,84,86,86,86,86,86,86,86,86,88,88,88,88,88,88,90,90,90,90,92,94,94,94,94,96,96,96,98,98,98,98],"relics":["Orrery","Pantograph","Ancient Tea Set","Toxic Egg","Singing Bowl","Velvet Choker","Champion Belt","Eternal Feather","Happy Flower","War Paint","Bag of Marbles"],"campfire_meditates":0,"card_choices":[{"not_picked":["Bloodletting","Iron Wave"],"picked":"Uppercut"},{"not_picked":["Reckless Charge","Body Slam"],"picked":"Rampage"},{"not_picked":["Havoc","Flex"],"picked":"Shockwave"},{"not_picked":["Combust","Twin Strike"],"picked":"Cleave"},{"not_picked":["Juggernaut","Dark Embrace"],"picked":"Reaper"},{"not_picked":["Disarm","Carnage"],"picked":"Spot Weakness"},{"not_picked":["Second Wind","Armaments"],"picked":"Flame Barrier"},{"not_picked":["Power Through","Headbutt"],"picked":"Rampage"},{"not_picked":["Exhume","Berserk"],"picked":"Double Tap"}],"player_experience":201811,"potions_floor_usage":[7,11,13,21,33,35,39,40],"damage_taken":[{"damage":2,"enemies":"2 Louse","floor":1,"turns":3},{"damage":8,"enemies":"Jaw Worm","floor":2,"turns":3},{"damage":8,"enemies":"Blue Slaver","floor":5,"turns":5},{"damage":6,"enemies":"Lagavulin","floor":7,"turns":5},{"damage":19,"enemies":"Gremlin Nob","floor":11,"turns":4},{"damage":26,"enemies":"3 Sentries","floor":13,"turns":6},{"damage":0,"enemies":"Exordium Wildlife","floor":14,"turns":4},{"damage":55,"enemies":"Hexaghost","floor":16,"turns":12},{"damage":9,"enemies":"Chosen","floor":18,"turns":6},{"damage":7,"enemies":"Shell Parasite","floor":20,"turns":5},{"damage":31,"enemies":"Snake Plant","floor":21,"turns":6},{"damage":5,"enemies":"Centurion and Healer","floor":27,"turns":6},{"damage":0,"enemies":"Chosen and Byrds","floor":29,"turns":4},{"damage":18,"enemies":"Collector","floor":33,"turns":8},{"damage":9,"enemies":"Orb Walker","floor":35,"turns":5},{"damage":30,"enemies":"Flame Bruiser 1 Orb","floor":39,"turns":7},{"damage":23,"enemies":"2 Orb Walkers","floor":40,"turns":6},{"damage":27,"enemies":"Maw","floor":44,"turns":8},{"damage":2,"enemies":"3 Darklings","floor":47,"turns":6},{"damage":60,"enemies":"Time Eater","floor":50,"turns":11}],"event_choices":[{"event_name":"Golden Wing","player_choice":"Card Removal","floor":3,"damage_taken":0},{"event_name":"Golden Shrine","player_choice":"Pray","floor":19,"damage_taken":0},{"event_name":"Wheel of Change","player_choice":"Card Removal","floor":22,"damage_taken":0},{"event_name":"Tomb of Lord Red Mask","player_choice":"Ignored","floor":36,"damage_taken":0},{"event_name":"Duplicator","player_choice":"One dupe","floor":37,"damage_taken":0}],"boss_relics":[{"not_picked":["Runic Cube","Lizard Tail"],"picked":"Velvet Choker"},{"not_picked":["Runic Pyramid","Pandora\u0027s Box"],"picked":"Eternal Feather"}],"potions_floor_spawned":[2,5,11,20,21,27,29,35],"seed_played":"3626852747661441971","is_trial":false}