{"path_per_floor":["M","M","?","$","M","R","M","R","T","M","R","M","?","M","R","B",null,"M","M","?","$","M","M","R","T","T","E","R","?","E","$","R","B",null,"M","M","?","$","?","R","M","R","T","R","M","R","?","M","R","B"],"character_chosen":"IRONCLAD","items_purchased":["True Grit","Shrug It Off"],"gold_per_floor":[115,133,163,88,99,99,118,118,118,131,131,148,118,128,128,223,223,236,246,161,16,30,43,43,43,70,99,99,99,128,3,3,104,104,116,134,134,112,112,112,128,128,128,128,147,147,196,206,206,206],"floor_reached":51,"campfire_rested":2,"playtime":2577,"current_hp_per_floor":[80,80,73,73,79,79,78,78,78,76,76,49,49,52,52,40,80,80,80,80,80,44,31,55,55,55,40,40,80,49,49,49,15,80,80,80,70,70,70,70,53,53,53,53,55,55,57,57,80,46],"items_purged":["Strike_R","Strike_R","Strike_R"],"gold":206,"play_id":"e9197544-ba30-4b7a-b864-8c2d4aaa130e","is_prod":false,"is_daily":false,"campfire_rituals":0,"campfire_upgraded":10,"is_hardmode":false,"path_taken":["M","M","?","$","M","R","M","R","T","M","R","?","?","M","R","BOSS","M","M","?","$","M","M","R","?","T","E","R","?","E","$","R","BOSS","M","M","?","$","?","R","M","R","T","R","?","R","?","M","R","BOSS"],"build_version":"2018-01-19-BETA1","purchased_purges":3,"victory":true,"master_deck":["Strike_R","Defend_R","Defend_R","Defend_R","Defend_R","Bash","Clothesline","Rampage","Disarm","Iron Wave","True Grit","Shrug It Off","Pommel Strike","Offering","Body Slam","Madness","Madness","Shrug It Off","Injury","Uppercut","Headbutt"],"max_hp_per_floor":[80,80,80,80,80,80,80,80,80,80,80,80,80,80,80,80,80,80,80,80,80,80,80,80,80,80,80,80,80,80,80,80,80,80,80,80,80,80,80,80,80,80,80,80,80,80,80,80,80,80],"relics":["Burning Blood","Tiny Chest","Calipers","Sozu","Unceasing Top","Bronze Scales","Du-Vu Doll","Red Skull","Black Star","Thread and Needle","Frozen Eye"],"campfire_meditates":0,"card_choices":[{"not_picked":["Anger","Iron Wave"],"picked":"Clothesline"},{"not_picked":["Reckless Charge","Heavy Blade"],"picked":"Rampage"},{"not_picked":["Pommel Strike","Thunderclap"],"picked":"Disarm"},{"not_picked":["Heavy Blade","Intimidate"],"picked":"Iron Wave"},{"not_picked":["Feed","Corruption"],"picked":"Shrug It Off"},{"not_picked":["Twin Strike","Havoc"],"picked":"Pommel Strike"},{"not_picked":["Bludgeon","Berserk"],"picked":"Offering"},{"not_picked":["Corruption","Headbutt"],"picked":"Body Slam"},{"not_picked":["Clash","Shrug It Off"],"picked":"Uppercut"},{"not_picked":["Havoc","Wild Strike"],"picked":"Headbutt"}],"player_experience":268099,"potions_floor_usage":[],"damage_taken":[{"damage":5,"enemies":"Cultist","floor":1,"turns":4},{"damage":6,"enemies":"Jaw Worm","floor":2,"turns":5},{"damage":0,"enemies":"2 Louse","floor":5,"turns":2},{"damage":7,"enemies":"Red Slaver","floor":7,"turns":4},{"damage":8,"enemies":"Looter","floor":10,"turns":4},{"damage":33,"enemies":"Exordium Thugs","floor":12,"turns":8},{"damage":3,"enemies":"Large Slime","floor":14,"turns":8},{"damage":18,"enemies":"Hexaghost","floor":16,"turns":9},{"damage":0,"enemies":"Chosen","floor":18,"turns":5},{"damage":5,"enemies":"Shell Parasite","floor":19,"turns":6},{"damage":42,"enemies":"3 Cultists","floor":22,"turns":7},{"damage":19,"enemies":"Centurion and Healer","floor":23,"turns":7},{"damage":21,"enemies":"Gremlin Leader","floor":27,"turns":8},{"damage":37,"enemies":"Slavers","floor":30,"turns":8},{"damage":40,"enemies":"Automaton","floor":33,"turns":11},{"damage":4,"enemies":"Orb Walker","floor":35,"turns":3},{"damage":4,"enemies":"Flame Bruiser 1 Orb","floor":36,"turns":5},{"damage":23,"enemies":"Sphere and 2 Shapes","floor":41,"turns":6},{"damage":4,"enemies":"3 Darklings","floor":45,"turns":6},{"damage":4,"enemies":"Mysterious Sphere","floor":47,"turns":6},{"damage":6,"enemies":"4 Shapes","floor":48,"turns":7},{"damage":40,"enemies":"Time Eater","floor":50,"turns":8}],"event_choices":[{"event_name":"Scrap Ooze","player_choice":"success","floor":3,"damage_taken":7},{"event_name":"The Woman in Blue","player_choice":"Bought 2 Potions","floor":13,"damage_taken":0},{"event_name":"Addict","player_choice":"Obtained Relic","floor":20,"damage_taken":0},{"event_name":"Wheel of Change","player_choice":"Full Heal","floor":29,"damage_taken":0},{"event_name":"Winding Halls","player_choice":"Embrace Madness","floor":37,"damage_taken":0},{"event_name":"Accursed Blacksmith","player_choice":"Forge","floor":39,"damage_taken":0},{"event_name":"Mysterious Sphere","player_choice":"Fight","floor":47,"damage_taken":0}],"boss_relics":[{"not_picked":["Pandora\u0027s Box","Runic Cube"],"picked":"Sozu"},{"not_picked":["Orrery","Black Blood"],"picked":"Black Star"}],"potions_floor_spawned":[5,14,16,19,30,33,36,45,47],"seed_played":"1178453104883018031","is_trial":false}