{"path_per_floor":["M","M","M","M","$","R","M","R","T","R","E","?","?","$","R","B",null,"M","?","$","T","M","E","R","M","T","?","?","$","R","$","R","B",null,"M","?","M","$","M","R","$","?","T","M","M","?","E","M","R","B"],"character_chosen":"IRONCLAD","items_purchased":["True Grit","Bandage Up"],"gold_per_floor":[118,137,156,173,98,98,116,116,140,140,175,175,175,49,49,146,146,164,164,39,121,138,165,165,180,251,351,351,98,98,98,98,201,231,249,249,262,87,100,100,100,100,175,188,203,203,236,248,248,248],"floor_reached":51,"campfire_rested":4,"playtime":2676,"current_hp_per_floor":[74,73,73,64,64,64,63,63,63,63,35,35,61,61,61,22,80,80,80,80,80,71,3,27,17,17,17,2,2,27,27,52,44,90,72,72,76,76,78,78,78,78,88,61,65,65,52,56,86,17],"items_purged":["Strike_R","Strike_R","Strike_R","Defend_R","Defend_R"],"gold":248,"play_id":"182bc2ee-87c2-403d-8c22-42b108ca7923","is_prod":false,"is_daily":false,"campfire_rituals":0,"campfire_upgraded":5,"is_hardmode":false,"path_taken":["M","M","M","M","$","R","M","R","T","R","E","?","?","$","R","BOSS","M","?","?","?","?","E","R","M","T","?","?","$","R","?","R","BOSS","M","?","M","$","M","R","$","?","T","M","?","?","E","M","R","BOSS"],"build_version":"2018-01-15-BETA1","purchased_purges":5,"victory":true,"master_deck":["Defend_R","Defend_R","Bash","Sword Boomerang","Shrug It Off","Shrug It Off","True Grit","Double Tap","Pommel Strike","Body Slam","Infernal Blade","Impervious","Bandage Up","Disarm","Feel No Pain","Cleave","Seeing Red","Clothesline"],"max_hp_per_floor":[80,80,80,80,80,80,80,80,80,80,80,80,80,80,80,80,80,80,80,80,80,80,80,80,80,80,80,85,85,85,85,85,85,90,90,90,90,90,90,90,90,90,100,100,100,100,100,100,100,100],"relics":["Sozu","Dream Catcher","Kunai","Runic Dome","Matryoshka","Bag of Marbles","Ancient Tea Set","Meat on the Bone","Tiny House","Mummified Hand","Pear","Sundial"],"campfire_meditates":0,"card_choices":[{"not_picked":["Anger","Clash"],"picked":"Sword Boomerang"},{"not_picked":["Second Wind","Perfected Strike"],"picked":"Shrug It Off"},{"not_picked":["Headbutt","Evolve"],"picked":"Shrug It Off"},{"not_picked":["Dark Embrace","Bludgeon"],"picked":"Double Tap"},{"not_picked":["Anger","Armaments"],"picked":"Pommel Strike"},{"not_picked":["Reckless Charge","Sword Boomerang"],"picked":"Infernal Blade"},{"not_picked":["Flex","Sword Boomerang"],"picked":"Impervious"},{"not_picked":["Twin Strike","Cleave"],"picked":"Disarm"},{"not_picked":["Uppercut","Flex"],"picked":"Feel No Pain"},{"not_picked":["Pommel Strike","Havoc"],"picked":"Cleave"},{"not_picked":["Dual Wield","Body Slam"],"picked":"Seeing Red"},{"not_picked":["Warcry","Shockwave"],"picked":"Clothesline"}],"player_experience":218470,"potions_floor_usage":[],"damage_taken":[{"damage":6.0,"enemies":"Cultist","floor":1.0,"turns":3.0},{"damage":1.0,"enemies":"Jaw Worm","floor":2.0,"turns":3.0},{"damage":0.0,"enemies":"2 Louse","floor":3.0,"turns":2.0},{"damage":9.0,"enemies":"Exordium Thugs","floor":4.0,"turns":4.0},{"damage":1.0,"enemies":"Large Slime","floor":7.0,"turns":6.0},{"damage":28.0,"enemies":"3 Sentries","floor":11.0,"turns":8.0},{"damage":39.0,"enemies":"Slime Boss","floor":16.0,"turns":15.0},{"damage":0.0,"enemies":"Shell Parasite","floor":18.0,"turns":4.0},{"damage":9.0,"enemies":"3 Byrds","floor":22.0,"turns":6.0},{"damage":68.0,"enemies":"Gremlin Leader","floor":23.0,"turns":13.0},{"damage":10,"enemies":"Centurion and Healer","floor":25,"turns":6},{"damage":24,"enemies":"Automaton","floor":33,"turns":11},{"damage":22,"enemies":"3 Darklings","floor":35,"turns":6},{"damage":0,"enemies":"Orb Walker","floor":37,"turns":3},{"damage":2,"enemies":"Maw","floor":39,"turns":9},{"damage":31,"enemies":"Spire Growth","floor":44,"turns":5},{"damage":0,"enemies":"Flame Bruiser 2 Orb","floor":45,"turns":8},{"damage":29,"enemies":"Giant Head","floor":47,"turns":9},{"damage":12,"enemies":"3 Darklings","floor":48,"turns":4},{"damage":85,"enemies":"Time Eater","floor":50,"turns":16}],"event_choices":[{"event_name":"The Lab","player_choice":"Got Potions","floor":12.0,"damage_taken":0.0},{"event_name":"Big Fish","player_choice":"Banana","floor":13.0,"damage_taken":0.0},{"event_name":"The Library","player_choice":"Read","floor":19.0,"damage_taken":0.0},{"event_name":"Golden Shrine","player_choice":"Pray","floor":27,"damage_taken":0},{"event_name":"Forgotten Altar","player_choice":"Shed Blood","floor":28,"damage_taken":0},{"event_name":"Bonfire Elementals","player_choice":"BASIC","floor":42,"damage_taken":0},{"event_name":"Mysterious Sphere","player_choice":"Ignore","floor":46,"damage_taken":0}],"boss_relics":[{"not_picked":["Velvet Choker","Black Star"],"picked":"Tiny House"}],"potions_floor_spawned":[2,3,4,22,39,44,47],"seed_played":"4362750959342028244","is_trial":false}