{"path_per_floor":["M","$","?","M","M","E","M","R","T","E","?","R","M","M","R","B",null,"M","?","?","M","?","E","$","R","T","M","E","$","M","M","R","B",null,"M","$","?","M","M","R","E","M","T","?","M","E","R","M","R","B"],"character_chosen":"IRONCLAD","items_purchased":[],"gold_per_floor":[117,42,42,53,73,107,122,122,147,173,123,123,137,153,153,253,253,263,188,188,201,236,264,164,164,164,183,211,86,106,122,122,224,224,240,90,90,107,123,123,151,168,168,168,186,514,514,532,532,532],"floor_reached":51,"campfire_rested":3,"playtime":3587,"current_hp_per_floor":[79,79,79,67,67,43,41,41,41,8,8,32,25,25,25,14,80,74,74,74,74,50,29,29,55,55,49,49,49,48,45,71,60,87,87,87,87,87,87,87,72,72,72,93,90,90,90,90,90,77],"items_purged":["Strike_R","Searing Blow","Defend_R","Defend_R"],"gold":532,"play_id":"4564e129-7168-4dd8-b4d4-c0e48e689b07","is_prod":false,"is_daily":false,"campfire_rituals":0,"campfire_upgraded":5,"is_hardmode":false,"path_taken":["M","$","?","M","M","E","M","R","T","E","?","R","M","M","R","BOSS","M","?","?","?","?","E","?","R","T","M","E","$","M","M","R","BOSS","M","$","?","M","M","R","E","M","T","?","M","E","R","M","R","BOSS"],"build_version":"2018-01-12-BETA1","purchased_purges":4,"victory":true,"master_deck":["Strike_R","Defend_R","Bash","Rampage","Shrug It Off","Pommel Strike","Rampage","Shrug It Off","Ghostly Armor","True Grit","Shockwave","Writhe"],"max_hp_per_floor":[80,80,80,80,80,80,80,80,80,80,80,80,80,80,80,80,80,80,80,80,80,80,87,87,87,87,87,87,87,87,87,87,87,87,87,87,87,87,87,87,87,87,87,93,93,93,93,93,93,93],"relics":["Black Star","Mummified Hand","Kunai","Molten Egg","War Paint","Happy Flower","Runic Dome","Red Mask","Strawberry","Prayer Wheel","Anchor","Ornamental Fan","Meat on the Bone","Velvet Choker","Mercury Hourglass","Darkstone Periapt","Bird Faced Urn","Old Coin","Torii"],"campfire_meditates":0,"card_choices":[{"not_picked":["Evolve","Clothesline"],"picked":"Rampage"},{"not_picked":["Warcry","Power Through"],"picked":"Shrug It Off"},{"not_picked":["Power Through","Entrench"],"picked":"Pommel Strike"},{"not_picked":["Havoc","Thunderclap"],"picked":"Rampage"},{"not_picked":["Burning Pact","Sever Soul"],"picked":"Shrug It Off"},{"not_picked":["Armaments","Clothesline"],"picked":"Ghostly Armor"},{"not_picked":["Wild Strike","Havoc"],"picked":"True Grit"},{"not_picked":["Battle Trance","Dual Wield"],"picked":"Shockwave"}],"player_experience":194457,"potions_floor_usage":[6,10,16,16,28,28,33,41,41],"damage_taken":[{"damage":1,"enemies":"Cultist","floor":1,"turns":4},{"damage":12,"enemies":"Blue Slaver","floor":4,"turns":5},{"damage":0,"enemies":"Small Slimes","floor":5,"turns":3},{"damage":24,"enemies":"Lagavulin","floor":6,"turns":7},{"damage":2,"enemies":"Exordium Wildlife","floor":7,"turns":6},{"damage":33,"enemies":"3 Sentries","floor":10,"turns":7},{"damage":7,"enemies":"3 Louse","floor":13,"turns":4},{"damage":0,"enemies":"Large Slime","floor":14,"turns":5},{"damage":11,"enemies":"The Guardian","floor":16,"turns":13},{"damage":6,"enemies":"Chosen","floor":18,"turns":4},{"damage":0,"enemies":"Spheric Guardian","floor":21,"turns":5},{"damage":24,"enemies":"Masked Bandits","floor":22,"turns":6},{"damage":28,"enemies":"Gremlin Leader","floor":23,"turns":9},{"damage":6,"enemies":"3 Cultists","floor":27,"turns":7},{"damage":0,"enemies":"Slavers","floor":28,"turns":7},{"damage":1,"enemies":"Snake Plant","floor":30,"turns":4},{"damage":15,"enemies":"Chosen and Byrds","floor":31,"turns":6},{"damage":11,"enemies":"Champ","floor":33,"turns":9},{"damage":0,"enemies":"3 Darklings","floor":35,"turns":6},{"damage":0,"enemies":"3 Shapes","floor":38,"turns":4},{"damage":0,"enemies":"Spire Growth","floor":39,"turns":5},{"damage":15,"enemies":"Nemesis","floor":41,"turns":7},{"damage":0,"enemies":"Sphere and 2 Shapes","floor":42,"turns":4},{"damage":3,"enemies":"Flame Bruiser 2 Orb","floor":45,"turns":5},{"damage":0,"enemies":"Giant Head","floor":46,"turns":7},{"damage":0,"enemies":"4 Shapes","floor":48,"turns":5},{"damage":13,"enemies":"Awakened One","floor":50,"turns":9}],"event_choices":[{"event_name":"Transmorgrifier","player_choice":"Transform","floor":3,"damage_taken":0},{"event_name":"The Cleric","player_choice":"Card Removal","floor":11,"damage_taken":0},{"event_name":"Beggar","player_choice":"Gave Gold","floor":19,"damage_taken":0},{"event_name":"Drug Dealer","player_choice":"Ignored","floor":20,"damage_taken":0},{"event_name":"Masked Bandits","player_choice":"Fought over 201 gold","floor":22,"damage_taken":0},{"event_name":"Purifier","player_choice":"One Purge","floor":37,"damage_taken":0},{"event_name":"Winding Halls","player_choice":"Writhe","floor":44,"damage_taken":0}],"boss_relics":[{"not_picked":["Astrolabe","Eternal Feather"],"picked":"Runic Dome"},{"not_picked":["Sozu","Philosopher\u0027s Stone"],"picked":"Velvet Choker"}],"potions_floor_spawned":[1,5,10,13,23,27,28,30,39,41,42],"seed_played":"481902198769965633","is_trial":false}