{"path_per_floor":["M","$","M","M","?","?","R","M","T","?","E","R","M","M","R","B",null,"M","$","M","M","M","M","R","$","T","E","?","R","$","?","R","B",null,"M","?","M","?","?","R","M","R","T","?","T","R","$","M","R","B"],"character_chosen":"IRONCLAD","items_purchased":["Impervious"],"gold_per_floor":[111,36,56,74,74,74,74,86,86,86,113,113,126,140,140,239,239,239,139,94,94,94,94,94,94,94,94,94,94,16,16,16,16,16,16,16,16,16,16,16,16,16,16,0,0,0,0,0,0,0],"floor_reached":51,"campfire_rested":3,"playtime":3053,"current_hp_per_floor":[79,79,77,77,61,61,61,61,61,49,34,34,28,26,50,28,80,78,78,67,52,44,42,42,42,42,41,41,41,41,41,41,35,80,80,70,67,44,44,44,39,39,39,39,39,63,63,67,80,62],"items_purged":["Strike_R","Defend_R"],"gold":0,"play_id":"7ce822f5-0797-42b9-9361-ab2c693980a5","is_prod":false,"is_daily":false,"campfire_rituals":0,"campfire_upgraded":7,"is_hardmode":false,"path_taken":["M","$","M","M","?","?","R","?","T","?","E","R","?","M","R","BOSS","M","$","M","M","?","M","R","$","T","E","?","R","$","?","R","BOSS","M","?","M","?","?","R","?","R","T","?","?","R","$","?","R","BOSS"],"build_version":"2018-01-15-BETA1","purchased_purges":2,"victory":true,"master_deck":["Defend_R","Defend_R","Bash","Dual Wield","Combust","Pommel Strike","Headbutt","Shrug It Off","Seeing Red","Ghostly Armor","Battle Trance","Shrug It Off","Barricade","Rampage","True Grit","Warcry","Impervious","Flame Barrier","Madness","Madness","Feel No Pain"],"max_hp_per_floor":[80,80,80,80,80,80,80,80,80,80,80,80,80,80,80,80,80,80,80,80,80,80,80,80,80,80,80,80,80,80,80,80,80,80,80,80,80,80,80,80,80,80,80,80,80,80,80,80,80,80],"relics":["Astrolabe","Calipers","Unceasing Top","Self Forming Clay","Ectoplasm","Ginger","Thread and Needle","White Beast Statue","Old Coin","Dead Branch","Red Mask","Gambling Chip"],"campfire_meditates":0,"card_choices":[{"not_picked":["Bloodletting","Intimidate"],"picked":"Headbutt"},{"not_picked":["Clash","Blood for Blood"],"picked":"Shrug It Off"},{"not_picked":["Clash","Perfected Strike"],"picked":"Seeing Red"},{"not_picked":["Inflame","Combust"],"picked":"Ghostly Armor"},{"not_picked":["Intimidate","Twin Strike"],"picked":"Battle Trance"},{"not_picked":["Battle Trance","Inflame"],"picked":"Shrug It Off"},{"not_picked":["Juggernaut","Exhume"],"picked":"Barricade"},{"not_picked":["Second Wind","Reckless Charge"],"picked":"Rampage"},{"not_picked":["Second Wind","Metallicize"],"picked":"True Grit"},{"not_picked":["Entrench","Wild Strike"],"picked":"Warcry"},{"not_picked":["Thunderclap","Whirlwind"],"picked":"Flame Barrier"},{"not_picked":["Wild Strike","Heavy Blade"],"picked":"Feel No Pain"}],"player_experience":211235,"potions_floor_usage":[11,16,21,27,48],"damage_taken":[{"damage":1,"enemies":"Jaw Worm","floor":1,"turns":6},{"damage":2,"enemies":"2 Louse","floor":3,"turns":3},{"damage":0,"enemies":"Small Slimes","floor":4,"turns":3},{"damage":0,"enemies":"Exordium Wildlife","floor":8,"turns":4},{"damage":15,"enemies":"3 Sentries","floor":11,"turns":5},{"damage":6,"enemies":"Large Slime","floor":13,"turns":5},{"damage":2,"enemies":"Gremlin Gang","floor":14,"turns":3},{"damage":37,"enemies":"The Guardian","floor":16,"turns":10},{"damage":2,"enemies":"Spheric Guardian","floor":18,"turns":3},{"damage":11,"enemies":"2 Thieves","floor":20,"turns":3},{"damage":15,"enemies":"Centurion and Healer","floor":21,"turns":5},{"damage":8,"enemies":"3 Cultists","floor":22,"turns":4},{"damage":2,"enemies":"Snecko","floor":23,"turns":4},{"damage":1,"enemies":"Slavers","floor":27,"turns":6},{"damage":6,"enemies":"Champ","floor":33,"turns":8},{"damage":0,"enemies":"Flame Bruiser 1 Orb","floor":35,"turns":8},{"damage":3,"enemies":"Orb Walker","floor":37,"turns":6},{"damage":23,"enemies":"Mysterious Sphere","floor":38,"turns":8},{"damage":5,"enemies":"4 Shapes","floor":41,"turns":6},{"damage":8,"enemies":"3 Darklings","floor":48,"turns":6},{"damage":18,"enemies":"Awakened One","floor":50,"turns":12}],"event_choices":[{"event_name":"Shining Light","player_choice":"Entered Light","floor":5,"damage_taken":0},{"event_name":"Living Wall","player_choice":"Forget","floor":6,"damage_taken":0},{"event_name":"Scrap Ooze","player_choice":"success","floor":10,"damage_taken":12},{"event_name":"Bonfire Elementals","player_choice":"BASIC","floor":28,"damage_taken":0},{"event_name":"Beggar","player_choice":"Ignored","floor":31,"damage_taken":0},{"event_name":"Winding Halls","player_choice":"Embrace Madness","floor":36,"damage_taken":0},{"event_name":"Mysterious Sphere","player_choice":"Fight","floor":38,"damage_taken":0},{"event_name":"Upgrade Shrine","player_choice":"Upgraded","floor":39,"damage_taken":0},{"event_name":"Tomb of Lord Red Mask","player_choice":"Paid","floor":44,"damage_taken":0}],"boss_relics":[{"not_picked":["Runic Cube","Orrery"],"picked":"Ectoplasm"},{"not_picked":["Runic Pyramid","Snecko Eye"],"picked":"White Beast Statue"}],"potions_floor_spawned":[3,11,18,21,35,37,38,41,48],"seed_played":"-908491372471245644","is_trial":false}