{"path_per_floor":["M","M","$","M","?","R","$","R","T","R","M","$","?","E","R","B",null,"M","?","M","$","M","R","M","E","T","E","$","M","R","T","R","B",null,"M","$","M","?","M","E","M","E","T","M","R","M","E","M","R"],"character_chosen":"IRONCLAD","items_purchased":["Shrug It Off","Spot Weakness","True Grit"],"gold_per_floor":[115,126,51,61,61,61,37,37,37,37,49,49,49,83,113,215,215,228,228,241,19,36,36,55,83,160,185,60,80,80,104,104,202,202,219,69,85,137,157,191,205,234,288,302,302,321,348,358,358],"floor_reached":50,"campfire_rested":0,"playtime":3043,"current_hp_per_floor":[76,76,76,80,80,80,80,80,80,80,80,80,73,69,69,31,80,69,69,67,67,71,71,68,66,66,71,71,76,76,76,76,80,80,80,80,80,75,80,77,80,80,80,80,80,80,69,75,75],"items_purged":["Strike_R","Strike_R","Strike_R","Defend_R"],"gold":358,"play_id":"6ca730a9-236b-48e8-b430-6e3f173217e7","is_prod":false,"is_daily":false,"campfire_rituals":0,"campfire_upgraded":6,"is_hardmode":false,"path_taken":["BOSS","M","M","$","M","?","R","$","R","T","R","?","?","?","E","R","BOSS","M","?","M","$","?","R","M","E","T","E","?","?","R","?","R","BOSS","M","$","M","?","M","E","M","E","T","M","R","?","E","M","R","BOSS"],"build_version":"2018-01-18-BETA1","purchased_purges":4,"victory":false,"master_deck":["Strike_R","Defend_R","Defend_R","Bash","Iron Wave","Shrug It Off","Seeing Red","Shrug It Off","Double Tap","Shrug It Off","Spot Weakness","True Grit","Body Slam","Rampage","Headbutt","Battle Trance","Limit Break","Sword Boomerang","Twin Strike"],"max_hp_per_floor":[80,80,80,80,80,80,80,80,80,80,80,80,80,80,80,80,80,80,80,80,80,80,80,80,80,80,80,80,80,80,80,80,80,80,80,80,80,80,80,80,80,80,80,80,80,80,80,80,80],"relics":["Burning Blood","Shovel","Bag of Preparation","Shuriken","Tiny Chest","Runic Dome","Oddly Smooth Stone","Self Forming Clay","Thread and Needle","Whetstone","Philosopher\u0027s Stone","Unceasing Top","Orichalcum","Bird Faced Urn","Ancient Tea Set","Matryoshka","Juzu Bracelet"],"campfire_meditates":0,"card_choices":[{"not_picked":["Carnage","Evolve"],"picked":"Iron Wave"},{"not_picked":["Pommel Strike","Armaments"],"picked":"Shrug It Off"},{"not_picked":["Headbutt","Rage"],"picked":"Seeing Red"},{"not_picked":["Dark Embrace","Berserk"],"picked":"Double Tap"},{"not_picked":["Combust","Twin Strike"],"picked":"Shrug It Off"},{"not_picked":["Thunderclap","Wild Strike"],"picked":"Body Slam"},{"not_picked":["Havoc","Sentinel"],"picked":"Rampage"},{"not_picked":["Hemokinesis","Carnage"],"picked":"Headbutt"},{"not_picked":["Anger","Clash"],"picked":"Battle Trance"},{"not_picked":["Havoc","Perfected Strike"],"picked":"Limit Break"},{"not_picked":["Hemokinesis","Warcry"],"picked":"Sword Boomerang"},{"not_picked":["Inflame","Havoc"],"picked":"Twin Strike"}],"player_experience":250729,"potions_floor_usage":[14,24,25,33,42,42,42],"damage_taken":[{"damage":10,"enemies":"Jaw Worm","floor":1,"turns":6},{"damage":6,"enemies":"Blue Slaver","floor":2,"turns":6},{"damage":0,"enemies":"Small Slimes","floor":4,"turns":5},{"damage":4,"enemies":"Red Slaver","floor":11,"turns":5},{"damage":10,"enemies":"Lagavulin","floor":14,"turns":5},{"damage":44,"enemies":"The Guardian","floor":16,"turns":11},{"damage":17,"enemies":"Spheric Guardian","floor":18,"turns":4},{"damage":8,"enemies":"2 Thieves","floor":20,"turns":4},{"damage":2,"enemies":"Centurion and Healer","floor":22,"turns":9},{"damage":9,"enemies":"Sentry and Sphere","floor":24,"turns":7},{"damage":23,"enemies":"Book of Stabbing","floor":25,"turns":7},{"damage":1,"enemies":"Slavers","floor":27,"turns":6},{"damage":1,"enemies":"Snake Plant","floor":29,"turns":3},{"damage":0,"enemies":"Collector","floor":33,"turns":10},{"damage":5,"enemies":"3 Shapes","floor":35,"turns":5},{"damage":4,"enemies":"Flame Bruiser 1 Orb","floor":37,"turns":4},{"damage":11,"enemies":"Mysterious Sphere","floor":38,"turns":4},{"damage":0,"enemies":"Spire Growth","floor":39,"turns":2},{"damage":9,"enemies":"Nemesis","floor":40,"turns":7},{"damage":2,"enemies":"Sphere and 2 Shapes","floor":41,"turns":3},{"damage":5,"enemies":"2 Orb Walkers","floor":42,"turns":4},{"damage":0,"enemies":"4 Shapes","floor":44,"turns":5},{"damage":0,"enemies":"Flame Bruiser 2 Orb","floor":46,"turns":2},{"damage":17,"enemies":"Giant Head","floor":47,"turns":6},{"damage":0,"enemies":"Spire Growth","floor":48,"turns":3},{"damage":79,"enemies":"Time Eater","floor":50,"turns":8}],"event_choices":[{"event_name":"Upgrade Shrine","player_choice":"Upgraded","floor":5,"damage_taken":0},{"event_name":"Golden Wing","player_choice":"Card Removal","floor":13,"damage_taken":0},{"event_name":"Vampires","player_choice":"Ignored","floor":19,"damage_taken":0},{"event_name":"Mysterious Sphere","player_choice":"Fight","floor":38,"damage_taken":0}],"boss_relics":[{"not_picked":["Sozu","Velvet Choker"],"picked":"Runic Dome"},{"not_picked":["Black Blood","Black Star"],"picked":"Philosopher\u0027s Stone"}],"potions_floor_spawned":[1,11,14,18,29,33,37,39,40,46,48],"seed_played":"-8695028149291147068","killed_by":"Time Eater","is_trial":false}