{"path_per_floor":["M","T","?","M","M","R","M","E","T","M","$","M","R","E","R","B",null,"M","?","M","M","?","E","R","$","T","E","R","M","?","?","R","B",null,"M","M","M","?","$","R","M","M","T","?","M","R","M","M","R","B"],"character_chosen":"IRONCLAD","items_purchased":["Uppercut","Shrug It Off","Iron Wave","Shockwave","Shovel"],"gold_per_floor":[12,60,60,80,93,93,109,138,138,150,0,17,17,47,47,147,147,157,157,137,151,179,211,211,64,64,90,90,103,203,203,203,298,298,311,329,343,565,53,53,67,79,79,134,144,144,163,177,177,177],"floor_reached":51,"campfire_rested":1,"playtime":3715,"current_hp_per_floor":[77,77,82,85,85,85,81,31,31,37,37,35,35,13,38,43,85,85,70,65,65,40,20,20,20,20,25,25,31,31,61,61,56,90,90,90,71,71,71,71,81,90,90,90,90,90,90,90,90,38],"items_purged":["Strike_R","Strike_R","Strike_R"],"gold":177,"play_id":"4905f208-2fbb-4476-9e27-4937b43ef709","is_prod":false,"is_daily":false,"campfire_rituals":0,"campfire_upgraded":5,"is_hardmode":false,"path_taken":["M","?","?","M","M","R","M","E","T","M","$","?","R","E","R","BOSS","M","?","?","M","?","E","R","?","T","E","R","M","?","?","R","BOSS","M","?","M","?","$","R","M","M","T","?","M","R","M","M","R","BOSS"],"build_version":"2018-01-17-BETA2","purchased_purges":3,"victory":true,"master_deck":["Defend_R","Defend_R","Defend_R","Defend_R","Bash","Corruption","Evolve","Armaments","Feel No Pain","Pommel Strike","Rampage","Uppercut","Disarm","Berserk","Double Tap","Seeing Red","Metallicize","Infernal Blade","Shrug It Off","Iron Wave","Impervious","Pommel Strike","Clothesline","Body Slam","Iron Wave","Shockwave","Barricade","Sentinel"],"max_hp_per_floor":[80,80,85,85,85,85,85,85,85,85,85,85,85,85,85,85,85,85,90,90,90,90,90,90,90,90,90,90,90,90,90,90,90,90,90,90,90,90,90,90,90,90,90,90,90,90,90,90,90,90],"relics":["Black Blood","Toxic Egg","Ornamental Fan","Paper Frog","Lantern","Mark of Pain","Red Mask","Champion Belt","Gremlin Horn","Gambling Chip","Shovel","Red Skull","Dead Branch","Calipers","Frozen Egg","Ice Cream"],"campfire_meditates":0,"card_choices":[{"not_picked":["Warcry","Perfected Strike"],"picked":"Armaments"},{"not_picked":["Disarm","Battle Trance"],"picked":"Feel No Pain"},{"not_picked":["Heavy Blade","Anger"],"picked":"Pommel Strike"},{"not_picked":["Searing Blow","Perfected Strike"],"picked":"Rampage"},{"not_picked":["Clash","Perfected Strike"],"picked":"Disarm"},{"not_picked":["Offering","Bloodletting"],"picked":"Berserk"},{"not_picked":["Barricade","Fiend Fire"],"picked":"Double Tap"},{"not_picked":["Twin Strike","Thunderclap"],"picked":"Seeing Red"},{"not_picked":["Pommel Strike","Iron Wave"],"picked":"Metallicize"},{"not_picked":["Pommel Strike","Second Wind"],"picked":"Infernal Blade"},{"not_picked":["Hemokinesis","Dropkick"],"picked":"Iron Wave"},{"not_picked":["Immolate","Limit Break"],"picked":"Impervious"},{"not_picked":["Seeing Red","Disarm"],"picked":"Pommel Strike"},{"not_picked":["Sentinel","Shrug It Off"],"picked":"Clothesline"},{"not_picked":["Pommel Strike","Battle Trance"],"picked":"Body Slam"},{"not_picked":["Warcry","Armaments"],"picked":"Barricade"},{"not_picked":["Wild Strike","Reckless Charge"],"picked":"Sentinel"}],"player_experience":243930,"potions_floor_usage":[7,22,33,33,45,50,50],"damage_taken":[{"damage":9,"enemies":"Blue Slaver","floor":1,"turns":4},{"damage":1,"enemies":"Jaw Worm","floor":4,"turns":4},{"damage":0,"enemies":"Small Slimes","floor":5,"turns":5},{"damage":10,"enemies":"Exordium Thugs","floor":7,"turns":6},{"damage":56,"enemies":"Gremlin Nob","floor":8,"turns":6},{"damage":0,"enemies":"Red Slaver","floor":10,"turns":5},{"damage":8,"enemies":"3 Louse","floor":12,"turns":5},{"damage":28,"enemies":"3 Sentries","floor":14,"turns":11},{"damage":1,"enemies":"Hexaghost","floor":16,"turns":10},{"damage":1,"enemies":"Shell Parasite","floor":18,"turns":5},{"damage":11,"enemies":"2 Thieves","floor":20,"turns":4},{"damage":6,"enemies":"Centurion and Healer","floor":21,"turns":7},{"damage":31,"enemies":"Masked Bandits","floor":22,"turns":6},{"damage":26,"enemies":"Gremlin Leader","floor":23,"turns":7},{"damage":1,"enemies":"Book of Stabbing","floor":27,"turns":6},{"damage":0,"enemies":"Chosen and Byrds","floor":29,"turns":8},{"damage":11,"enemies":"Automaton","floor":33,"turns":9},{"damage":0,"enemies":"3 Shapes","floor":35,"turns":6},{"damage":10,"enemies":"Orb Walker","floor":36,"turns":4},{"damage":29,"enemies":"4 Shapes","floor":37,"turns":9},{"damage":0,"enemies":"3 Darklings","floor":41,"turns":5},{"damage":0,"enemies":"Maw","floor":42,"turns":8},{"damage":0,"enemies":"Mysterious Sphere","floor":44,"turns":3},{"damage":0,"enemies":"Flame Bruiser 2 Orb","floor":45,"turns":6},{"damage":0,"enemies":"3 Darklings","floor":47,"turns":3},{"damage":3,"enemies":"Maw","floor":48,"turns":7},{"damage":62,"enemies":"Donu and Deca","floor":50,"turns":7}],"event_choices":[{"event_name":"Big Fish","player_choice":"Donut","floor":3,"damage_taken":0},{"event_name":"Forgotten Altar","player_choice":"Shed Blood","floor":19,"damage_taken":0},{"event_name":"Masked Bandits","player_choice":"Fought over 151 gold","floor":22,"damage_taken":0},{"event_name":"Golden Shrine","player_choice":"Pray","floor":30,"damage_taken":0},{"event_name":"The Library","player_choice":"Heal","floor":31,"damage_taken":0},{"event_name":"Tomb of Lord Red Mask","player_choice":"Wore Mask","floor":38,"damage_taken":0},{"event_name":"Mysterious Sphere","player_choice":"Fight","floor":44,"damage_taken":0}],"boss_relics":[{"not_picked":["Orrery","Runic Pyramid"],"picked":"Mark of Pain"},{"not_picked":["Pandora\u0027s Box","Cursed Key"],"picked":"Black Blood"}],"potions_floor_spawned":[4,8,16,18,20,23,33,42,44,45,47],"seed_played":"4287757182711537743","is_trial":false}