{"path_per_floor":["M","?","M","$","?","R","E","M","T","M","R","M","R","E","R","B",null,"M","T","?","?","M","?","R","E","T","R","E","$","?","M","R","B",null,"M","M","?","M","?","R","M","R","T","$","R","M","M","?","R","B"],"character_chosen":"IRONCLAD","items_purchased":["True Grit","Toxic Egg"],"gold_per_floor":[115,115,127,52,52,52,79,91,117,135,135,153,153,182,182,284,284,301,301,301,226,237,237,237,270,296,296,326,226,226,241,241,343,343,363,381,381,391,391,391,401,401,449,127,127,143,160,160,160,160],"floor_reached":51,"campfire_rested":2,"playtime":2559,"current_hp_per_floor":[80,80,80,80,80,80,80,80,80,80,80,80,80,80,80,24,80,71,71,71,71,74,74,74,76,76,76,23,23,7,21,45,30,82,71,46,46,49,49,49,40,40,40,40,65,71,81,81,81,85],"items_purged":["Defend_R","Strike_R","Cleave"],"gold":160,"play_id":"fba6eaf7-62a5-4d7e-bc9f-99f28907327a","is_prod":false,"is_daily":false,"campfire_rituals":0,"campfire_upgraded":9,"is_hardmode":false,"path_taken":["M","?","M","$","?","R","E","M","T","M","R","M","R","E","R","BOSS","M","?","?","?","?","?","R","E","T","R","E","$","?","M","R","BOSS","M","M","?","M","?","R","?","R","T","$","R","M","M","?","R","BOSS"],"build_version":"2018-01-12-BETA1","purchased_purges":3,"victory":true,"master_deck":["Defend_R","Defend_R","Defend_R","Bash","Shrug It Off","Thunderclap","Flame Barrier","Body Slam","Body Slam","Juggernaut","Clothesline","Demon Form","Shockwave","Impervious","Ghostly Armor","Iron Wave","Twin Strike","Sword Boomerang","True Grit","Feel No Pain"],"max_hp_per_floor":[80,80,80,80,80,80,80,80,80,80,80,80,80,80,80,80,80,80,80,80,80,80,80,80,80,80,80,80,80,80,82,82,82,82,84,84,84,84,84,84,84,84,84,84,84,84,86,86,86,86],"relics":["Burning Blood","NeowsBlessing","Lantern","Blood Vial","White Beast Statue","Nloth\u0027s Gift","Mercury Hourglass","Singing Bowl","Happy Flower","Nilry\u0027s Codex","Runic Dome","Pen Nib","Toxic Egg"],"campfire_meditates":0,"card_choices":[{"not_picked":["Sword Boomerang","Whirlwind"],"picked":"Shrug It Off"},{"not_picked":["Intimidate","Clash"],"picked":"Thunderclap"},{"not_picked":["Barricade","Havoc"],"picked":"Flame Barrier"},{"not_picked":["Cleave","Seeing Red"],"picked":"Body Slam"},{"not_picked":["Heavy Blade","Dual Wield"],"picked":"Cleave"},{"not_picked":["Disarm","Hemokinesis"],"picked":"Body Slam"},{"not_picked":["Intimidate","Armaments"],"picked":"Headbutt"},{"not_picked":["Reaper","Offering"],"picked":"Juggernaut"},{"not_picked":["Blood for Blood","Flex"],"picked":"Clothesline"},{"not_picked":["Body Slam","Brutality"],"picked":"Demon Form"},{"not_picked":["Clash","Warcry"],"picked":"Shockwave"},{"not_picked":["Demon Form","Brutality"],"picked":"Impervious"},{"not_picked":["Dual Wield","Second Wind"],"picked":"Ghostly Armor"},{"not_picked":["Clothesline","Carnage"],"picked":"Iron Wave"},{"not_picked":["Thunderclap","Wild Strike"],"picked":"Sword Boomerang"},{"not_picked":["Feed","Armaments"],"picked":"Feel No Pain"}],"player_experience":198044,"potions_floor_usage":[14,18,25,25,31,31,35,50,50,50],"damage_taken":[{"damage":0,"enemies":"Jaw Worm","floor":1,"turns":1},{"damage":0,"enemies":"2 Louse","floor":3,"turns":1},{"damage":0,"enemies":"Lagavulin","floor":7,"turns":1},{"damage":0,"enemies":"Cultist","floor":8,"turns":3},{"damage":0,"enemies":"2 Fungi Beasts","floor":10,"turns":3},{"damage":0,"enemies":"Lots of Slimes","floor":12,"turns":2},{"damage":0,"enemies":"Gremlin Nob","floor":14,"turns":3},{"damage":62,"enemies":"Slime Boss","floor":16,"turns":14},{"damage":15,"enemies":"Spheric Guardian","floor":18,"turns":4},{"damage":5,"enemies":"3 Byrds","floor":22,"turns":2},{"damage":6,"enemies":"Slavers","floor":25,"turns":5},{"damage":61,"enemies":"Gremlin Leader","floor":28,"turns":8},{"damage":8,"enemies":"Centurion and Healer","floor":31,"turns":7},{"damage":23,"enemies":"Collector","floor":33,"turns":9},{"damage":19,"enemies":"3 Darklings","floor":35,"turns":5},{"damage":33,"enemies":"Flame Bruiser 1 Orb","floor":36,"turns":6},{"damage":5,"enemies":"Spire Growth","floor":38,"turns":4},{"damage":17,"enemies":"3 Darklings","floor":41,"turns":4},{"damage":2,"enemies":"Sphere and 2 Shapes","floor":46,"turns":4},{"damage":0,"enemies":"Maw","floor":47,"turns":7},{"damage":19,"enemies":"Awakened One","floor":50,"turns":8}],"event_choices":[{"event_name":"Living Wall","player_choice":"Forget","floor":2,"damage_taken":0},{"event_name":"Bonfire Elementals","player_choice":"BASIC","floor":5,"damage_taken":0},{"event_name":"Vampires","player_choice":"Ignored","floor":20,"damage_taken":0},{"event_name":"Beggar","player_choice":"Gave Gold","floor":21,"damage_taken":0},{"event_name":"N\u0027loth","player_choice":"Traded a Paper Frog","floor":23,"damage_taken":0},{"event_name":"Cursed Tome","player_choice":"Obtained Book","floor":30,"damage_taken":0},{"event_name":"Transmorgrifier","player_choice":"Transform","floor":39,"damage_taken":0},{"event_name":"Mysterious Sphere","player_choice":"Ignore","floor":48,"damage_taken":0}],"boss_relics":[{"not_picked":["Runic Cube","Tiny House"],"picked":"White Beast Statue"},{"not_picked":["Mark of Pain","Cursed Key"],"picked":"Runic Dome"}],"potions_floor_spawned":[1,8,10,16,18,22,25,28,31,33,35,36,38,41,46,47],"seed_played":"6165384407513768668","is_trial":false}