{"path_per_floor":["M","?","?","M","?","E","R","$","T","$","E","R","$","M","R","B",null,"M","M","M","$","M","R","M","R","T","M","$","R","?","E","R","B",null,"M","M","M","$","M","R","M","R","T","$","M","R","M","M","R","B"],"character_chosen":"IRONCLAD","items_purchased":["Ice Cream","Rampage","Lee\u0027s Waffle"],"gold_per_floor":[149,324,354,366,316,343,343,44,44,44,71,71,33,46,46,146,146,157,175,190,115,127,127,139,139,139,151,51,51,51,83,83,181,181,200,219,235,110,127,127,145,145,225,30,40,40,60,76,76,76],"floor_reached":51,"campfire_rested":4,"playtime":2813,"current_hp_per_floor":[82,82,70,65,65,37,37,37,37,37,43,43,43,43,43,14,85,84,76,76,76,47,47,40,40,40,28,28,28,28,20,45,19,85,65,62,15,15,29,54,37,62,62,92,83,83,71,65,92,19],"items_purged":["Strike_R","Strike_R","Thunderclap"],"gold":76,"play_id":"7288dce6-7c9d-4be5-afe6-3ad9e19c245d","is_prod":false,"is_daily":false,"campfire_rituals":0,"campfire_upgraded":7,"is_hardmode":false,"path_taken":["M","?","?","M","?","E","R","$","T","?","E","R","$","?","R","BOSS","M","M","?","$","M","R","M","R","T","M","$","R","?","E","R","BOSS","M","M","M","$","M","R","?","R","T","$","M","R","M","M","R","BOSS"],"build_version":"2018-01-18-BETA1","purchased_purges":3,"victory":true,"master_deck":["Defend_R","Defend_R","Defend_R","Defend_R","Bash","Twin Strike","True Grit","Headbutt","Spot Weakness","Rampage","Disarm","Double Tap","Flame Barrier","Shockwave","Headbutt","Body Slam","Metallicize","Shrug It Off","Ghostly Armor","Seeing Red","Seeing Red","Clothesline"],"max_hp_per_floor":[85,85,85,85,85,85,85,85,85,85,85,85,85,85,85,85,85,85,85,85,85,85,85,85,85,85,85,85,85,85,85,85,85,85,85,85,85,85,85,85,85,85,85,92,92,92,92,92,92,92],"relics":["Tiny House","Tiny Chest","Prayer Wheel","Ice Cream","Vajra","Pen Nib","Astrolabe","Bag of Marbles","Red Skull","Lizard Tail","Dodecahedron","Lee\u0027s Waffle"],"campfire_meditates":0,"card_choices":[{"not_picked":["Evolve","Sever Soul"],"picked":"Twin Strike"},{"not_picked":["Second Wind","Combust"],"picked":"True Grit"},{"not_picked":["True Grit","Intimidate"],"picked":"Headbutt"},{"not_picked":["True Grit","Dropkick"],"picked":"Spot Weakness"},{"not_picked":["Carnage","Rage"],"picked":"Thunderclap"},{"not_picked":["Flex","Sever Soul"],"picked":"Disarm"},{"not_picked":["Exhume","Dark Embrace"],"picked":"Double Tap"},{"not_picked":["Cleave","Power Through"],"picked":"Body Slam"},{"not_picked":["Headbutt","Perfected Strike"],"picked":"Metallicize"},{"not_picked":["Havoc","Corruption"],"picked":"Shrug It Off"},{"not_picked":["Body Slam","Wild Strike"],"picked":"Ghostly Armor"},{"not_picked":["Flex","Pommel Strike"],"picked":"Seeing Red"},{"not_picked":["Havoc","Armaments"],"picked":"Seeing Red"},{"not_picked":["Perfected Strike","Second Wind"],"picked":"Clothesline"}],"player_experience":253772,"potions_floor_usage":[11,19,20,24,31,31,33,50,50,50],"damage_taken":[{"damage":3,"enemies":"Jaw Worm","floor":1,"turns":4},{"damage":5,"enemies":"2 Louse","floor":4,"turns":4},{"damage":28,"enemies":"Gremlin Nob","floor":6,"turns":4},{"damage":3,"enemies":"Lagavulin","floor":11,"turns":5},{"damage":0,"enemies":"Cultist","floor":14,"turns":2},{"damage":29,"enemies":"The Guardian","floor":16,"turns":8},{"damage":1,"enemies":"Shell Parasite","floor":18,"turns":5},{"damage":8,"enemies":"2 Thieves","floor":19,"turns":3},{"damage":0,"enemies":"Centurion and Healer","floor":20,"turns":4},{"damage":29,"enemies":"3 Cultists","floor":22,"turns":7},{"damage":16,"enemies":"Snake Plant","floor":24,"turns":4},{"damage":12,"enemies":"Snecko","floor":27,"turns":4},{"damage":8,"enemies":"Book of Stabbing","floor":31,"turns":5},{"damage":26,"enemies":"Collector","floor":33,"turns":10},{"damage":20,"enemies":"3 Darklings","floor":35,"turns":9},{"damage":3,"enemies":"3 Shapes","floor":36,"turns":7},{"damage":47,"enemies":"Spire Growth","floor":37,"turns":6},{"damage":28,"enemies":"Maw","floor":39,"turns":8},{"damage":17,"enemies":"3 Darklings","floor":41,"turns":6},{"damage":9,"enemies":"Spire Growth","floor":45,"turns":3},{"damage":12,"enemies":"Sphere and 2 Shapes","floor":47,"turns":7},{"damage":6,"enemies":"3 Darklings","floor":48,"turns":11},{"damage":73,"enemies":"Donu and Deca","floor":50,"turns":13}],"event_choices":[{"event_name":"Liars Game","player_choice":"agreed","floor":2,"damage_taken":0},{"event_name":"Scrap Ooze","player_choice":"success","floor":3,"damage_taken":12},{"event_name":"The Cleric","player_choice":"Card Removal","floor":5,"damage_taken":0},{"event_name":"Back to Basics","player_choice":"Simplicity","floor":30,"damage_taken":0}],"boss_relics":[{"not_picked":["Pandora\u0027s Box","Runic Cube"],"picked":"Astrolabe"},{"not_picked":["Calling Bell","Orrery"],"picked":"Lizard Tail"}],"potions_floor_spawned":[1,4,11,19,24,27,31,36,45,48],"seed_played":"4672401535486493640","is_trial":false}