{"path_per_floor":["M","M","$","?","M","R","E","R","T","E","M","R","M","?","R","B",null,"M","M","?","M","M","R","E","R","T","?","R","E","$","E","R","B",null,"M","?","$","M","M","R","E","R","T","R","$","?","M","?","R","B"],"character_chosen":"IRONCLAD","items_purchased":["Anchor","Torii"],"gold_per_floor":[119,129,54,54,68,68,93,93,93,127,147,147,163,163,163,293,293,313,328,328,348,361,361,401,401,471,471,471,514,84,115,115,241,241,259,259,159,179,199,199,235,235,284,284,164,0,23,356,356,356],"floor_reached":51,"campfire_rested":0,"playtime":3536,"current_hp_per_floor":[80,80,80,64,69,69,47,47,47,55,63,63,69,48,48,11,84,86,86,86,88,90,90,92,92,92,92,92,92,92,94,94,9,96,98,98,98,98,98,98,98,98,98,98,98,98,96,96,96,100],"items_purged":["Strike_R","Strike_R","Defend_R","Strike_R"],"gold":356,"play_id":"7f05d889-1ac1-430b-befc-681278ab873a","is_prod":false,"is_daily":false,"is_ascension_mode":true,"campfire_upgraded":12,"path_taken":["M","M","$","?","M","R","E","R","T","E","M","R","M","?","R","BOSS","M","M","?","M","M","R","E","R","T","?","R","E","$","E","R","BOSS","M","?","$","M","M","R","E","R","T","R","$","?","M","?","R","BOSS"],"build_version":"2018-02-02-BETA1","purchased_purges":5,"victory":true,"master_deck":["Defend_R","Defend_R+1","Bash","Armaments+1","Searing Blow+12","Shrug It Off","Offering","Armaments+1","Ghostly Armor+1","Thunderclap","Headbutt+1","Offering","True Grit+1"],"max_hp_per_floor":[80,80,80,80,80,80,80,80,80,82,84,84,84,84,84,84,84,86,86,86,88,90,90,92,92,92,92,92,92,92,94,94,96,96,98,98,98,98,98,98,100,100,100,100,100,100,100,100,100,100],"relics":["Burning Blood","Bag of Marbles","Thread and Needle","Singing Bowl","Sozu","Oddly Smooth Stone","The Courier","Regal Pillow","Anchor","Torii","Omamori","Cursed Key","Mercury Hourglass","War Paint","Red Mask"],"card_choices":[{"not_picked":["Clothesline","Thunderclap"],"picked":"Armaments"},{"not_picked":["Warcry","Perfected Strike"],"picked":"Searing Blow"},{"not_picked":["Wild Strike","Rupture"],"picked":"Shrug It Off"},{"not_picked":["Demon Form","Exhume"],"picked":"Offering"},{"not_picked":["Iron Wave","Battle Trance"],"picked":"Armaments"},{"not_picked":["Burning Pact","Clash"],"picked":"Thunderclap"},{"not_picked":["Dual Wield","Thunderclap"],"picked":"Headbutt"},{"not_picked":["Clothesline","Second Wind"],"picked":"Offering"},{"not_picked":["Armaments","Havoc"],"picked":"True Grit"}],"player_experience":407595,"potions_floor_usage":[7,10],"damage_taken":[{"damage":1,"enemies":"Cultist","floor":1,"turns":3},{"damage":0,"enemies":"2 Louse","floor":2,"turns":3},{"damage":1,"enemies":"Jaw Worm","floor":5,"turns":3},{"damage":28,"enemies":"Lagavulin","floor":7,"turns":5},{"damage":0,"enemies":"3 Sentries","floor":10,"turns":7},{"damage":0,"enemies":"2 Fungi Beasts","floor":11,"turns":3},{"damage":0,"enemies":"Large Slime","floor":13,"turns":3},{"damage":43,"enemies":"The Guardian","floor":16,"turns":9},{"damage":4,"enemies":"3 Byrds","floor":18,"turns":4},{"damage":4,"enemies":"Shell Parasite","floor":19,"turns":1},{"damage":4,"enemies":"Snecko","floor":21,"turns":3},{"damage":4,"enemies":"Chosen and Byrds","floor":22,"turns":5},{"damage":4,"enemies":"Book of Stabbing","floor":24,"turns":4},{"damage":4,"enemies":"Slavers","floor":29,"turns":4},{"damage":4,"enemies":"Book of Stabbing","floor":31,"turns":3},{"damage":93,"enemies":"Champ","floor":33,"turns":9},{"damage":0,"enemies":"Flame Bruiser 1 Orb","floor":35,"turns":2},{"damage":5,"enemies":"3 Darklings","floor":38,"turns":5},{"damage":4,"enemies":"Sphere and 2 Shapes","floor":39,"turns":3},{"damage":8,"enemies":"Giant Head","floor":41,"turns":4},{"damage":8,"enemies":"Maw","floor":47,"turns":2},{"damage":0,"enemies":"Time Eater","floor":50,"turns":2}],"event_choices":[{"event_name":"Shining Light","player_choice":"Entered Light","floor":4,"damage_taken":0},{"event_name":"Golden Idol","player_choice":"Take Damage","floor":14,"damage_taken":0},{"event_name":"The Library","player_choice":"Read","floor":20,"damage_taken":0},{"event_name":"Bonfire Elementals","player_choice":"BASIC","floor":27,"damage_taken":0},{"event_name":"Tomb of Lord Red Mask","player_choice":"Paid","floor":46,"damage_taken":0},{"event_name":"The Moai Head","player_choice":"Gave Idol","floor":48,"damage_taken":0}],"boss_relics":[{"not_picked":["Black Blood","Tiny House"],"picked":"Sozu"},{"not_picked":["Orrery","Runic Dome"],"picked":"Cursed Key"}],"potions_floor_spawned":[5,7,10,16,21,29,38,39],"seed_played":"2710383170340833506","ascension_level":1,"is_trial":false}