{"path_per_floor":["M","M","M","M","$","R","M","M","T","R","?","M","?","M","R","B",null,"M","M","$","M","M","R","?","R","T","?","R","M","R","M","R","B",null,"M","?","M","M","?","R","E","M","T"],"character_chosen":"IRONCLAD","items_purchased":["Vajra"],"gold_per_floor":[113,129,147,159,10,10,21,37,37,37,37,51,115,129,129,229,229,246,262,187,198,218,218,143,143,143,143,143,153,153,163,163,259,259,270,323,336,356,356,356,388,404,486],"floor_reached":44,"campfire_rested":0,"playtime":3250,"current_hp_per_floor":[46,52,57,63,63,63,66,66,66,66,66,71,76,80,80,40,80,77,76,76,67,72,72,72,72,72,72,72,78,78,80,80,58,80,80,68,67,81,81,81,35,43,43],"items_purged":["Strike_R"],"gold":486,"score":425,"play_id":"770d506c-ae92-46d5-8327-30d4877f05e2","is_prod":false,"is_daily":false,"is_ascension_mode":true,"campfire_upgraded":9,"path_taken":["M","M","M","M","$","R","M","M","T","R","?","M","?","?","R","BOSS","M","M","$","M","?","R","?","R","T","?","R","M","R","M","R","BOSS","M","?","M","M","?","R","E","?","T","M"],"build_version":"2018-02-05-BETA1","purchased_purges":1,"victory":false,"master_deck":["Strike_R+1","Strike_R+1","Defend_R","Defend_R","Defend_R","Defend_R","Bash+1","Cleave","Body Slam+1","Armaments+1","Pummel","Seeing Red+1","Whirlwind+1","Impervious","Evolve+1","Pommel Strike+1","Thunderclap+1","Demon Form+1","Shrug It Off+1","Feed","True Grit+1","Uppercut"],"max_hp_per_floor":[80,80,80,80,80,80,80,80,80,80,80,80,80,80,80,80,80,80,80,80,80,80,80,80,80,80,80,80,80,80,80,80,80,80,80,83,83,87,87,87,87,87,87],"relics":["Burning Blood","Thread and Needle","Vajra","Bird Faced Urn","Whetstone","Mark of Pain","Red Skull","Sozu","Shovel","Gambling Chip","Mummified Hand"],"card_choices":[{"not_picked":["Dropkick","Immolate"],"picked":"Cleave"},{"not_picked":["Clash","Wild Strike"],"picked":"Body Slam"},{"not_picked":["Flex","Uppercut"],"picked":"Armaments"},{"not_picked":["Sever Soul","Blood for Blood"],"picked":"Pummel"},{"not_picked":["Searing Blow","Body Slam"],"picked":"Seeing Red"},{"not_picked":["Wild Strike","Havoc"],"picked":"Whirlwind"},{"not_picked":["Juggernaut","Brutality"],"picked":"Impervious"},{"not_picked":["Clothesline","Warcry"],"picked":"Evolve"},{"not_picked":["Evolve","Heavy Blade"],"picked":"Pommel Strike"},{"not_picked":["Power Through","Sword Boomerang"],"picked":"Thunderclap"},{"not_picked":["Rupture","Havoc"],"picked":"Demon Form"},{"not_picked":["Pommel Strike","Warcry"],"picked":"Shrug It Off"},{"not_picked":["Limit Break","Berserk"],"picked":"Feed"},{"not_picked":["Berserk","Uppercut"],"picked":"True Grit"},{"not_picked":["Clothesline","Body Slam"],"picked":"Uppercut"}],"player_experience":417999,"potions_floor_usage":[4,13,13,16,16,18,33],"damage_taken":[{"damage":0,"enemies":"Jaw Worm","floor":1,"turns":3},{"damage":0,"enemies":"2 Louse","floor":2,"turns":4},{"damage":1,"enemies":"Cultist","floor":3,"turns":3},{"damage":0,"enemies":"Gremlin Gang","floor":4,"turns":3},{"damage":3,"enemies":"3 Louse","floor":7,"turns":3},{"damage":6,"enemies":"Exordium Thugs","floor":8,"turns":5},{"damage":1,"enemies":"Looter","floor":12,"turns":3},{"damage":1,"enemies":"Lagavulin Event","floor":13,"turns":5},{"damage":2,"enemies":"Exordium Wildlife","floor":14,"turns":4},{"damage":46,"enemies":"Hexaghost","floor":16,"turns":8},{"damage":9,"enemies":"2 Thieves","floor":18,"turns":3},{"damage":7,"enemies":"Chosen","floor":19,"turns":3},{"damage":17,"enemies":"Snecko","floor":21,"turns":4},{"damage":3,"enemies":"Cultist and Chosen","floor":22,"turns":5},{"damage":0,"enemies":"3 Cultists","floor":29,"turns":4},{"damage":0,"enemies":"Snecko","floor":31,"turns":3},{"damage":28,"enemies":"Automaton","floor":33,"turns":7},{"damage":4,"enemies":"3 Darklings","floor":35,"turns":3},{"damage":23,"enemies":"Mysterious Sphere","floor":36,"turns":6},{"damage":11,"enemies":"Orb Walker","floor":37,"turns":4},{"damage":0,"enemies":"Maw","floor":38,"turns":7},{"damage":56,"enemies":"Nemesis","floor":41,"turns":7},{"damage":0,"enemies":"Spire Growth","floor":42,"turns":4},{"damage":49,"enemies":"3 Darklings","floor":44,"turns":4}],"event_choices":[{"event_name":"Liars Game","player_choice":"disagreed","floor":11,"damage_taken":0},{"event_name":"Dead Adventurer","player_choice":"Searched \u00271\u0027 times","floor":13,"damage_taken":0},{"event_name":"Beggar","player_choice":"Gave Gold","floor":24,"damage_taken":0},{"event_name":"Bonfire Elementals","player_choice":"BASIC","floor":27,"damage_taken":0},{"event_name":"Mysterious Sphere","player_choice":"Fight","floor":36,"damage_taken":0},{"event_name":"Tomb of Lord Red Mask","player_choice":"Ignored","floor":39,"damage_taken":0}],"boss_relics":[{"not_picked":["Snecko Eye","Runic Cube"],"picked":"Mark of Pain"},{"not_picked":["Astrolabe","Black Blood"],"picked":"Sozu"}],"potions_floor_spawned":[1,8,12,13,13,16,18,21,31,33,35,37,38],"seed_played":"1613349910543432877","killed_by":"3 Darklings","ascension_level":2,"is_trial":false}