{"path_per_floor":["M","M","$","?","M","R","E","M","T","M","R","?","M","E","R","B",null,"M","$","?","M","M","E","R","M","T","R","E","?","E","?","R"],"character_chosen":"IRONCLAD","items_purchased":["Lantern"],"gold_per_floor":[119,136,61,61,77,77,106,121,121,133,133,208,222,257,257,355,355,369,121,121,137,147,175,175,194,220,220,250,250,275,375,375],"floor_reached":33,"campfire_rested":1,"playtime":3875,"current_hp_per_floor":[72,72,72,77,77,77,69,67,67,72,72,61,62,43,43,23,77,77,77,77,77,77,71,71,71,71,71,57,57,15,15,38],"items_purged":["Defend_R","Havoc"],"gold":375,"play_id":"ad78f8be-bac4-4e8d-b3d1-e5511fb86be8","is_prod":false,"is_daily":false,"is_ascension_mode":true,"campfire_upgraded":5,"path_taken":["M","M","$","?","M","R","E","M","T","M","R","?","M","E","R","BOSS","M","$","?","M","M","E","R","M","T","R","E","?","E","?","R","BOSS"],"build_version":"2018-02-02-BETA1","purchased_purges":2,"victory":false,"master_deck":["Bash","Warcry+1","Searing Blow+5","Whirlwind","Inflame","Iron Wave","Pommel Strike","Offering+1","Armaments","Thunderclap","Pommel Strike","Iron Wave","Sentinel","Sentinel+1","Flame Barrier"],"max_hp_per_floor":[72,72,72,77,77,77,77,77,77,77,77,77,77,77,77,77,77,77,77,77,77,77,77,77,77,77,77,77,77,77,77,77],"relics":["Burning Blood","Juzu Bracelet","Bag of Preparation","Orichalcum","Pandora\u0027s Box","Lantern","War Paint","Dream Catcher","Magic Flower","Smiling Mask"],"card_choices":[{"not_picked":["Anger","Wild Strike"],"picked":"Warcry"},{"not_picked":["Perfected Strike","Juggernaut"],"picked":"Searing Blow"},{"not_picked":["Havoc","Twin Strike"],"picked":"Whirlwind"},{"not_picked":["Perfected Strike","Warcry"],"picked":"Inflame"},{"not_picked":["Uppercut","Body Slam"],"picked":"Iron Wave"},{"not_picked":["Perfected Strike","Bloodletting"],"picked":"Pommel Strike"},{"not_picked":["Berserk","Demon Form"],"picked":"Offering"},{"not_picked":["Searing Blow","Twin Strike"],"picked":"Sentinel"},{"not_picked":["Anger","Reckless Charge"],"picked":"Flame Barrier"}],"player_experience":400010,"potions_floor_usage":[7,23,33,33],"damage_taken":[{"damage":2,"enemies":"2 Louse","floor":1,"turns":3},{"damage":3,"enemies":"Jaw Worm","floor":2,"turns":5},{"damage":5,"enemies":"Cultist","floor":5,"turns":4},{"damage":14,"enemies":"Gremlin Nob","floor":7,"turns":3},{"damage":8,"enemies":"Red Slaver","floor":8,"turns":4},{"damage":1,"enemies":"Exordium Wildlife","floor":10,"turns":4},{"damage":5,"enemies":"Looter","floor":13,"turns":3},{"damage":25,"enemies":"3 Sentries","floor":14,"turns":7},{"damage":26,"enemies":"Slime Boss","floor":16,"turns":11},{"damage":4,"enemies":"3 Byrds","floor":18,"turns":4},{"damage":4,"enemies":"Chosen","floor":21,"turns":3},{"damage":6,"enemies":"3 Cultists","floor":22,"turns":5},{"damage":12,"enemies":"Gremlin Leader","floor":23,"turns":5},{"damage":6,"enemies":"Slaver and Parasite","floor":25,"turns":7},{"damage":20,"enemies":"Slavers","floor":28,"turns":4},{"damage":51,"enemies":"Gremlin Leader","floor":30,"turns":7},{"damage":53,"enemies":"Collector","floor":33,"turns":7}],"event_choices":[{"event_name":"Big Fish","player_choice":"Donut","floor":4,"damage_taken":0},{"event_name":"World of Goop","player_choice":"Gather Gold","floor":12,"damage_taken":0},{"event_name":"The Mausoleum","player_choice":"No","floor":20,"damage_taken":0},{"event_name":"The Lab","player_choice":"Got Potions","floor":29,"damage_taken":0},{"event_name":"Golden Shrine","player_choice":"Pray","floor":31,"damage_taken":0}],"boss_relics":[{"not_picked":["Runic Pyramid","Runic Cube"],"picked":"Pandora\u0027s Box"}],"potions_floor_spawned":[1,2,10,14,21,22,23,30],"seed_played":"-400097658846535686","killed_by":"Collector","ascension_level":1,"is_trial":false}