{"path_per_floor":["M","M","$","M","M","R","E","R","T","M","R","?","?","M","R","B",null,"M","M","$","?","?","R","T","R","T","M","?","M","T","M","R","B",null,"M","?","?","M","?","M","M","$","T","?","E","$","M","M","R","B"],"character_chosen":"IRONCLAD","items_purchased":["Shrug It Off","Happy Flower","Gremlin Horn","Heavy Blade","Panache","Apotheosis"],"gold_per_floor":[366,384,105,124,138,138,169,169,240,259,259,259,259,270,270,372,372,386,399,45,45,225,225,525,525,552,563,563,577,577,597,597,695,695,712,712,712,722,769,781,794,442,465,465,490,134,147,166,166,166],"floor_reached":51,"campfire_rested":1,"playtime":3219,"current_hp_per_floor":[41,47,47,49,48,48,52,52,52,58,58,58,63,69,69,68,85,85,85,85,85,61,61,61,61,61,39,24,28,28,24,66,41,90,87,77,77,83,84,86,90,90,90,90,74,74,81,85,85,58],"items_purged":["Strike_R","Strike_R","Strike_R","Defend_R"],"gold":166,"score":601,"play_id":"74a1c896-a7cd-484f-bb01-0d22fdb354ae","is_prod":false,"is_daily":false,"is_ascension_mode":true,"campfire_upgraded":7,"path_taken":["M","M","$","M","M","R","E","R","T","M","R","?","?","M","R","BOSS","M","M","$","?","?","R","?","R","T","?","?","?","?","M","R","BOSS","M","?","?","M","?","M","M","$","T","?","E","$","?","M","R","BOSS"],"build_version":"2018-02-05-BETA1","purchased_purges":4,"victory":true,"master_deck":["Defend_R","Defend_R","Bash","Cleave","Flame Barrier+1","Shrug It Off+1","Pommel Strike","Shrug It Off+1","True Grit+1","Iron Wave+1","Offering","Sword Boomerang+1","Shrug It Off+1","Spot Weakness+1","Flame Barrier","Clothesline","Ghostly Armor+1","Intimidate+1","Rupture+1","Battle Trance+1","Madness+1","Madness+1","Metallicize+1","Entrench+1","Heavy Blade","Panache+1","Apotheosis+1","Body Slam"],"max_hp_per_floor":[80,80,80,80,80,80,80,80,80,80,80,80,85,85,85,85,85,85,85,85,85,85,85,85,85,85,85,90,90,90,90,90,90,90,90,90,90,90,90,90,90,90,90,90,90,90,90,90,90,90],"relics":["Burning Blood","Happy Flower","Prayer Wheel","Letter Opener","Sozu","Gremlin Horn","Old Coin","Regal Pillow","Toxic Egg 2","Astrolabe","Thread and Needle","Blood Vial","Meat on the Bone"],"card_choices":[{"not_picked":["Blood for Blood","Anger"],"picked":"Cleave"},{"not_picked":["Iron Wave","Havoc"],"picked":"Flame Barrier"},{"not_picked":["Uppercut","Thunderclap"],"picked":"Pommel Strike"},{"not_picked":["Heavy Blade","Seeing Red"],"picked":"Shrug It Off"},{"not_picked":["Iron Wave","Double Tap"],"picked":"True Grit"},{"not_picked":["Heavy Blade","Sentinel"],"picked":"Iron Wave"},{"not_picked":["Bludgeon","Double Tap"],"picked":"Offering"},{"not_picked":["Sentinel","Rupture"],"picked":"Sword Boomerang"},{"not_picked":["Warcry","Twin Strike"],"picked":"Shrug It Off"},{"not_picked":["Combust","Perfected Strike"],"picked":"Spot Weakness"},{"not_picked":["Searing Blow","Havoc"],"picked":"Flame Barrier"},{"not_picked":["Juggernaut","Dropkick"],"picked":"Clothesline"},{"not_picked":["Sword Boomerang","Intimidate"],"picked":"Battle Trance"},{"not_picked":["Blood for Blood","Uppercut"],"picked":"Metallicize"},{"not_picked":["Armaments","Corruption"],"picked":"Entrench"},{"not_picked":["Flex","Entrench"],"picked":"Body Slam"}],"player_experience":426519,"potions_floor_usage":[7,7,16],"damage_taken":[{"damage":5,"enemies":"Small Slimes","floor":1,"turns":3},{"damage":0,"enemies":"2 Louse","floor":2,"turns":2},{"damage":4,"enemies":"Blue Slaver","floor":4,"turns":4},{"damage":7,"enemies":"Exordium Wildlife","floor":5,"turns":3},{"damage":2,"enemies":"Gremlin Nob","floor":7,"turns":3},{"damage":0,"enemies":"2 Fungi Beasts","floor":10,"turns":3},{"damage":0,"enemies":"Red Slaver","floor":14,"turns":4},{"damage":7,"enemies":"The Guardian","floor":16,"turns":16},{"damage":4,"enemies":"Chosen","floor":18,"turns":5},{"damage":4,"enemies":"3 Byrds","floor":19,"turns":1},{"damage":28,"enemies":"Snake Plant","floor":27,"turns":3},{"damage":2,"enemies":"3 Cultists","floor":29,"turns":4},{"damage":10,"enemies":"Centurion and Healer","floor":31,"turns":5},{"damage":31,"enemies":"Automaton","floor":33,"turns":11},{"damage":9,"enemies":"3 Darklings","floor":35,"turns":4},{"damage":0,"enemies":"3 Shapes","floor":38,"turns":4},{"damage":5,"enemies":"Mysterious Sphere","floor":39,"turns":6},{"damage":4,"enemies":"Maw","floor":40,"turns":8},{"damage":0,"enemies":"Flame Bruiser 2 Orb","floor":41,"turns":7},{"damage":22,"enemies":"2 Orb Walkers","floor":45,"turns":6},{"damage":1,"enemies":"3 Darklings","floor":47,"turns":4},{"damage":4,"enemies":"Sphere and 2 Shapes","floor":48,"turns":5},{"damage":47,"enemies":"Donu and Deca","floor":50,"turns":11}],"event_choices":[{"event_name":"Liars Game","player_choice":"disagreed","floor":12,"damage_taken":0},{"event_name":"Big Fish","player_choice":"Donut","floor":13,"damage_taken":0},{"event_name":"Addict","player_choice":"Ignored","floor":21,"damage_taken":0},{"event_name":"Knowing Skull","player_choice":"GOLD GOLD ","floor":22,"damage_taken":0},{"event_name":"Forgotten Altar","player_choice":"Shed Blood","floor":28,"damage_taken":0},{"event_name":"Winding Halls","player_choice":"Embrace Madness","floor":36,"damage_taken":0},{"event_name":"Match and Keep!","player_choice":"0 cards matched","floor":37,"damage_taken":0},{"event_name":"Mysterious Sphere","player_choice":"Fight","floor":39,"damage_taken":0},{"event_name":"Tomb of Lord Red Mask","player_choice":"Ignored","floor":44,"damage_taken":0}],"boss_relics":[{"not_picked":["Black Blood","Cursed Key"],"picked":"Sozu"},{"not_picked":["Orrery","Question Card"],"picked":"Astrolabe"}],"potions_floor_spawned":[2,5,7,14,16,19,27,35,39,45,48],"seed_played":"4004017740696364692","ascension_level":3,"is_trial":false}