{"path_per_floor":["M","?","M","M","?","R","M","R","T","M","R","?","R","M","R","B",null,"M","M","M","?","?","R","$","R","T","M","R","M","R","M","R"],"character_chosen":"IRONCLAD","items_purchased":["Block Potion"],"gold_per_floor":[13,13,31,49,49,49,65,65,119,132,132,82,82,92,92,188,188,201,212,224,149,64,64,15,15,15,28,28,41,41,61,61],"floor_reached":33,"campfire_rested":2,"playtime":1526,"current_hp_per_floor":[80,64,69,75,80,80,85,85,85,85,85,85,85,85,85,62,85,73,47,36,36,36,36,36,36,36,42,42,27,52,29,54],"items_purged":[],"gold":61,"score":275,"play_id":"a45aa689-3a7b-4c66-b9ca-35d24682ef9f","is_prod":false,"is_daily":false,"is_ascension_mode":true,"campfire_upgraded":8,"path_taken":["M","?","M","M","?","R","M","R","T","M","R","?","R","M","R","BOSS","M","M","?","?","?","R","$","R","T","M","R","?","R","M","R","BOSS"],"build_version":"2018-02-05-BETA1","purchased_purges":0,"victory":false,"master_deck":["Strike_R","Strike_R","Strike_R+1","Defend_R","Defend_R","Defend_R","Defend_R+1","Bash+1","Flame Barrier+1","Twin Strike+1","Evolve+1","Flame Barrier+1","Twin Strike+1","Cleave+1","Bludgeon+1","Thunderclap+1","Iron Wave+1","Wild Strike+1"],"max_hp_per_floor":[80,80,80,80,85,85,85,85,85,85,85,85,85,85,85,85,85,85,85,85,85,85,85,85,85,85,85,85,85,85,85,85],"relics":["Burning Blood","Du-Vu Doll","Lantern","Philosopher\u0027s Stone","Letter Opener","Omamori"],"card_choices":[{"not_picked":["Havoc","Limit Break"],"picked":"Flame Barrier"},{"not_picked":["Pummel","Sever Soul"],"picked":"Twin Strike"},{"not_picked":["Sword Boomerang","Wild Strike"],"picked":"Evolve"},{"not_picked":["Heavy Blade","Dual Wield"],"picked":"Flame Barrier"},{"not_picked":["Flame Barrier","Heavy Blade"],"picked":"Twin Strike"},{"not_picked":["Flame Barrier","Clash"],"picked":"Cleave"},{"not_picked":["Exhume","Limit Break"],"picked":"Bludgeon"},{"not_picked":["Sword Boomerang","True Grit"],"picked":"Thunderclap"},{"not_picked":["Battle Trance","Bloodletting"],"picked":"Iron Wave"},{"not_picked":["Anger","Uppercut"],"picked":"Wild Strike"}],"player_experience":424993,"potions_floor_usage":[7,16,16,20,29],"damage_taken":[{"damage":5,"enemies":"Small Slimes","floor":1,"turns":3},{"damage":1,"enemies":"Cultist","floor":3,"turns":3},{"damage":0,"enemies":"Jaw Worm","floor":4,"turns":4},{"damage":0,"enemies":"Gremlin Gang","floor":7,"turns":4},{"damage":6,"enemies":"3 Louse","floor":10,"turns":3},{"damage":1,"enemies":"Exordium Thugs","floor":14,"turns":4},{"damage":29,"enemies":"Slime Boss","floor":16,"turns":8},{"damage":18,"enemies":"Shell Parasite","floor":18,"turns":6},{"damage":32,"enemies":"2 Thieves","floor":19,"turns":4},{"damage":17,"enemies":"Snake Plant","floor":20,"turns":3},{"damage":0,"enemies":"3 Cultists","floor":27,"turns":4},{"damage":21,"enemies":"Cultist and Chosen","floor":29,"turns":6},{"damage":29,"enemies":"Chosen and Byrds","floor":31,"turns":5},{"damage":55,"enemies":"Automaton","floor":33,"turns":8}],"event_choices":[{"event_name":"Shining Light","player_choice":"Entered Light","floor":2,"damage_taken":0},{"event_name":"Big Fish","player_choice":"Donut","floor":5,"damage_taken":0},{"event_name":"The Cleric","player_choice":"Card Removal","floor":12,"damage_taken":0},{"event_name":"Beggar","player_choice":"Gave Gold","floor":21,"damage_taken":0},{"event_name":"Addict","player_choice":"Obtained Relic","floor":22,"damage_taken":0}],"boss_relics":[{"not_picked":["Pandora\u0027s Box","Lizard Tail"],"picked":"Philosopher\u0027s Stone"}],"potions_floor_spawned":[3,7,14,18,27],"seed_played":"-1166484531349454492","killed_by":"Automaton","ascension_level":3,"is_trial":false}