{"path_per_floor":["M","M","?","?","?","R","E","M","T","R","$","M","M","?","R","B",null,"M","M","$","?","?","M","R","?","T","E","R","?","M","M","R","B",null,"M","$","?","?","M","R","M","R","T","M","R","M","$","M","R"],"character_chosen":"IRONCLAD","items_purchased":["Metallicize","Offering","War Paint"],"gold_per_floor":[20,33,33,33,33,33,72,91,117,117,4,22,38,38,38,162,162,187,207,61,61,61,74,74,74,98,138,138,138,162,183,183,312,312,331,231,231,231,244,244,262,262,262,283,283,304,28,42,42],"floor_reached":50,"campfire_rested":2,"playtime":2446,"current_hp_per_floor":[77,75,75,74,74,74,41,47,47,47,47,50,55,48,48,54,74,74,74,74,74,74,74,74,74,74,58,58,58,60,62,62,64,81,81,81,71,71,58,58,60,60,60,34,58,20,20,26,50],"items_purged":["Defend_R","Strike_R","Doubt"],"gold":42,"score":462,"play_id":"d94946dc-43c1-482a-b381-19632706a902","is_prod":false,"is_daily":false,"is_ascension_mode":false,"campfire_upgraded":8,"path_taken":["M","M","?","?","?","R","E","M","T","R","$","M","M","?","R","BOSS","M","M","$","?","?","M","R","?","T","E","R","?","M","?","R","BOSS","M","$","?","?","M","R","M","R","T","M","R","M","$","M","R","BOSS"],"build_version":"2018-02-08-BETA1","purchased_purges":3,"victory":false,"master_deck":["Strike_R+1","Strike_R+1","Defend_R","Bash+1","Shrug It Off+1","Shrug It Off+1","Barricade+1","Metallicize+1","Entrench+1","Demon Form+1","Offering+1","Armaments+1","Twin Strike","Madness+1","Madness+1","Sword Boomerang+1","Flame Barrier","Body Slam"],"max_hp_per_floor":[80,80,80,74,74,74,74,74,74,74,74,74,74,74,74,74,74,74,74,74,74,74,74,74,74,74,84,84,81,81,81,81,81,81,81,81,81,81,81,81,81,81,81,81,81,81,81,81,81],"relics":["Burning Blood","Golden Idol","Whetstone","Cursed Key","Nloth\u0027s Gift","Bronze Scales","Pear","Sozu","Toolbox","War Paint"],"card_choices":[{"not_picked":["Cleave","Sentinel"],"picked":"Shrug It Off"},{"not_picked":["Pommel Strike","Havoc"],"picked":"Shrug It Off"},{"not_picked":["Power Through","Clash"],"picked":"Barricade"},{"not_picked":["Reckless Charge","True Grit"],"picked":"Entrench"},{"not_picked":["Bludgeon","Impervious"],"picked":"Demon Form"},{"not_picked":["Barricade","Wild Strike"],"picked":"Armaments"},{"not_picked":["Fiend Fire","Cleave"],"picked":"Twin Strike"},{"not_picked":["Shockwave","Fire Breathing"],"picked":"Sword Boomerang"},{"not_picked":["Havoc","Pummel"],"picked":"Flame Barrier"},{"not_picked":["Second Wind","Clothesline"],"picked":"Body Slam"}],"player_experience":542541,"potions_floor_usage":[7,16,27,27],"damage_taken":[{"damage":9,"enemies":"Jaw Worm","floor":1,"turns":5},{"damage":8,"enemies":"Blue Slaver","floor":2,"turns":6},{"damage":39,"enemies":"3 Sentries","floor":7,"turns":14},{"damage":0,"enemies":"2 Louse","floor":8,"turns":3},{"damage":3,"enemies":"Large Slime","floor":12,"turns":9},{"damage":1,"enemies":"3 Louse","floor":13,"turns":5},{"damage":0,"enemies":"The Guardian","floor":16,"turns":15},{"damage":3,"enemies":"Chosen","floor":18,"turns":6},{"damage":2,"enemies":"Shell Parasite","floor":19,"turns":7},{"damage":4,"enemies":"Centurion and Healer","floor":23,"turns":8},{"damage":32,"enemies":"Slavers","floor":27,"turns":8},{"damage":4,"enemies":"Snecko","floor":30,"turns":4},{"damage":4,"enemies":"3 Cultists","floor":31,"turns":6},{"damage":4,"enemies":"Champ","floor":33,"turns":10},{"damage":6,"enemies":"3 Darklings","floor":35,"turns":5},{"damage":19,"enemies":"Flame Bruiser 1 Orb","floor":39,"turns":5},{"damage":4,"enemies":"Maw","floor":41,"turns":6},{"damage":32,"enemies":"Sphere and 2 Shapes","floor":44,"turns":5},{"damage":44,"enemies":"Flame Bruiser 2 Orb","floor":46,"turns":8},{"damage":4,"enemies":"Maw","floor":48,"turns":6},{"damage":57,"enemies":"Awakened One","floor":50,"turns":5}],"event_choices":[{"event_name":"Liars Game","player_choice":"disagreed","floor":3,"damage_taken":0},{"event_name":"Golden Idol","player_choice":"Lose Max HP","floor":4,"damage_taken":0},{"event_name":"The Cleric","player_choice":"Leave","floor":5,"damage_taken":0},{"event_name":"Golden Wing","player_choice":"Card Removal","floor":14,"damage_taken":0},{"event_name":"Beggar","player_choice":"Ignored","floor":21,"damage_taken":0},{"event_name":"Bonfire Elementals","player_choice":"BASIC","floor":22,"damage_taken":0},{"event_name":"N\u0027loth","player_choice":"Traded a Regal Pillow","floor":25,"damage_taken":0},{"event_name":"Back to Basics","player_choice":"Elegance","floor":29,"damage_taken":0},{"event_name":"Winding Halls","player_choice":"Embrace Madness","floor":37,"damage_taken":0},{"event_name":"Tomb of Lord Red Mask","player_choice":"Ignored","floor":38,"damage_taken":0}],"boss_relics":[{"not_picked":["Eternal Feather","Orrery"],"picked":"Cursed Key"},{"not_picked":["Black Blood","Philosopher\u0027s Stone"],"picked":"Sozu"}],"potions_floor_spawned":[1,7,13,16,18,31,33,35,39,46],"seed_played":"8618825791736929102","killed_by":"Awakened One","ascension_level":0,"is_trial":false}