{"path_per_floor":["M","M","M","M","$","R","E","?","T","E","M","R","E","M","R","B",null,"M","$","M","$","?","E","?","E","T","M","E","?","M","M","R"],"character_chosen":"IRONCLAD","items_purchased":["True Grit","Pommel Strike","Molten Egg 2"],"gold_per_floor":[211,226,242,255,131,131,193,193,220,253,265,265,299,312,312,407,407,424,271,281,32,32,63,63,97,123,143,176,176,194,208,208],"floor_reached":33,"campfire_rested":1,"playtime":1609,"current_hp_per_floor":[80,78,76,78,78,78,59,59,59,50,53,53,45,50,50,20,80,77,77,80,80,80,49,49,51,51,55,34,19,16,20,45],"items_purged":["Strike_R","Strike_R"],"gold":208,"score":343,"play_id":"fd8956ec-ff54-4ddc-9596-5cd1e4543d46","is_prod":false,"is_daily":false,"is_ascension_mode":true,"campfire_upgraded":3,"path_taken":["M","M","M","M","?","R","E","?","T","E","?","R","E","M","R","BOSS","M","$","M","$","?","E","?","E","T","M","E","?","M","M","R","BOSS"],"build_version":"2018-02-16-BETA2","purchased_purges":2,"victory":false,"master_deck":["Strike_R","Strike_R","Defend_R","Defend_R","Defend_R","Defend_R","Bash","Inflame+1","Disarm+1","Cleave","True Grit+1","Ghostly Armor","Battle Trance","Bludgeon","Twin Strike+1","Pommel Strike","Impervious","Shrug It Off","Entrench+1","Twin Strike+1"],"max_hp_per_floor":[80,80,80,80,80,80,80,80,80,80,80,80,80,80,80,80,80,80,80,80,80,80,80,80,80,80,80,80,85,85,85,85],"relics":["Burning Blood","Tiny Chest","Vajra","Mark of Pain","Molten Egg 2","Nloth\u0027s Gift","Pen Nib","Bag of Marbles","Oddly Smooth Stone","Art of War"],"card_choices":[{"not_picked":["Corruption","Heavy Blade"],"picked":"Inflame"},{"not_picked":["Wild Strike","Warcry"],"picked":"Disarm"},{"not_picked":["Twin Strike","Dual Wield"],"picked":"Cleave"},{"not_picked":["Heavy Blade","Blood for Blood"],"picked":"Ghostly Armor"},{"not_picked":["Hemokinesis","Perfected Strike"],"picked":"Battle Trance"},{"not_picked":["Immolate","Brutality"],"picked":"Bludgeon"},{"not_picked":["Pummel","Sword Boomerang"],"picked":"Twin Strike"},{"not_picked":["Headbutt","Immolate"],"picked":"Impervious"},{"not_picked":["Fiend Fire","Pommel Strike"],"picked":"Shrug It Off"},{"not_picked":["Warcry","Thunderclap"],"picked":"Entrench"},{"not_picked":["Heavy Blade","Sword Boomerang"],"picked":"Twin Strike"}],"player_experience":641755,"potions_floor_usage":[4,7,10,28,30,30,33],"damage_taken":[{"damage":1,"enemies":"Cultist","floor":1,"turns":3},{"damage":8,"enemies":"Jaw Worm","floor":2,"turns":4},{"damage":8,"enemies":"Small Slimes","floor":3,"turns":5},{"damage":10,"enemies":"Looter","floor":4,"turns":3},{"damage":25,"enemies":"Gremlin Nob","floor":7,"turns":5},{"damage":30,"enemies":"Lagavulin","floor":10,"turns":8},{"damage":3,"enemies":"Gremlin Gang","floor":11,"turns":3},{"damage":14,"enemies":"Gremlin Nob","floor":13,"turns":3},{"damage":1,"enemies":"Blue Slaver","floor":14,"turns":3},{"damage":36,"enemies":"The Guardian","floor":16,"turns":12},{"damage":9,"enemies":"3 Byrds","floor":18,"turns":6},{"damage":1,"enemies":"Spheric Guardian","floor":20,"turns":3},{"damage":37,"enemies":"Slavers","floor":23,"turns":6},{"damage":4,"enemies":"Gremlin Leader","floor":25,"turns":6},{"damage":2,"enemies":"Centurion and Healer","floor":27,"turns":5},{"damage":27,"enemies":"Book of Stabbing","floor":28,"turns":6},{"damage":9,"enemies":"Cultist and Chosen","floor":30,"turns":6},{"damage":2,"enemies":"Snake Plant","floor":31,"turns":3},{"damage":67,"enemies":"Automaton","floor":33,"turns":6}],"event_choices":[{"event_name":"Living Wall","player_choice":"Forget","floor":8,"damage_taken":0},{"event_name":"N\u0027loth","player_choice":"Traded a Bag of Preparation","floor":22,"damage_taken":0},{"event_name":"Addict","player_choice":"Ignored","floor":24,"damage_taken":0},{"event_name":"Forgotten Altar","player_choice":"Shed Blood","floor":29,"damage_taken":0}],"boss_relics":[{"not_picked":["Runic Cube","Velvet Choker"],"picked":"Mark of Pain"}],"potions_floor_spawned":[1,2,7,23,25,28,30,31],"seed_played":"8386071489248639560","killed_by":"Automaton","ascension_level":1,"is_trial":false}