{"path_per_floor":["M","?","?","?","?","R","$","E","T","T","R","M","E","M","R","B",null,"M","T","?","?","$","R","M","M","T","M","R","$","?","M","R","B",null,"M","M","?","M","$","R","M","?","T","M","?","R","M","?","R","B"],"character_chosen":"IRONCLAD","items_purchased":[],"gold_per_floor":[99,99,99,99,99,99,24,24,24,24,24,24,24,24,24,24,24,24,24,24,24,24,24,24,24,24,24,24,24,24,24,24,24,24,24,24,24,24,24,24,24,24,24,24,24,24,24,0,0,0],"floor_reached":51,"campfire_rested":3,"playtime":2290,"current_hp_per_floor":[61,61,61,66,66,66,66,36,36,36,36,36,29,29,50,12,56,66,66,66,66,66,66,62,67,81,84,84,84,84,82,82,44,75,79,77,77,61,61,61,54,6,6,14,14,39,34,34,59,15],"items_purged":["Strike_R"],"gold":0,"score":820,"play_id":"840f0497-1cd4-400f-8e39-3db109a4d39c","is_prod":false,"is_daily":false,"is_ascension_mode":true,"campfire_upgraded":6,"path_taken":["M","?","?","?","?","R","$","E","T","?","R","M","E","M","R","BOSS","M","?","?","?","$","R","M","M","T","M","R","$","?","M","R","BOSS","M","M","?","M","$","R","M","?","T","M","?","R","?","?","R","BOSS"],"build_version":"2018-02-08-BETA1","purchased_purges":1,"victory":true,"master_deck":["Strike_R","Strike_R","Strike_R","Defend_R","Defend_R","Defend_R","Defend_R","Bash","Disarm+1","Iron Wave+1","Shrug It Off","Iron Wave+1","Rampage+1","Reaper","Pommel Strike+1","Shrug It Off+1","Double Tap+1","Iron Wave","Battle Trance","Intimidate","Sword Boomerang+1","Pommel Strike","Shockwave+1","Heavy Blade+1"],"max_hp_per_floor":[75,75,69,74,71,71,71,71,71,71,71,71,71,71,71,71,71,71,71,71,71,71,71,71,71,85,85,85,85,85,85,85,85,85,85,85,85,85,85,85,85,85,85,85,85,85,85,85,85,85],"relics":["Ectoplasm","Golden Idol","Shuriken","Tiny Chest","Torii","Mummified Hand","Sozu","Happy Flower","Mango","Cursed Key","Frozen Eye","Lantern","Red Mask"],"card_choices":[{"not_picked":["Second Wind","Headbutt"],"picked":"Disarm"},{"not_picked":["Flex","Disarm"],"picked":"Iron Wave"},{"not_picked":["Wild Strike","Corruption"],"picked":"Shrug It Off"},{"not_picked":["Clash","Shrug It Off"],"picked":"Iron Wave"},{"not_picked":["Flex","Bloodletting"],"picked":"Rampage"},{"not_picked":["Fiend Fire","Immolate"],"picked":"Reaper"},{"not_picked":["Wild Strike","Rampage"],"picked":"Pommel Strike"},{"not_picked":["Feel No Pain","Twin Strike"],"picked":"Shrug It Off"},{"not_picked":["Thunderclap","Heavy Blade"],"picked":"Double Tap"},{"not_picked":["Spot Weakness","Perfected Strike"],"picked":"Iron Wave"},{"not_picked":["Armaments","Blood for Blood"],"picked":"Battle Trance"},{"not_picked":["Clash","Clothesline"],"picked":"Intimidate"},{"not_picked":["Second Wind","Hemokinesis"],"picked":"Sword Boomerang"},{"not_picked":["Anger","Entrench"],"picked":"Pommel Strike"},{"not_picked":["Inflame","Flame Barrier"],"picked":"Shockwave"},{"not_picked":["Reckless Charge","Hemokinesis"],"picked":"Heavy Blade"}],"player_experience":517636,"potions_floor_usage":[8,16],"damage_taken":[{"damage":7,"enemies":"Small Slimes","floor":1,"turns":4},{"damage":30,"enemies":"3 Sentries","floor":8,"turns":10},{"damage":0,"enemies":"Cultist","floor":12,"turns":3},{"damage":7,"enemies":"Gremlin Nob","floor":13,"turns":4},{"damage":0,"enemies":"Jaw Worm","floor":14,"turns":2},{"damage":38,"enemies":"Slime Boss","floor":16,"turns":10},{"damage":1,"enemies":"3 Byrds","floor":18,"turns":5},{"damage":10,"enemies":"Spheric Guardian","floor":24,"turns":4},{"damage":7,"enemies":"Centurion and Healer","floor":25,"turns":6},{"damage":1,"enemies":"Slaver and Parasite","floor":27,"turns":6},{"damage":8,"enemies":"Sentry and Sphere","floor":31,"turns":5},{"damage":55,"enemies":"Collector","floor":33,"turns":9},{"damage":6,"enemies":"Flame Bruiser 1 Orb","floor":35,"turns":5},{"damage":8,"enemies":"3 Darklings","floor":36,"turns":7},{"damage":20,"enemies":"Spire Growth","floor":38,"turns":4},{"damage":17,"enemies":"Flame Bruiser 2 Orb","floor":41,"turns":7},{"damage":65,"enemies":"Mysterious Sphere","floor":42,"turns":5},{"damage":16,"enemies":"4 Shapes","floor":44,"turns":5},{"damage":20,"enemies":"Sphere and 2 Shapes","floor":47,"turns":5},{"damage":56,"enemies":"Awakened One","floor":50,"turns":11}],"event_choices":[{"event_name":"Liars Game","player_choice":"disagreed","floor":2,"damage_taken":0},{"event_name":"Golden Idol","player_choice":"Lose Max HP","floor":3,"damage_taken":0},{"event_name":"Big Fish","player_choice":"Donut","floor":4,"damage_taken":0},{"event_name":"Wheel of Change","player_choice":"Card Removal","floor":5,"damage_taken":0},{"event_name":"Back to Basics","player_choice":"Elegance","floor":20,"damage_taken":0},{"event_name":"The Mausoleum","player_choice":"No","floor":21,"damage_taken":0},{"event_name":"Addict","player_choice":"Ignored","floor":30,"damage_taken":0},{"event_name":"Accursed Blacksmith","player_choice":"Forge","floor":37,"damage_taken":0},{"event_name":"Mysterious Sphere","player_choice":"Fight","floor":42,"damage_taken":0},{"event_name":"Fountain of Cleansing","player_choice":"Removed Curse","floor":45,"damage_taken":0},{"event_name":"Tomb of Lord Red Mask","player_choice":"Paid","floor":48,"damage_taken":0}],"boss_relics":[{"not_picked":["Black Star","Calling Bell"],"picked":"Sozu"},{"not_picked":["Philosopher\u0027s Stone","Question Card"],"picked":"Cursed Key"}],"potions_floor_spawned":[1,14,33,36,38,42,47],"seed_played":"551412459849214169","ascension_level":14,"is_trial":false}