{"path_per_floor":["M","M","?","M","M","R","M","R","T","?","$","M","M","E","R","B",null,"M","M","$","M","$","R","M","M","T","M","M","?","?","M","R","B",null,"M","M","?","M","T","R","$","M","T","M","M","?","M","$","R"],"character_chosen":"IRONCLAD","items_purchased":["Shrug It Off","Whetstone"],"gold_per_floor":[110,121,121,141,158,158,178,178,178,178,103,122,139,173,173,272,272,285,301,1,18,18,18,31,42,42,62,76,76,1,15,15,118,118,132,151,151,168,239,239,189,205,205,221,235,235,254,204,204],"floor_reached":50,"campfire_rested":1,"playtime":1122,"current_hp_per_floor":[80,80,80,80,70,70,63,63,63,63,63,62,64,50,50,15,80,66,75,75,77,77,77,79,69,69,66,68,68,68,74,74,39,95,95,95,95,99,99,99,99,83,83,73,71,71,53,53,85],"items_purged":["Defend_R","Strike_R","Defend_R","Defend_R"],"gold":204,"score":429,"play_id":"f73d2e5e-7a6c-4895-8fec-5d451f471e8a","is_prod":false,"is_daily":false,"is_ascension_mode":false,"campfire_upgraded":6,"path_taken":["M","M","?","M","M","R","M","R","T","?","?","?","M","E","R","BOSS","M","M","$","M","$","R","M","M","T","M","M","?","?","M","R","BOSS","M","?","?","M","?","R","$","M","T","?","M","?","M","?","R","BOSS"],"build_version":"2018-02-16-BETA2","purchased_purges":4,"victory":false,"master_deck":["Defend_R","Bash+1","Armaments+1","Shrug It Off+1","Offering","Whirlwind+1","Whirlwind+1","Feed+1","Shrug It Off+1","Shrug It Off+1","Flex+1","Cleave+1","Thunderclap+1","Double Tap"],"max_hp_per_floor":[80,80,80,80,80,80,80,80,80,80,80,80,80,80,80,80,80,80,83,83,83,83,83,83,83,83,87,91,91,91,91,91,95,95,95,95,95,99,99,99,99,103,103,103,103,103,107,107,107],"relics":["Black Blood","Lantern","Vajra","Runic Dome","Whetstone","Bird Faced Urn","Smiling Mask","Red Skull"],"card_choices":[{"not_picked":["Evolve","Clash"],"picked":"Armaments"},{"not_picked":["Pommel Strike","True Grit"],"picked":"Shrug It Off"},{"not_picked":["Intimidate","Pummel"],"picked":"Offering"},{"not_picked":["Clothesline","Dropkick"],"picked":"Whirlwind"},{"not_picked":["Anger","Wild Strike"],"picked":"Whirlwind"},{"not_picked":["Barricade","Bludgeon"],"picked":"Feed"},{"not_picked":["Twin Strike","Sword Boomerang"],"picked":"Shrug It Off"},{"not_picked":["Dropkick","Anger"],"picked":"Flex"},{"not_picked":["True Grit","Sword Boomerang"],"picked":"Cleave"},{"not_picked":["Fire Breathing","Armaments"],"picked":"Thunderclap"},{"not_picked":["Bludgeon","Demon Form"],"picked":"Double Tap"}],"player_experience":703036,"potions_floor_usage":[14,21,28,28,33,47,50,50],"damage_taken":[{"damage":6,"enemies":"Jaw Worm","floor":1,"turns":4},{"damage":0,"enemies":"Small Slimes","floor":2,"turns":3},{"damage":6,"enemies":"Cultist","floor":4,"turns":3},{"damage":16,"enemies":"Large Slime","floor":5,"turns":6},{"damage":13,"enemies":"Blue Slaver","floor":7,"turns":5},{"damage":7,"enemies":"Lots of Slimes","floor":12,"turns":4},{"damage":4,"enemies":"Red Slaver","floor":13,"turns":2},{"damage":20,"enemies":"Gremlin Nob","floor":14,"turns":4},{"damage":41,"enemies":"The Guardian","floor":16,"turns":12},{"damage":20,"enemies":"2 Thieves","floor":18,"turns":2},{"damage":0,"enemies":"3 Byrds","floor":19,"turns":2},{"damage":4,"enemies":"Snake Plant","floor":21,"turns":2},{"damage":4,"enemies":"Snecko","floor":24,"turns":2},{"damage":16,"enemies":"3 Cultists","floor":25,"turns":4},{"damage":13,"enemies":"Snake Plant","floor":27,"turns":3},{"damage":8,"enemies":"Centurion and Healer","floor":28,"turns":2},{"damage":0,"enemies":"Snecko","floor":31,"turns":3},{"damage":45,"enemies":"Automaton","floor":33,"turns":8},{"damage":0,"enemies":"3 Darklings","floor":35,"turns":1},{"damage":4,"enemies":"Flame Bruiser 1 Orb","floor":36,"turns":2},{"damage":10,"enemies":"Sphere and 2 Shapes","floor":38,"turns":2},{"damage":30,"enemies":"Spire Growth","floor":42,"turns":3},{"damage":20,"enemies":"4 Shapes","floor":44,"turns":2},{"damage":12,"enemies":"Sphere and 2 Shapes","floor":45,"turns":2},{"damage":32,"enemies":"Maw","floor":47,"turns":7},{"damage":87,"enemies":"Time Eater","floor":50,"turns":5}],"event_choices":[{"event_name":"Living Wall","player_choice":"Forget","floor":3,"damage_taken":0},{"event_name":"Purifier","player_choice":"One Purge","floor":10,"damage_taken":0},{"event_name":"Addict","player_choice":"Ignored","floor":29,"damage_taken":0},{"event_name":"Beggar","player_choice":"Gave Gold","floor":30,"damage_taken":0},{"event_name":"Mysterious Sphere","player_choice":"Ignore","floor":37,"damage_taken":0}],"boss_relics":[{"not_picked":["Orrery","Tiny House"],"picked":"Runic Dome"},{"not_picked":["Eternal Feather","Runic Cube"],"picked":"Black Blood"}],"potions_floor_spawned":[1,7,16,19,24,27,35,38,45,47],"seed_played":"-286162935037358539","killed_by":"Time Eater","ascension_level":0,"is_trial":false}