{"path_per_floor":["M","M","$","M","?","R","M","M","T","M","?","R","T","?","R","B",null,"M","?","M","M","M","R","E","R","T","?","E","M","R","?","R","B",null,"M","M","?","$","M","R","?","R","T","M","$","E","T","M","R","B"],"character_chosen":"IRONCLAD","items_purchased":["Vajra","Matryoshka","Uppercut","Bag of Marbles"],"gold_per_floor":[116,131,56,68,68,68,86,100,100,116,116,116,143,143,143,264,264,278,278,296,319,338,338,374,374,425,425,456,470,470,470,470,596,596,614,639,639,144,168,168,168,168,191,204,26,66,91,112,112,112],"floor_reached":51,"campfire_rested":1,"playtime":3472,"current_hp_per_floor":[72,65,65,65,62,62,62,62,62,56,40,40,40,40,40,18,74,74,74,74,67,57,57,57,57,57,57,62,62,62,62,74,3,74,74,74,74,74,74,74,74,74,74,74,74,74,74,74,74,56],"items_purged":["Strike_R","Strike_R"],"gold":112,"score":723,"play_id":"0df40e78-92d4-4452-9db3-a2839821995e","is_prod":false,"is_daily":false,"is_ascension_mode":true,"campfire_upgraded":9,"path_taken":["M","M","$","M","?","R","M","M","T","M","?","R","?","?","R","BOSS","M","?","M","?","M","R","E","R","T","?","E","M","R","?","R","BOSS","M","M","?","$","M","R","?","R","T","?","$","E","?","M","R","BOSS"],"build_version":"2018-02-07-BETA1","purchased_purges":3,"victory":true,"master_deck":["Strike_R+1","Strike_R+1","Defend_R+1","Defend_R+1","Defend_R","Defend_R+1","Bash+1","Whirlwind+1","Clothesline+1","Shrug It Off+1","Impervious+1","Clothesline+1","Seeing Red","Bludgeon+1","Clothesline+1","Perfected Strike+1","Double Tap+1","Flame Barrier+1","Doubt","Perfected Strike+1","Uppercut+1","Demon Form","Injury","Perfected Strike+1"],"max_hp_per_floor":[80,80,80,80,80,80,80,80,80,80,80,80,80,74,74,74,74,74,74,74,74,74,74,74,74,74,74,74,74,74,74,74,74,74,74,74,74,74,74,74,74,74,74,74,74,74,74,74,74,74],"relics":["Runic Dome","Bag of Preparation","Torii","Prayer Wheel","Golden Idol","Snecko Eye","Anchor","Dream Catcher","Lantern","Bronze Scales","Cursed Key","Vajra","Matryoshka","Blood Vial","Happy Flower","Bag of Marbles","Oddly Smooth Stone","Blue Candle","War Paint"],"card_choices":[{"not_picked":["Seeing Red","Heavy Blade"],"picked":"Whirlwind"},{"not_picked":["Headbutt","Blood for Blood"],"picked":"Clothesline"},{"not_picked":["True Grit","Clash"],"picked":"Shrug It Off"},{"not_picked":["Demon Form","Fiend Fire"],"picked":"Impervious"},{"not_picked":["Whirlwind","Seeing Red"],"picked":"Clothesline"},{"not_picked":["Pommel Strike","Metallicize"],"picked":"Seeing Red"},{"not_picked":["Blood for Blood","True Grit"],"picked":"Bludgeon"},{"not_picked":["Intimidate","Headbutt"],"picked":"Clothesline"},{"not_picked":["Clash","Wild Strike"],"picked":"Perfected Strike"},{"not_picked":["Limit Break","Offering"],"picked":"Double Tap"},{"not_picked":["Sword Boomerang","Rampage"],"picked":"Flame Barrier"},{"not_picked":["Armaments","Rupture"],"picked":"Perfected Strike"},{"not_picked":["Feel No Pain","Headbutt"],"picked":"Demon Form"},{"not_picked":["Pommel Strike","Body Slam"],"picked":"Perfected Strike"}],"player_experience":441846,"potions_floor_usage":[24,24,28,28,33],"damage_taken":[{"damage":8,"enemies":"2 Louse","floor":1,"turns":3},{"damage":7,"enemies":"Jaw Worm","floor":2,"turns":3},{"damage":0,"enemies":"Cultist","floor":4,"turns":3},{"damage":0,"enemies":"Looter","floor":7,"turns":3},{"damage":0,"enemies":"Large Slime","floor":8,"turns":2},{"damage":6,"enemies":"Exordium Wildlife","floor":10,"turns":2},{"damage":22,"enemies":"The Guardian","floor":16,"turns":8},{"damage":0,"enemies":"3 Byrds","floor":18,"turns":3},{"damage":0,"enemies":"Shell Parasite","floor":20,"turns":4},{"damage":7,"enemies":"Centurion and Healer","floor":21,"turns":5},{"damage":10,"enemies":"Cultist and Chosen","floor":22,"turns":3},{"damage":0,"enemies":"Gremlin Leader","floor":24,"turns":5},{"damage":1,"enemies":"Book of Stabbing","floor":28,"turns":3},{"damage":0,"enemies":"Snake Plant","floor":29,"turns":2},{"damage":71,"enemies":"Collector","floor":33,"turns":8},{"damage":0,"enemies":"3 Shapes","floor":35,"turns":3},{"damage":0,"enemies":"Orb Walker","floor":36,"turns":1},{"damage":0,"enemies":"3 Darklings","floor":39,"turns":3},{"damage":0,"enemies":"4 Shapes","floor":44,"turns":3},{"damage":0,"enemies":"Giant Head","floor":46,"turns":3},{"damage":0,"enemies":"Sphere and 2 Shapes","floor":48,"turns":1},{"damage":18,"enemies":"Time Eater","floor":50,"turns":8}],"event_choices":[{"event_name":"Scrap Ooze","player_choice":"success","floor":5,"damage_taken":3},{"event_name":"Shining Light","player_choice":"Entered Light","floor":11,"damage_taken":0},{"event_name":"Golden Idol","player_choice":"Lose Max HP","floor":14,"damage_taken":0},{"event_name":"The Mausoleum","player_choice":"Yes","floor":19,"damage_taken":0},{"event_name":"Bonfire Elementals","player_choice":"BASIC","floor":27,"damage_taken":0},{"event_name":"N\u0027loth","player_choice":"Ignored","floor":31,"damage_taken":0},{"event_name":"Upgrade Shrine","player_choice":"Upgraded","floor":37,"damage_taken":0},{"event_name":"Wheel of Change","player_choice":"Full Heal","floor":41,"damage_taken":0}],"boss_relics":[{"not_picked":["Tiny House","Orrery"],"picked":"Snecko Eye"},{"not_picked":["White Beast Statue","Calling Bell"],"picked":"Cursed Key"}],"potions_floor_spawned":[1,4,10,20,21,24,29,35,39,46],"seed_played":"1619958841575745740","ascension_level":4,"is_trial":false}