{"path_per_floor":["M","$","M","M","?","R","$","?","T","$","M","R","M","M","R","B",null,"M","$","M","T","M","R","?","M","T","R","$","?","?","M","R"],"character_chosen":"IRONCLAD","items_purchased":[],"gold_per_floor":[115,40,57,72,72,72,72,72,95,95,110,110,123,146,146,265,265,280,180,194,245,269,269,269,292,292,292,167,167,167,190,190],"floor_reached":33,"campfire_rested":1,"playtime":887,"current_hp_per_floor":[45,45,48,54,54,54,54,54,54,54,55,55,53,57,57,21,74,62,62,54,54,47,47,47,35,35,35,35,35,19,21,43],"items_purged":["Strike_R","Strike_R","Defend_R"],"gold":190,"score":237,"play_id":"7044e888-d2c1-4a9b-989a-ea532e2847ee","is_prod":false,"is_daily":false,"is_ascension_mode":false,"campfire_upgraded":5,"path_taken":["M","$","?","M","?","R","$","?","T","$","?","R","M","M","R","BOSS","M","$","M","?","?","R","?","M","T","R","?","?","?","M","R","BOSS"],"build_version":"2018-02-16-BETA2","purchased_purges":3,"victory":false,"master_deck":["Strike_R","Defend_R","Defend_R","Defend_R","Bash+1","Dropkick+1","Disarm+1","Offering+1","Clash+1","Clash+1","Necronomicurse"],"max_hp_per_floor":[80,80,80,80,80,80,80,74,74,74,74,74,74,74,74,74,74,74,74,74,74,74,74,74,74,74,74,74,74,74,74,74],"relics":["Burning Blood","Charon\u0027s Ashes","Golden Idol","Orichalcum","Runic Dome","Ancient Tea Set","Bag of Preparation","Necronomicon"],"card_choices":[{"not_picked":["Power Through","Wild Strike"],"picked":"Dropkick"},{"not_picked":["True Grit","Bloodletting"],"picked":"Disarm"},{"not_picked":["Immolate","Reaper"],"picked":"Offering"},{"not_picked":["Headbutt","Iron Wave"],"picked":"Clash"},{"not_picked":["Armaments","Evolve"],"picked":"Clash"}],"player_experience":685388,"potions_floor_usage":[14,20,20,33],"damage_taken":[{"damage":1,"enemies":"Cultist","floor":1,"turns":4},{"damage":3,"enemies":"Small Slimes","floor":3,"turns":3},{"damage":0,"enemies":"2 Louse","floor":4,"turns":3},{"damage":5,"enemies":"Looter","floor":11,"turns":3},{"damage":8,"enemies":"Red Slaver","floor":13,"turns":3},{"damage":2,"enemies":"Lots of Slimes","floor":14,"turns":4},{"damage":42,"enemies":"Hexaghost","floor":16,"turns":13},{"damage":18,"enemies":"2 Thieves","floor":18,"turns":3},{"damage":14,"enemies":"Spheric Guardian","floor":20,"turns":5},{"damage":13,"enemies":"Snake Plant","floor":22,"turns":5},{"damage":18,"enemies":"Snecko","floor":25,"turns":5},{"damage":4,"enemies":"Slaver and Parasite","floor":31,"turns":2},{"damage":57,"enemies":"Champ","floor":33,"turns":6}],"event_choices":[{"event_name":"Bonfire Elementals","player_choice":"BASIC","floor":5,"damage_taken":0},{"event_name":"Golden Idol","player_choice":"Lose Max HP","floor":8,"damage_taken":0},{"event_name":"Back to Basics","player_choice":"Elegance","floor":24,"damage_taken":0},{"event_name":"Drug Dealer","player_choice":"Ignored","floor":29,"damage_taken":0},{"event_name":"Cursed Tome","player_choice":"Obtained Book","floor":30,"damage_taken":0}],"boss_relics":[{"not_picked":["Tiny House","Orrery"],"picked":"Runic Dome"}],"potions_floor_spawned":[1,11,14,20,31],"seed_played":"-3579452700559665484","killed_by":"Champ","ascension_level":0,"is_trial":false}