{"path_per_floor":["M","M","?","$","?","R","?","R","T","R","$","?","M","M","R","B",null,"M","M","$","?","M","R","M","R","T","E","M","R","M","M","R"],"character_chosen":"IRONCLAD","items_purchased":["Pommel Strike"],"gold_per_floor":[110,129,129,54,54,54,54,54,133,133,6,6,22,36,36,110,110,123,139,14,14,31,31,49,49,49,74,93,93,106,121,121],"floor_reached":33,"campfire_rested":2,"playtime":898,"current_hp_per_floor":[61,60,60,60,46,46,39,39,39,39,39,63,63,63,63,18,59,53,53,53,53,55,55,55,55,55,42,23,44,36,13,34],"items_purged":["Strike_R","Strike_R","Strike_R"],"gold":121,"score":437,"play_id":"8b7eb4be-3b8c-4017-89d0-e3465ac631fe","is_prod":false,"is_daily":false,"is_ascension_mode":true,"campfire_upgraded":6,"path_taken":["M","M","?","$","?","R","?","R","T","R","$","?","M","M","R","BOSS","M","M","$","?","M","R","M","R","T","E","M","R","M","M","R","BOSS"],"build_version":"2018-02-08-BETA1","purchased_purges":3,"victory":false,"master_deck":["Strike_R+1","Defend_R","Defend_R+1","Defend_R+1","Defend_R+1","Bash+1","Armaments+1","Whirlwind+1","Pommel Strike+1","Bludgeon+1","Flame Barrier+1","Pommel Strike+1","Writhe","Flame Barrier+1"],"max_hp_per_floor":[75,75,72,72,72,72,72,72,72,72,72,72,72,72,72,72,72,72,72,72,72,72,72,72,72,72,72,72,72,72,72,72],"relics":["Runic Dome","Molten Egg 2","Cursed Key","Toxic Egg 2","Kunai"],"card_choices":[{"not_picked":["Cleave","Heavy Blade"],"picked":"Armaments"},{"not_picked":["Battle Trance","Blood for Blood"],"picked":"Whirlwind"},{"not_picked":["Dark Embrace","Berserk"],"picked":"Bludgeon"},{"not_picked":["Warcry","Twin Strike"],"picked":"Flame Barrier"},{"not_picked":["Heavy Blade","Carnage"],"picked":"Pommel Strike"},{"not_picked":["Seeing Red","Rage"],"picked":"Flame Barrier"}],"player_experience":515448,"potions_floor_usage":[16,22,27,33],"damage_taken":[{"damage":7,"enemies":"Jaw Worm","floor":1,"turns":3},{"damage":1,"enemies":"Cultist","floor":2,"turns":4},{"damage":0,"enemies":"2 Louse","floor":13,"turns":1},{"damage":0,"enemies":"Large Slime","floor":14,"turns":3},{"damage":45,"enemies":"Hexaghost","floor":16,"turns":8},{"damage":6,"enemies":"2 Thieves","floor":18,"turns":3},{"damage":0,"enemies":"Spheric Guardian","floor":19,"turns":3},{"damage":4,"enemies":"Cultist and Chosen","floor":22,"turns":3},{"damage":0,"enemies":"3 Cultists","floor":24,"turns":3},{"damage":13,"enemies":"Book of Stabbing","floor":27,"turns":4},{"damage":19,"enemies":"Slaver and Parasite","floor":28,"turns":4},{"damage":8,"enemies":"Snake Plant","floor":30,"turns":2},{"damage":23,"enemies":"Centurion and Healer","floor":31,"turns":4},{"damage":36,"enemies":"Automaton","floor":33,"turns":6}],"event_choices":[{"event_name":"Living Wall","player_choice":"Forget","floor":3,"damage_taken":0},{"event_name":"Shining Light","player_choice":"Entered Light","floor":5,"damage_taken":0},{"event_name":"Golden Wing","player_choice":"Card Removal","floor":7,"damage_taken":0},{"event_name":"Big Fish","player_choice":"Banana","floor":12,"damage_taken":0},{"event_name":"The Lab","player_choice":"Got Potions","floor":21,"damage_taken":0}],"boss_relics":[{"not_picked":["White Beast Statue","Pandora\u0027s Box"],"picked":"Cursed Key"}],"potions_floor_spawned":[2,14,16,18,22,27,31],"seed_played":"5916027957348583214","killed_by":"Automaton","ascension_level":14,"is_trial":false}