{"path_per_floor":["M","?","$","M","?","R","M","R","T","$","M","M","R","M","R","B",null,"M","$","?","M","?","E","R","M","T","?","R","M","R","$","R"],"character_chosen":"IRONCLAD","items_purchased":["Iron Wave","Wild Strike"],"gold_per_floor":[116,116,41,53,53,53,63,63,143,94,111,122,122,141,141,216,216,226,126,126,139,139,172,172,187,213,213,213,226,226,49,49],"floor_reached":33,"campfire_rested":2,"playtime":1699,"current_hp_per_floor":[63,60,60,60,53,53,53,53,53,53,42,42,42,36,36,26,61,57,57,57,46,46,40,40,34,34,39,60,56,56,56,72],"items_purged":["Parasite","Warcry","Thunderclap"],"gold":49,"score":434,"play_id":"cbd85223-5bc2-4453-b5b9-24dd4a5cb6b4","is_prod":false,"is_daily":false,"is_ascension_mode":true,"campfire_upgraded":6,"path_taken":["M","?","$","?","?","R","M","R","T","$","M","M","R","M","R","BOSS","M","$","?","M","?","E","R","M","T","?","R","M","R","$","R","BOSS"],"build_version":"2018-02-08-BETA1","purchased_purges":4,"victory":false,"master_deck":["Bash","Battle Trance","Body Slam+1","Clothesline","Armaments+1","Shockwave+1","Power Through+1","True Grit+1","Entrench+1","Iron Wave+1","Cleave","Twin Strike","Offering+1","Headbutt","True Grit+1","Whirlwind+1","Wild Strike"],"max_hp_per_floor":[75,75,72,72,72,72,72,72,72,72,72,72,72,72,72,72,72,72,72,72,72,72,72,72,72,72,72,72,72,72,72,72],"relics":["Pandora\u0027s Box","Magic Flower","Centennial Puzzle","Sozu","War Paint","Art of War"],"card_choices":[{"not_picked":["Heavy Blade","Perfected Strike"],"picked":"Warcry"},{"not_picked":["Anger","Body Slam"],"picked":"Entrench"},{"not_picked":["Shockwave","Anger"],"picked":"Thunderclap"},{"not_picked":["Perfected Strike","Shockwave"],"picked":"Cleave"},{"not_picked":["True Grit","Intimidate"],"picked":"Twin Strike"},{"not_picked":["Impervious","Dark Embrace"],"picked":"Offering"},{"not_picked":["Warcry","Cleave"],"picked":"Headbutt"},{"not_picked":["Armaments","Wild Strike"],"picked":"True Grit"},{"not_picked":["Infernal Blade","Shockwave"],"picked":"Whirlwind"}],"player_experience":513749,"potions_floor_usage":[],"damage_taken":[{"damage":5,"enemies":"Blue Slaver","floor":1,"turns":7},{"damage":0,"enemies":"2 Louse","floor":4,"turns":2},{"damage":0,"enemies":"Jaw Worm","floor":7,"turns":6},{"damage":11,"enemies":"Lots of Slimes","floor":11,"turns":6},{"damage":0,"enemies":"2 Fungi Beasts","floor":12,"turns":3},{"damage":6,"enemies":"Looter","floor":14,"turns":3},{"damage":10,"enemies":"The Guardian","floor":16,"turns":7},{"damage":4,"enemies":"Shell Parasite","floor":18,"turns":2},{"damage":11,"enemies":"2 Thieves","floor":21,"turns":3},{"damage":6,"enemies":"Gremlin Leader","floor":23,"turns":8},{"damage":6,"enemies":"Centurion and Healer","floor":25,"turns":4},{"damage":4,"enemies":"Sentry and Sphere","floor":29,"turns":6},{"damage":84,"enemies":"Automaton","floor":33,"turns":12}],"event_choices":[{"event_name":"Scrap Ooze","player_choice":"success","floor":2,"damage_taken":3},{"event_name":"Golden Wing","player_choice":"Card Removal","floor":5,"damage_taken":0},{"event_name":"The Mausoleum","player_choice":"No","floor":20,"damage_taken":0},{"event_name":"Vampires","player_choice":"Ignored","floor":22,"damage_taken":0},{"event_name":"Bonfire Elementals","player_choice":"COMMON","floor":27,"damage_taken":0}],"boss_relics":[{"not_picked":["Runic Pyramid","Ectoplasm"],"picked":"Sozu"}],"potions_floor_spawned":[11,16,25],"seed_played":"-1334707760969895930","killed_by":"Automaton","ascension_level":14,"is_trial":false}