{"path_per_floor":["M","$","?","?","M","R","$","R","T","E","M","?","R","M","R","B",null,"M","M","?","$","M","R","?","R","T","R","$","M","E","M","R","B",null,"M","$","?","?","M","R","$","R","T","M","M","M","R","E","R"],"character_chosen":"IRONCLAD","items_purchased":["Kunai","Reaper"],"gold_per_floor":[119,44,44,119,135,135,35,35,109,134,146,146,146,166,166,269,269,286,304,304,62,80,80,80,80,153,153,28,42,74,93,93,191,191,203,49,49,49,65,65,65,65,65,80,100,115,115,180,180],"floor_reached":50,"campfire_rested":1,"playtime":2936,"current_hp_per_floor":[78,77,82,71,77,77,77,77,77,82,82,75,75,72,72,8,64,60,62,62,62,64,64,64,64,64,64,64,51,31,29,55,30,74,65,65,65,65,80,80,80,80,80,81,89,89,89,89,89],"items_purged":["Parasite","Strike_R","Regret"],"gold":180,"score":741,"play_id":"8b6cf65d-0884-4bb2-903f-49d6c8a61e9f","is_prod":false,"is_daily":false,"is_ascension_mode":true,"campfire_upgraded":11,"path_taken":["M","$","?","?","M","R","?","R","T","E","?","?","R","M","R","BOSS","M","M","?","$","M","R","?","R","T","R","$","M","E","?","R","BOSS","M","$","?","?","?","R","$","R","T","M","M","M","R","E","R","BOSS"],"build_version":"2018-02-08-BETA1","purchased_purges":3,"victory":false,"master_deck":["Strike_R","Defend_R+1","Defend_R","Defend_R","Defend_R","Bash+1","Flex+1","Shrug It Off+1","Cleave+1","Shrug It Off+1","Offering","Dropkick+1","Demon Form+1","Pummel+1","Entrench+1","Evolve+1","Offering+1","Shrug It Off+1","Reaper+1","Whirlwind+1","Double Tap+1"],"max_hp_per_floor":[80,77,82,82,82,82,82,82,82,82,82,82,82,82,82,82,82,82,82,82,82,82,82,82,82,82,82,82,82,89,89,89,89,89,89,89,89,89,89,89,89,89,89,89,89,89,89,89,89],"relics":["Burning Blood","NeowsBlessing","Toolbox","Pantograph","Pen Nib","Cursed Key","Kunai","Toxic Egg 2","Strawberry","Runic Cube","Tiny Chest"],"card_choices":[{"not_picked":["Iron Wave","Clothesline"],"picked":"Flex"},{"not_picked":["Perfected Strike","Searing Blow"],"picked":"Shrug It Off"},{"not_picked":["Wild Strike","Perfected Strike"],"picked":"Cleave"},{"not_picked":["Demon Form","Rage"],"picked":"Shrug It Off"},{"not_picked":["Reaper","Impervious"],"picked":"Offering"},{"not_picked":["Heavy Blade","Sword Boomerang"],"picked":"Dropkick"},{"not_picked":["Heavy Blade","Demon Form"],"picked":"Pummel"},{"not_picked":["Sword Boomerang","Wild Strike"],"picked":"Entrench"},{"not_picked":["Shrug It Off","Pommel Strike"],"picked":"Evolve"},{"not_picked":["Exhume","Immolate"],"picked":"Offering"},{"not_picked":["Iron Wave","Disarm"],"picked":"Shrug It Off"},{"not_picked":["Rupture","Twin Strike"],"picked":"Whirlwind"},{"not_picked":["Fire Breathing","Havoc"],"picked":"Double Tap"}],"player_experience":490135,"potions_floor_usage":[31,33,45,48,48],"damage_taken":[{"damage":0.0,"enemies":"Jaw Worm","floor":1.0,"turns":1.0},{"damage":0.0,"enemies":"Small Slimes","floor":5.0,"turns":1.0},{"damage":0.0,"enemies":"Gremlin Nob","floor":10.0,"turns":1.0},{"damage":2.0,"enemies":"2 Louse","floor":11.0,"turns":2.0},{"damage":9.0,"enemies":"Looter","floor":14.0,"turns":3.0},{"damage":92.0,"enemies":"Hexaghost","floor":16.0,"turns":11.0},{"damage":10.0,"enemies":"3 Byrds","floor":18.0,"turns":5.0},{"damage":4.0,"enemies":"Chosen","floor":19.0,"turns":3.0},{"damage":4.0,"enemies":"Snecko","floor":22.0,"turns":4.0},{"damage":19.0,"enemies":"Slaver and Parasite","floor":29.0,"turns":6.0},{"damage":33.0,"enemies":"Gremlin Leader","floor":30.0,"turns":4.0},{"damage":8,"enemies":"Snake Plant","floor":31,"turns":2},{"damage":56,"enemies":"Collector","floor":33,"turns":9},{"damage":15,"enemies":"Orb Walker","floor":35,"turns":4},{"damage":8,"enemies":"Flame Bruiser 1 Orb","floor":39,"turns":6},{"damage":16,"enemies":"Spire Growth","floor":44,"turns":4},{"damage":12,"enemies":"Sphere and 2 Shapes","floor":45,"turns":6},{"damage":4,"enemies":"3 Darklings","floor":46,"turns":3},{"damage":13,"enemies":"2 Orb Walkers","floor":48,"turns":4},{"damage":122,"enemies":"Awakened One","floor":50,"turns":12}],"event_choices":[{"event_name":"Big Fish","player_choice":"Donut","floor":3.0,"damage_taken":0.0},{"event_name":"World of Goop","player_choice":"Gather Gold","floor":4.0,"damage_taken":0.0},{"event_name":"Scrap Ooze","player_choice":"success","floor":12.0,"damage_taken":7.0},{"event_name":"Transmorgrifier","player_choice":"Transform","floor":20.0,"damage_taken":0.0},{"event_name":"The Mausoleum","player_choice":"No","floor":24.0,"damage_taken":0.0},{"event_name":"Bonfire Elementals","player_choice":"BASIC","floor":37,"damage_taken":0}],"boss_relics":[{"not_picked":["Velvet Choker","Orrery"],"picked":"Runic Cube"}],"potions_floor_spawned":[10,11,29,30,39,44,46],"seed_played":"8572494483740234382","killed_by":"Awakened One","ascension_level":12,"is_trial":false}