{"path_per_floor":["M","M","$","?","?","E","?","R","T","R","M","M","?","M","R","B",null,"M","$","?","M","$","R","E","R","T","R","M","?","M","M","R"],"character_chosen":"IRONCLAD","items_purchased":["Shrug It Off","Shrug It Off"],"gold_per_floor":[113,124,1,1,1,64,64,64,64,64,82,100,165,177,177,254,254,270,118,168,185,60,60,92,92,163,163,176,176,190,200,200],"floor_reached":33,"campfire_rested":1,"playtime":1439,"current_hp_per_floor":[71,73,72,72,65,37,30,30,30,30,36,42,25,25,25,22,60,66,66,66,72,72,72,45,45,45,45,51,51,47,47,68],"items_purged":["Parasite","Strike_R","Defend_R"],"gold":200,"score":451,"play_id":"8d4b9d25-6746-4976-9afc-be436161c30d","is_prod":false,"is_daily":false,"is_ascension_mode":true,"campfire_upgraded":6,"path_taken":["M","M","$","?","?","E","?","R","T","R","M","M","?","M","R","BOSS","M","$","?","?","$","R","E","R","T","R","M","?","M","M","R","BOSS"],"build_version":"2018-02-08-BETA1","purchased_purges":3,"victory":false,"master_deck":["Strike_R","Defend_R","Defend_R","Defend_R","Bash","Inflame+1","Disarm+1","Shrug It Off","True Grit+1","Armaments+1","Flame Barrier+1","Whirlwind+1","Impervious","Double Tap","Cleave","Shrug It Off","Clothesline+1"],"max_hp_per_floor":[75,75,72,72,72,72,72,72,72,72,72,72,72,72,72,72,72,72,72,72,72,72,72,72,72,72,72,72,72,72,72,72],"relics":["Burning Blood","Bronze Scales","Tiny Chest","Bag of Marbles","Thread and Needle","Ancient Tea Set","Runic Dome","Lantern","Bottled Flame"],"card_choices":[{"not_picked":["Thunderclap","Reckless Charge"],"picked":"Inflame"},{"not_picked":["Perfected Strike","Twin Strike"],"picked":"Disarm"},{"not_picked":["Cleave","Body Slam"],"picked":"True Grit"},{"not_picked":["Carnage","Wild Strike"],"picked":"Armaments"},{"not_picked":["Pummel","Burning Pact"],"picked":"Flame Barrier"},{"not_picked":["Burning Pact","Entrench"],"picked":"Whirlwind"},{"not_picked":["Warcry","Havoc"],"picked":"Impervious"},{"not_picked":["Bludgeon","Immolate"],"picked":"Double Tap"},{"not_picked":["Evolve","Searing Blow"],"picked":"Cleave"},{"not_picked":["Cleave","Rage"],"picked":"Clothesline"}],"player_experience":510650,"potions_floor_usage":[6,12,16,33],"damage_taken":[{"damage":3,"enemies":"Small Slimes","floor":1,"turns":4},{"damage":4,"enemies":"2 Louse","floor":2,"turns":4},{"damage":34,"enemies":"Gremlin Nob","floor":6,"turns":4},{"damage":0,"enemies":"Cultist","floor":11,"turns":4},{"damage":0,"enemies":"Large Slime","floor":12,"turns":6},{"damage":23,"enemies":"Gremlin Nob","floor":13,"turns":4},{"damage":6,"enemies":"3 Louse","floor":14,"turns":3},{"damage":9,"enemies":"The Guardian","floor":16,"turns":14},{"damage":0,"enemies":"3 Byrds","floor":18,"turns":3},{"damage":0,"enemies":"Spheric Guardian","floor":21,"turns":4},{"damage":33,"enemies":"Gremlin Leader","floor":24,"turns":6},{"damage":0,"enemies":"Snecko","floor":28,"turns":4},{"damage":10,"enemies":"Snake Plant","floor":30,"turns":6},{"damage":6,"enemies":"Cultist and Chosen","floor":31,"turns":6},{"damage":75,"enemies":"Collector","floor":33,"turns":10}],"event_choices":[{"event_name":"Living Wall","player_choice":"Forget","floor":4,"damage_taken":0},{"event_name":"Golden Wing","player_choice":"Card Removal","floor":5,"damage_taken":0},{"event_name":"Scrap Ooze","player_choice":"success","floor":7,"damage_taken":7},{"event_name":"Dead Adventurer","player_choice":"Searched \u00271\u0027 times","floor":13,"damage_taken":0},{"event_name":"The Joust","player_choice":"Bet on Murderer","floor":20,"damage_taken":0},{"event_name":"Back to Basics","player_choice":"Elegance","floor":29,"damage_taken":0}],"boss_relics":[{"not_picked":["Black Blood","Eternal Feather"],"picked":"Runic Dome"}],"potions_floor_spawned":[1,6,12,30],"seed_played":"-4342076337649432991","killed_by":"Collector","ascension_level":14,"is_trial":false}