{"path_per_floor":["M","?","?","M","M","R","?","R","T","M","M","M","M","$","R","B",null,"M","?","M","?","M","R","M","$","T","$","R","?","M","T","R","B",null,"M","?","$","?","?"],"character_chosen":"IRONCLAD","items_purchased":["Blood Vial","Metallicize","Battle Trance"],"gold_per_floor":[116,191,191,206,216,216,216,216,216,226,238,258,268,45,45,120,120,131,46,56,56,68,68,81,44,68,32,32,32,44,44,44,115,115,134,134,34,0,0],"floor_reached":40,"campfire_rested":2,"playtime":1421,"current_hp_per_floor":[67,56,56,56,49,49,49,49,49,40,31,21,14,14,35,14,58,38,48,23,23,25,25,27,27,27,27,27,27,29,29,53,40,72,66,66,66,66,66],"items_purged":["Strike_R","Injury"],"gold":0,"score":613,"play_id":"55ca10d7-06bc-4882-965e-a17508a9766b","is_prod":false,"is_daily":false,"is_ascension_mode":true,"campfire_upgraded":4,"path_taken":["M","?","?","M","M","R","?","R","T","M","M","M","M","?","R","BOSS","M","?","M","?","M","R","M","$","T","$","R","?","M","?","R","BOSS","M","?","$","?","?","E"],"build_version":"2018-02-08-BETA1","purchased_purges":2,"victory":false,"master_deck":["Strike_R","Strike_R","Strike_R","Defend_R","Defend_R","Defend_R","Defend_R","Bash","Barricade+1","Inflame+1","True Grit+1","Shrug It Off","Entrench+1","Body Slam","Impervious","Metallicize","Metallicize","Battle Trance","Reaper"],"max_hp_per_floor":[75,75,75,75,75,75,72,72,72,72,72,72,72,72,72,72,72,72,82,82,82,82,82,82,82,82,82,82,82,82,82,82,82,82,82,82,82,82,82],"relics":["Velvet Choker","Spirit Poop","Frozen Eye","Blood Vial","Cursed Key","Pear","Ancient Tea Set","Runic Dome","Red Mask"],"card_choices":[{"not_picked":["Twin Strike","Power Through"],"picked":"Barricade"},{"not_picked":["Clash","Sword Boomerang"],"picked":"Inflame"},{"not_picked":["Flex","Pummel"],"picked":"True Grit"},{"not_picked":["Sword Boomerang","Body Slam"],"picked":"Shrug It Off"},{"not_picked":["Pommel Strike","Shrug It Off"],"picked":"Entrench"},{"not_picked":["Perfected Strike","Thunderclap"],"picked":"Body Slam"},{"not_picked":["Immolate","Berserk"],"picked":"Impervious"},{"not_picked":["Rampage","Pommel Strike"],"picked":"Iron Wave"},{"not_picked":["Body Slam","Cleave"],"picked":"Metallicize"},{"not_picked":["Offering","Demon Form"],"picked":"Reaper"}],"player_experience":519926,"potions_floor_usage":[12,16,40],"damage_taken":[{"damage":1,"enemies":"Cultist","floor":1,"turns":3},{"damage":0,"enemies":"2 Louse","floor":4,"turns":2},{"damage":7,"enemies":"Small Slimes","floor":5,"turns":4},{"damage":9,"enemies":"2 Fungi Beasts","floor":10,"turns":3},{"damage":9,"enemies":"Red Slaver","floor":11,"turns":5},{"damage":10,"enemies":"Lots of Slimes","floor":12,"turns":5},{"damage":7,"enemies":"Looter","floor":13,"turns":3},{"damage":23,"enemies":"The Guardian","floor":16,"turns":11},{"damage":22,"enemies":"Spheric Guardian","floor":18,"turns":6},{"damage":27,"enemies":"3 Byrds","floor":20,"turns":7},{"damage":0,"enemies":"3 Cultists","floor":22,"turns":7},{"damage":0,"enemies":"Snecko","floor":24,"turns":5},{"damage":0,"enemies":"Snake Plant","floor":30,"turns":4},{"damage":15,"enemies":"Champ","floor":33,"turns":8},{"damage":16,"enemies":"Orb Walker","floor":35,"turns":4},{"damage":96,"enemies":"2 Orb Walkers","floor":40,"turns":8}],"event_choices":[{"event_name":"World of Goop","player_choice":"Gather Gold","floor":2,"damage_taken":0},{"event_name":"Liars Game","player_choice":"disagreed","floor":3,"damage_taken":0},{"event_name":"Bonfire Elementals","player_choice":"CURSE","floor":7,"damage_taken":0},{"event_name":"Addict","player_choice":"Obtained Relic","floor":19,"damage_taken":0},{"event_name":"Back to Basics","player_choice":"Elegance","floor":21,"damage_taken":0},{"event_name":"Drug Dealer","player_choice":"Ignored","floor":29,"damage_taken":0},{"event_name":"Mysterious Sphere","player_choice":"Ignore","floor":36,"damage_taken":0},{"event_name":"Tomb of Lord Red Mask","player_choice":"Paid","floor":38,"damage_taken":0}],"boss_relics":[{"not_picked":["Lizard Tail","Philosopher\u0027s Stone"],"picked":"Cursed Key"},{"not_picked":["Black Star","Question Card"],"picked":"Runic Dome"}],"potions_floor_spawned":[5,10,13,20],"seed_played":"-1879899483607732948","killed_by":"2 Orb Walkers","ascension_level":15,"is_trial":false}