{"path_per_floor":["M","$","?","M","T","R","E","M","T","R","M","$","M","?","R","B",null,"M","?","M","M","M","R","M","R","T","M","E","$","R","?","R","B",null,"M","M","M","M","$","E","R","$","T","?","?","R","M","?","R","B"],"character_chosen":"IRONCLAD","items_purchased":["Seeing Red","Shuriken","Demon Form","Blood for Blood"],"gold_per_floor":[215,61,61,84,84,84,118,132,132,132,155,55,69,69,69,193,193,209,259,274,290,315,315,328,328,353,369,407,23,23,23,23,123,123,143,161,172,191,56,82,82,15,15,15,15,15,32,0,0,0],"floor_reached":51,"campfire_rested":0,"playtime":1825,"current_hp_per_floor":[80,80,74,74,74,74,74,74,74,74,74,74,74,74,74,55,74,74,74,74,74,74,74,74,74,74,74,61,61,61,61,61,66,74,74,74,74,74,74,52,60,60,60,60,74,74,74,74,74,18],"items_purged":["Strike_R","Strike_R","Strike_R"],"gold":0,"score":547,"play_id":"79172624-3817-472d-aa72-e6091b3f211a","is_prod":false,"is_daily":false,"is_ascension_mode":false,"campfire_upgraded":10,"path_taken":["M","$","?","M","?","R","E","M","T","R","?","$","M","?","R","BOSS","M","?","M","M","M","R","M","R","T","M","E","$","R","?","R","BOSS","M","M","M","M","$","E","R","$","T","?","?","R","M","?","R","BOSS"],"build_version":"2018-02-08-BETA1","purchased_purges":3,"victory":true,"master_deck":["Strike_R","Strike_R","Defend_R","Defend_R","Defend_R","Defend_R","Bash+1","Bludgeon+1","Seeing Red+1","Pommel Strike+1","Ghostly Armor+1","Flame Barrier+1","Battle Trance+1","Barricade","Pommel Strike+1","Blood for Blood+1","Clothesline+1","Heavy Blade+1","Juggernaut+1","Reaper","Shrug It Off+1","Demon Form+1","Blood for Blood+1","Bludgeon+1","Writhe","Sever Soul+1"],"max_hp_per_floor":[80,80,74,74,74,74,74,74,74,74,74,74,74,74,74,74,74,74,74,74,74,74,74,74,74,74,74,74,74,74,74,74,74,74,74,74,74,74,74,74,74,74,74,74,74,74,74,74,74,74],"relics":["Burning Blood","Bloody Idol","Anchor","Dream Catcher","Bottled Flame","Snecko Eye","Happy Flower","Art of War","Shuriken","Eternal Feather","Ginger","Unceasing Top","Red Mask"],"card_choices":[{"not_picked":["Heavy Blade","Power Through"],"picked":"Bludgeon"},{"not_picked":["Heavy Blade","Clash"],"picked":"Pommel Strike"},{"not_picked":["Carnage","Rupture"],"picked":"Ghostly Armor"},{"not_picked":["Clothesline","Headbutt"],"picked":"Flame Barrier"},{"not_picked":["Metallicize","Warcry"],"picked":"Battle Trance"},{"not_picked":["Fiend Fire","Demon Form"],"picked":"Barricade"},{"not_picked":["Clash","Pummel"],"picked":"Pommel Strike"},{"not_picked":["Havoc","Heavy Blade"],"picked":"Blood for Blood"},{"not_picked":["Seeing Red","Combust"],"picked":"Clothesline"},{"not_picked":["Body Slam","Clothesline"],"picked":"Heavy Blade"},{"not_picked":["Rampage","Double Tap"],"picked":"Juggernaut"},{"not_picked":["Barricade","Brutality"],"picked":"Reaper"},{"not_picked":["Anger","Armaments"],"picked":"Shrug It Off"},{"not_picked":["True Grit","Flex"],"picked":"Sever Soul"}],"player_experience":537803,"potions_floor_usage":[33,40],"damage_taken":[{"damage":1,"enemies":"Cultist","floor":1,"turns":3},{"damage":1,"enemies":"2 Louse","floor":4,"turns":2},{"damage":6,"enemies":"3 Sentries","floor":7,"turns":6},{"damage":0,"enemies":"Blue Slaver","floor":8,"turns":3},{"damage":0,"enemies":"Looter","floor":11,"turns":1},{"damage":1,"enemies":"3 Louse","floor":13,"turns":4},{"damage":25,"enemies":"The Guardian","floor":16,"turns":6},{"damage":0,"enemies":"Spheric Guardian","floor":18,"turns":3},{"damage":0,"enemies":"Shell Parasite","floor":20,"turns":3},{"damage":1,"enemies":"Centurion and Healer","floor":21,"turns":3},{"damage":4,"enemies":"Cultist and Chosen","floor":22,"turns":3},{"damage":0,"enemies":"Snecko","floor":24,"turns":3},{"damage":0,"enemies":"Centurion and Healer","floor":27,"turns":4},{"damage":19,"enemies":"Slavers","floor":28,"turns":3},{"damage":6,"enemies":"Automaton","floor":33,"turns":7},{"damage":0,"enemies":"Orb Walker","floor":35,"turns":2},{"damage":8,"enemies":"3 Darklings","floor":36,"turns":4},{"damage":0,"enemies":"4 Shapes","floor":37,"turns":4},{"damage":0,"enemies":"Flame Bruiser 2 Orb","floor":38,"turns":4},{"damage":33,"enemies":"2 Orb Walkers","floor":40,"turns":4},{"damage":3,"enemies":"Maw","floor":47,"turns":4},{"damage":62,"enemies":"Donu and Deca","floor":50,"turns":8}],"event_choices":[{"event_name":"Golden Idol","player_choice":"Lose Max HP","floor":3,"damage_taken":0},{"event_name":"Liars Game","player_choice":"disagreed","floor":14,"damage_taken":0},{"event_name":"The Joust","player_choice":"Bet on Murderer","floor":19,"damage_taken":0},{"event_name":"Forgotten Altar","player_choice":"Gave Idol","floor":31,"damage_taken":0},{"event_name":"Duplicator","player_choice":"One dupe","floor":44,"damage_taken":0},{"event_name":"Winding Halls","player_choice":"Writhe","floor":45,"damage_taken":0},{"event_name":"Tomb of Lord Red Mask","player_choice":"Paid","floor":48,"damage_taken":0}],"boss_relics":[{"not_picked":["Mark of Pain","Question Card"],"picked":"Snecko Eye"},{"not_picked":["Calling Bell","Tiny House"],"picked":"Eternal Feather"}],"potions_floor_spawned":[1,7,16,18,21,28,33,37,38,40,47],"seed_played":"1629710703782438686","ascension_level":0,"is_trial":false}