{"path_per_floor":["M","M","M","?","M","E","R","E","T","?","$","E","$","M","R","B",null,"M","M","?","?","M","E","M","?","T","R","E","$","E","?","R","B",null,"M","M","?","M","M","R","E","R","T","E","M","E","?","M","R","B"],"character_chosen":"IRONCLAD","items_purchased":["Bludgeon"],"gold_per_floor":[110,130,143,143,153,180,180,205,230,180,25,60,60,78,78,179,179,179,179,104,4,4,4,4,4,4,4,4,4,4,4,4,4,4,4,4,4,4,4,4,4,4,4,4,4,4,4,4,4,4],"floor_reached":51,"campfire_rested":4,"playtime":2924,"current_hp_per_floor":[74,74,74,74,63,37,61,53,53,53,53,46,46,44,44,19,90,90,82,82,82,79,62,34,64,64,64,25,25,17,17,44,41,90,79,68,68,82,79,79,55,82,82,53,49,49,72,72,90,39],"items_purged":[],"gold":4,"score":697,"play_id":"1315963d-91ff-4651-a421-a5bc39640265","is_prod":false,"is_daily":false,"is_ascension_mode":true,"campfire_upgraded":3,"path_taken":["M","M","M","?","M","E","R","E","T","?","$","E","$","M","R","BOSS","M","M","?","?","M","E","M","?","T","R","E","$","E","?","R","BOSS","M","M","?","?","M","R","E","R","T","E","M","E","?","M","R","BOSS"],"build_version":"2018-02-16-BETA2","purchased_purges":0,"victory":true,"master_deck":["Strike_R","Defend_R","Defend_R","Defend_R","Defend_R","Bash","Ghostly Armor","Thunderclap+1","Shrug It Off","Flex","Disarm+1","Bludgeon","Blood for Blood","Headbutt","Barricade","Body Slam+1","J.A.X.","Shrug It Off+1","Impervious+1","Seeing Red","Shockwave","Shrug It Off","True Grit+1","Searing Blow","Perfected Strike+1","Uppercut","Blood for Blood","Demon Form+1"],"max_hp_per_floor":[80,80,80,80,80,80,80,80,80,80,80,90,90,90,90,90,90,90,90,90,90,90,90,90,90,90,90,90,90,90,90,90,90,90,90,90,90,90,90,90,90,90,90,90,90,90,90,90,90,90],"relics":["Philosopher\u0027s Stone","Whetstone","Omamori","Bag of Marbles","Pear","Ectoplasm","Darkstone Periapt","Ginger","Shuriken","Mercury Hourglass","Snecko Eye","Paper Frog","Regal Pillow","Bottled Lightning","Frozen Egg 2"],"card_choices":[{"not_picked":["Sever Soul","Carnage"],"picked":"Ghostly Armor"},{"not_picked":["Perfected Strike","Twin Strike"],"picked":"Thunderclap"},{"not_picked":["Wild Strike","Berserk"],"picked":"Shrug It Off"},{"not_picked":["Dropkick","Sentinel"],"picked":"Flex"},{"not_picked":["Thunderclap","Perfected Strike"],"picked":"Disarm"},{"not_picked":["True Grit","Entrench"],"picked":"Blood for Blood"},{"not_picked":["Perfected Strike","Carnage"],"picked":"Headbutt"},{"not_picked":["Offering","Brutality"],"picked":"Barricade"},{"not_picked":["Anger","Shrug It Off"],"picked":"Body Slam"},{"not_picked":["Havoc","Warcry"],"picked":"Shrug It Off"},{"not_picked":["Dual Wield","Dropkick"],"picked":"Impervious"},{"not_picked":["Sword Boomerang","Brutality"],"picked":"Seeing Red"},{"not_picked":["Blood for Blood","Armaments"],"picked":"Shockwave"},{"not_picked":["Intimidate","Cleave"],"picked":"Shrug It Off"},{"not_picked":["Bloodletting","Iron Wave"],"picked":"True Grit"},{"not_picked":["Sword Boomerang","Inflame"],"picked":"Searing Blow"},{"not_picked":["Sword Boomerang","Fire Breathing"],"picked":"Perfected Strike"},{"not_picked":["Havoc","Perfected Strike"],"picked":"Uppercut"},{"not_picked":["Sever Soul","Pommel Strike"],"picked":"Blood for Blood"},{"not_picked":["Clothesline","Shockwave"],"picked":"Demon Form"}],"player_experience":653309,"potions_floor_usage":[6,6,8,16,23,28,38,45,48],"damage_taken":[{"damage":6,"enemies":"2 Louse","floor":1,"turns":2},{"damage":0,"enemies":"Small Slimes","floor":2,"turns":3},{"damage":0,"enemies":"Cultist","floor":3,"turns":3},{"damage":11,"enemies":"Large Slime","floor":5,"turns":7},{"damage":26,"enemies":"Lagavulin","floor":6,"turns":6},{"damage":8,"enemies":"Gremlin Nob","floor":8,"turns":3},{"damage":17,"enemies":"3 Sentries","floor":12,"turns":6},{"damage":2,"enemies":"2 Fungi Beasts","floor":14,"turns":3},{"damage":25,"enemies":"Hexaghost","floor":16,"turns":8},{"damage":0,"enemies":"Chosen","floor":18,"turns":7},{"damage":8,"enemies":"Spheric Guardian","floor":19,"turns":6},{"damage":3,"enemies":"Snecko","floor":22,"turns":3},{"damage":17,"enemies":"Gremlin Leader","floor":23,"turns":7},{"damage":28,"enemies":"Sentry and Sphere","floor":24,"turns":5},{"damage":39,"enemies":"Book of Stabbing","floor":28,"turns":5},{"damage":8,"enemies":"Gremlin Leader","floor":30,"turns":8},{"damage":3,"enemies":"Collector","floor":33,"turns":8},{"damage":11,"enemies":"Orb Walker","floor":35,"turns":3},{"damage":11,"enemies":"3 Darklings","floor":36,"turns":5},{"damage":1,"enemies":"4 Shapes","floor":38,"turns":8},{"damage":3,"enemies":"Maw","floor":39,"turns":7},{"damage":24,"enemies":"Nemesis","floor":41,"turns":5},{"damage":29,"enemies":"2 Orb Walkers","floor":44,"turns":7},{"damage":4,"enemies":"Flame Bruiser 2 Orb","floor":45,"turns":4},{"damage":0,"enemies":"Nemesis","floor":46,"turns":3},{"damage":0,"enemies":"Sphere and 2 Shapes","floor":48,"turns":4},{"damage":51,"enemies":"Donu and Deca","floor":50,"turns":7}],"event_choices":[{"event_name":"Living Wall","player_choice":"Forget","floor":4,"damage_taken":0},{"event_name":"The Cleric","player_choice":"Card Removal","floor":10,"damage_taken":0},{"event_name":"Beggar","player_choice":"Gave Gold","floor":20,"damage_taken":0},{"event_name":"Drug Dealer","player_choice":"Got JAXXED","floor":21,"damage_taken":0},{"event_name":"The Library","player_choice":"Heal","floor":25,"damage_taken":0},{"event_name":"Forgotten Altar","player_choice":"Smashed Altar","floor":31,"damage_taken":0},{"event_name":"Winding Halls","player_choice":"Writhe","floor":47,"damage_taken":0}],"boss_relics":[{"not_picked":["Tiny House","Runic Pyramid"],"picked":"Ectoplasm"},{"not_picked":["Black Star","Cursed Key"],"picked":"Snecko Eye"}],"potions_floor_spawned":[1,5,6,14,19,23,35,36,46,48],"seed_played":"6997669479693093912","ascension_level":1,"is_trial":false}