{"path_per_floor":["M","M","M","$","?","E","R","M","T","R","?","?","$","M","R","B",null,"M","M","?","M","?","R","?"],"character_chosen":"IRONCLAD","items_purchased":[],"gold_per_floor":[99,99,99,24,3,3,3,3,3,3,3,3,3,3,3,3,3,0,0,0,0,0,0,0],"floor_reached":25,"campfire_rested":2,"playtime":733,"current_hp_per_floor":[71,63,63,63,63,57,57,57,57,57,40,33,33,33,59,7,67,48,34,17,12,12,39,39],"items_purged":["Parasite"],"gold":0,"score":302,"play_id":"3bca9e07-46c6-41fe-a842-b3bc1c84d177","is_prod":false,"is_daily":false,"is_ascension_mode":true,"campfire_upgraded":2,"path_taken":["M","M","M","$","?","E","R","M","T","R","?","?","$","?","R","BOSS","M","M","?","M","?","R","?","E"],"build_version":"2018-02-08-BETA1","purchased_purges":1,"victory":false,"master_deck":["Bash+1","Pommel Strike","Whirlwind+1","Clothesline","Rampage","Impervious","Perfected Strike","Cleave","Flex","Anger","Havoc","Body Slam","True Grit","Disarm","Impervious"],"max_hp_per_floor":[80,80,80,77,77,87,87,87,87,87,87,87,87,87,87,87,87,87,87,92,92,92,92,92],"relics":["Ectoplasm","Pear","Champion Belt","Pandora\u0027s Box"],"card_choices":[{"not_picked":["Iron Wave","Inflame"],"picked":"Pommel Strike"},{"not_picked":["Flame Barrier","Cleave"],"picked":"Whirlwind"},{"not_picked":["Rage","Anger"],"picked":"Clothesline"},{"not_picked":["Exhume","Perfected Strike"],"picked":"Rampage"},{"not_picked":["Berserk","Demon Form"],"picked":"Impervious"}],"player_experience":480646,"potions_floor_usage":[6,16],"damage_taken":[{"damage":1,"enemies":"Cultist","floor":1,"turns":4},{"damage":8,"enemies":"Jaw Worm","floor":2,"turns":4},{"damage":0,"enemies":"2 Louse","floor":3,"turns":2},{"damage":16,"enemies":"Gremlin Nob","floor":6,"turns":4},{"damage":0,"enemies":"Large Slime","floor":8,"turns":4},{"damage":0,"enemies":"2 Fungi Beasts","floor":14,"turns":2},{"damage":52,"enemies":"Slime Boss","floor":16,"turns":10},{"damage":19,"enemies":"2 Thieves","floor":18,"turns":4},{"damage":14,"enemies":"Shell Parasite","floor":19,"turns":4},{"damage":5,"enemies":"Snecko","floor":21,"turns":4},{"damage":39,"enemies":"Book of Stabbing","floor":25,"turns":6}],"event_choices":[{"event_name":"World of Goop","player_choice":"Left","floor":5,"damage_taken":0},{"event_name":"Shining Light","player_choice":"Entered Light","floor":11,"damage_taken":0},{"event_name":"Golden Wing","player_choice":"Card Removal","floor":12,"damage_taken":0},{"event_name":"Forgotten Altar","player_choice":"Shed Blood","floor":20,"damage_taken":0},{"event_name":"Duplicator","player_choice":"One dupe","floor":22,"damage_taken":0},{"event_name":"Addict","player_choice":"Ignored","floor":24,"damage_taken":0}],"boss_relics":[{"not_picked":["Calling Bell","Black Star"],"picked":"Pandora\u0027s Box"}],"potions_floor_spawned":[1,6,16,18,19,21],"seed_played":"8030305311706133045","killed_by":"Book of Stabbing","ascension_level":10,"is_trial":false}