{"path_per_floor":["M","M","?","$","M","R","E","M","T","?","M","E","?","$","R"],"character_chosen":"IRONCLAD","items_purchased":["Spot Weakness","Twin Strike","Regen Potion"],"gold_per_floor":[111,127,127,52,72,72,101,112,135,235,248,276,276,40,40],"floor_reached":16,"campfire_rested":0,"playtime":934,"current_hp_per_floor":[76,74,74,74,69,69,51,48,48,48,44,29,29,29,29],"items_purged":["Strike_R","Strike_R"],"gold":40,"score":110,"play_id":"f95829b8-17b1-4da7-ad58-29094bc5718b","is_prod":false,"is_daily":false,"is_ascension_mode":false,"campfire_upgraded":2,"path_taken":["M","M","?","$","M","R","E","M","T","?","?","E","?","?","R","BOSS"],"build_version":"2018-02-16-BETA2","purchased_purges":2,"victory":false,"master_deck":["Strike_R","Strike_R","Defend_R","Defend_R","Defend_R","Defend_R","Bash+1","Shrug It Off","Thunderclap","True Grit+1","Shockwave+1","Shrug It Off","Metallicize","Battle Trance","Headbutt","Spot Weakness","Twin Strike"],"max_hp_per_floor":[80,80,80,80,80,80,80,80,80,80,82,84,84,84,84],"relics":["Orrery","Singing Bowl","Anchor","Art of War"],"card_choices":[{"not_picked":["Second Wind","Cleave"],"picked":"Shrug It Off"},{"not_picked":["Intimidate","Clash"],"picked":"Thunderclap"},{"not_picked":["Cleave","Body Slam"],"picked":"True Grit"},{"not_picked":["Disarm","Reckless Charge"],"picked":"Shockwave"},{"not_picked":["Body Slam","Dual Wield"],"picked":"Shrug It Off"},{"not_picked":["Body Slam","Seeing Red"],"picked":"Metallicize"},{"not_picked":["Juggernaut","Body Slam"],"picked":"Battle Trance"},{"not_picked":["Heavy Blade","Shockwave"],"picked":"Headbutt"}],"player_experience":640821,"potions_floor_usage":[7,12,12,16],"damage_taken":[{"damage":4,"enemies":"Jaw Worm","floor":1,"turns":3},{"damage":2,"enemies":"2 Louse","floor":2,"turns":3},{"damage":5,"enemies":"Small Slimes","floor":5,"turns":4},{"damage":18,"enemies":"3 Sentries","floor":7,"turns":13},{"damage":3,"enemies":"Looter","floor":8,"turns":4},{"damage":6,"enemies":"Exordium Thugs","floor":11,"turns":4},{"damage":17,"enemies":"Lagavulin","floor":12,"turns":10},{"damage":48,"enemies":"Hexaghost","floor":16,"turns":11}],"event_choices":[{"event_name":"Living Wall","player_choice":"Forget","floor":3,"damage_taken":0},{"event_name":"Golden Shrine","player_choice":"Pray","floor":10,"damage_taken":0},{"event_name":"Accursed Blacksmith","player_choice":"Forge","floor":13,"damage_taken":0}],"boss_relics":[],"potions_floor_spawned":[1,5,11],"seed_played":"-8063162423024823544","killed_by":"Hexaghost","ascension_level":0,"is_trial":false}