{"path_per_floor":["M","M","M","?","?","R","M","?","T","R","M","R","E","M","R","B",null,"M","M","$","$","?","R","E","R","T","R","E","M"],"character_chosen":"IRONCLAD","items_purchased":["Shrug It Off","Vajra","Flame Barrier"],"gold_per_floor":[12,29,41,41,141,141,152,152,152,152,171,171,200,215,215,316,316,335,353,85,9,9,9,41,41,111,111,138,152],"floor_reached":30,"campfire_rested":1,"playtime":2153,"current_hp_per_floor":[76,80,80,80,80,80,80,80,80,80,82,82,60,62,62,54,84,72,75,75,75,59,59,15,15,25,54,28,26],"items_purged":["Strike_R"],"gold":152,"score":347,"play_id":"12e35199-5dab-4de8-a3b8-6a132ad8bf9d","is_prod":false,"is_daily":false,"is_ascension_mode":true,"campfire_upgraded":6,"path_taken":["M","M","M","?","?","R","M","?","T","R","?","R","E","M","R","BOSS","M","M","?","$","?","R","E","R","T","R","E","M","E"],"build_version":"2018-02-07-BETA1","purchased_purges":1,"victory":false,"master_deck":["Strike_R","Defend_R","Defend_R","Defend_R","Defend_R","Bash+1","Sword Boomerang+1","Headbutt","Rampage+1","Inflame+1","Double Tap","Flame Barrier+1","True Grit+1","Shrug It Off","Flame Barrier","Ghostly Armor"],"max_hp_per_floor":[80,80,80,80,80,80,80,80,80,80,82,82,84,84,84,84,84,84,84,84,84,89,89,89,89,99,99,101,103],"relics":["Burning Blood","Singing Bowl","Charon\u0027s Ashes","Art of War","Question Card","Vajra","Meat on the Bone","Pear","Peace Pipe"],"card_choices":[{"not_picked":["Rage","Anger"],"picked":"Sword Boomerang"},{"not_picked":["Sword Boomerang","Warcry"],"picked":"Headbutt"},{"not_picked":["Heavy Blade","Thunderclap"],"picked":"Rampage"},{"not_picked":["Uppercut","Clash"],"picked":"Inflame"},{"not_picked":["Berserk","Bludgeon"],"picked":"Double Tap"},{"not_picked":["Sword Boomerang","Power Through","Bloodletting"],"picked":"Flame Barrier"},{"not_picked":["Clothesline","Body Slam","Havoc"],"picked":"True Grit"},{"not_picked":["Shrug It Off","Perfected Strike","Armaments"],"picked":"Ghostly Armor"}],"player_experience":439693,"potions_floor_usage":[7,13,16,24,30,30],"damage_taken":[{"damage":10,"enemies":"Small Slimes","floor":1,"turns":3},{"damage":1,"enemies":"Cultist","floor":2,"turns":4},{"damage":6,"enemies":"Blue Slaver","floor":3,"turns":5},{"damage":0,"enemies":"2 Fungi Beasts","floor":7,"turns":2},{"damage":4,"enemies":"Red Slaver","floor":11,"turns":3},{"damage":30,"enemies":"Lagavulin","floor":13,"turns":4},{"damage":4,"enemies":"Large Slime","floor":14,"turns":5},{"damage":14,"enemies":"Slime Boss","floor":16,"turns":6},{"damage":18,"enemies":"Shell Parasite","floor":18,"turns":4},{"damage":3,"enemies":"3 Byrds","floor":19,"turns":6},{"damage":50,"enemies":"Book of Stabbing","floor":24,"turns":6},{"damage":46,"enemies":"Slavers","floor":28,"turns":8},{"damage":22,"enemies":"3 Cultists","floor":29,"turns":6},{"damage":39,"enemies":"Gremlin Leader","floor":30,"turns":6}],"event_choices":[{"event_name":"Bonfire Elementals","player_choice":"BASIC","floor":4,"damage_taken":0},{"event_name":"Golden Shrine","player_choice":"Pray","floor":5,"damage_taken":0},{"event_name":"Dead Adventurer","player_choice":"Searched \u00272\u0027 times","floor":8,"damage_taken":0},{"event_name":"Forgotten Altar","player_choice":"Shed Blood","floor":22,"damage_taken":0}],"boss_relics":[{"not_picked":["Orrery","Calling Bell"],"picked":"Question Card"}],"potions_floor_spawned":[1,3,11,19,28,29],"seed_played":"4432466586455086023","killed_by":"Gremlin Leader","ascension_level":4,"is_trial":false}