{"path_per_floor":["M","M","$","M","M","E","R","?","T","M","R","M","?","E","R","B",null,"M","?","M","?","M","R","?","R","T","?","M","$","$","M","R","B",null,"M","M","?","?","$","R","?","R","T","?","M","R","M","M","R","B"],"character_chosen":"IRONCLAD","items_purchased":["Shuriken","Shrug It Off","True Grit","Apotheosis"],"gold_per_floor":[114,134,59,71,88,121,121,121,147,167,167,184,184,228,228,357,357,382,382,402,317,332,332,332,332,332,332,353,22,22,45,45,164,164,178,201,201,267,73,73,406,406,484,484,495,495,507,520,520,520],"floor_reached":51,"campfire_rested":2,"playtime":2431,"current_hp_per_floor":[82,82,82,84,82,55,55,48,48,49,49,54,54,43,43,19,80,80,80,80,80,79,79,71,71,71,71,70,70,70,72,72,52,84,84,84,84,82,82,82,82,82,82,82,72,88,71,57,90,21],"items_purged":["Strike_R"],"gold":520,"score":532,"play_id":"7fceb1a9-2308-467c-8647-037decde59e8","is_prod":false,"is_daily":false,"is_ascension_mode":false,"campfire_upgraded":8,"path_taken":["M","M","$","M","M","E","R","?","T","M","R","M","?","E","R","BOSS","M","?","M","?","M","R","?","R","T","?","M","?","$","M","R","BOSS","M","M","?","?","$","R","?","R","T","?","M","R","M","M","R","BOSS"],"build_version":"2018-02-16-BETA2","purchased_purges":1,"victory":true,"master_deck":["Strike_R","Strike_R","Defend_R","Defend_R","Defend_R","Defend_R","Bash+1","Thunderclap","Inflame+1","Cleave","Battle Trance+1","Headbutt","Offering+1","Shrug It Off+1","Whirlwind+1","Twin Strike+1","Shrug It Off","True Grit+1","Flex+1","Whirlwind+1","Shrug It Off","Apotheosis+1","Pommel Strike+1"],"max_hp_per_floor":[82,82,82,84,84,84,84,84,84,84,84,84,78,80,80,80,80,80,80,80,80,80,80,80,80,80,80,82,82,82,82,82,84,84,84,84,84,86,86,86,86,86,86,86,88,88,88,90,90,90],"relics":["Burning Blood","Singing Bowl","Juzu Bracelet","Toolbox","Regal Pillow","Darkstone Periapt","Runic Dome","Paper Frog","Du-Vu Doll","Shuriken","Velvet Choker","Gremlin Horn"],"card_choices":[{"not_picked":["Dropkick","Sever Soul"],"picked":"Thunderclap"},{"not_picked":["True Grit","Headbutt"],"picked":"Inflame"},{"not_picked":["Anger","Clothesline"],"picked":"Cleave"},{"not_picked":["Clothesline","Rage"],"picked":"Battle Trance"},{"not_picked":["Clothesline","Heavy Blade"],"picked":"Headbutt"},{"not_picked":["Dark Embrace","Feed"],"picked":"Offering"},{"not_picked":["Clash","Pommel Strike"],"picked":"Shrug It Off"},{"not_picked":["Dual Wield","Body Slam"],"picked":"Whirlwind"},{"not_picked":["Inflame","Corruption"],"picked":"Twin Strike"},{"not_picked":["Thunderclap","Second Wind"],"picked":"Flex"},{"not_picked":["Rage","Havoc"],"picked":"Whirlwind"},{"not_picked":["Anger","Clothesline"],"picked":"Shrug It Off"},{"not_picked":["Intimidate","Sword Boomerang"],"picked":"Pommel Strike"}],"player_experience":671344,"potions_floor_usage":[14,16,18,22,33,36,45,48,50],"damage_taken":[{"damage":6,"enemies":"Jaw Worm","floor":1,"turns":3},{"damage":6,"enemies":"2 Louse","floor":2,"turns":2},{"damage":1,"enemies":"Cultist","floor":4,"turns":3},{"damage":8,"enemies":"3 Louse","floor":5,"turns":3},{"damage":33,"enemies":"3 Sentries","floor":6,"turns":8},{"damage":5,"enemies":"Looter","floor":10,"turns":3},{"damage":1,"enemies":"Exordium Wildlife","floor":12,"turns":3},{"damage":19,"enemies":"Lagavulin","floor":14,"turns":6},{"damage":34,"enemies":"Slime Boss","floor":16,"turns":6},{"damage":4,"enemies":"3 Byrds","floor":18,"turns":3},{"damage":6,"enemies":"2 Thieves","floor":20,"turns":2},{"damage":7,"enemies":"Snecko","floor":22,"turns":3},{"damage":9,"enemies":"Centurion and Healer","floor":28,"turns":3},{"damage":4,"enemies":"Sentry and Sphere","floor":31,"turns":3},{"damage":32,"enemies":"Champ","floor":33,"turns":8},{"damage":4,"enemies":"Flame Bruiser 1 Orb","floor":35,"turns":3},{"damage":4,"enemies":"Orb Walker","floor":36,"turns":1},{"damage":10,"enemies":"Mysterious Sphere","floor":38,"turns":2},{"damage":18,"enemies":"4 Shapes","floor":45,"turns":1},{"damage":23,"enemies":"Maw","floor":47,"turns":5},{"damage":22,"enemies":"Spire Growth","floor":48,"turns":4},{"damage":90,"enemies":"Awakened One","floor":50,"turns":12}],"event_choices":[{"event_name":"Scrap Ooze","player_choice":"success","floor":8,"damage_taken":7},{"event_name":"Golden Idol","player_choice":"Lose Max HP","floor":13,"damage_taken":0},{"event_name":"Purifier","player_choice":"One Purge","floor":19,"damage_taken":0},{"event_name":"Addict","player_choice":"Obtained Relic","floor":21,"damage_taken":0},{"event_name":"Knowing Skull","player_choice":"","floor":24,"damage_taken":0},{"event_name":"Back to Basics","player_choice":"Elegance","floor":27,"damage_taken":0},{"event_name":"Tomb of Lord Red Mask","player_choice":"Ignored","floor":37,"damage_taken":0},{"event_name":"Mysterious Sphere","player_choice":"Fight","floor":38,"damage_taken":0},{"event_name":"The Moai Head","player_choice":"Gave Idol","floor":41,"damage_taken":0},{"event_name":"Accursed Blacksmith","player_choice":"Forge","floor":44,"damage_taken":0}],"boss_relics":[{"not_picked":["Black Star","Orrery"],"picked":"Runic Dome"},{"not_picked":["Pandora\u0027s Box","Runic Cube"],"picked":"Velvet Choker"}],"potions_floor_spawned":[1,10,12,16,22,33,35,38,47],"seed_played":"3517103144399402059","ascension_level":0,"is_trial":false}