{"path_per_floor":["M","?","?","?","$","R","$","M","T","R","M","M","M","E","R","B",null,"M","$","?","?","M","M","M","R","T","M","T","$","R","M","R"],"character_chosen":"IRONCLAD","items_purchased":["Inflame","Uppercut","Molten Egg 2","Whirlwind"],"gold_per_floor":[115,115,115,190,8,8,8,22,103,103,122,136,155,181,181,285,285,296,36,36,36,46,64,84,84,134,149,201,33,33,46,46],"floor_reached":33,"campfire_rested":2,"playtime":697,"current_hp_per_floor":[80,80,80,69,69,69,69,75,75,75,80,77,69,73,73,43,80,62,62,62,62,46,34,33,33,33,29,29,29,53,52,76],"items_purged":["Strike_R","Strike_R"],"gold":46,"score":247,"play_id":"832e2e50-816a-4f2f-8721-833855c3c3bc","is_prod":false,"is_daily":false,"is_ascension_mode":false,"campfire_upgraded":4,"path_taken":["M","?","?","?","?","R","$","?","T","R","M","M","M","E","R","BOSS","M","$","?","?","M","M","M","R","T","M","?","$","R","M","R","BOSS"],"build_version":"2018-02-16-BETA2","purchased_purges":2,"victory":false,"master_deck":["Strike_R","Strike_R","Defend_R","Defend_R","Defend_R","Defend_R","Bash","Inflame+1","Uppercut+1","Cleave","Disarm+1","Offering","Seeing Red+1","Pommel Strike+1","Sword Boomerang+1","Twin Strike+1","Whirlwind+1","Rampage+1"],"max_hp_per_floor":[80,80,80,80,80,80,80,80,80,80,80,80,80,80,80,80,80,80,80,80,80,80,80,80,80,80,80,80,80,80,80,80],"relics":["Black Blood","NeowsBlessing","Darkstone Periapt","Bag of Preparation","Molten Egg 2","Anchor","Oddly Smooth Stone"],"card_choices":[{"not_picked":["Pommel Strike","Juggernaut"],"picked":"Cleave"},{"not_picked":["Heavy Blade","Infernal Blade"],"picked":"Disarm"},{"not_picked":["Immolate","Barricade"],"picked":"Offering"},{"not_picked":["Warcry","Twin Strike"],"picked":"Seeing Red"},{"not_picked":["Fire Breathing","Clothesline"],"picked":"Pommel Strike"},{"not_picked":["Iron Wave","Body Slam"],"picked":"Sword Boomerang"},{"not_picked":["Infernal Blade","Headbutt"],"picked":"Twin Strike"},{"not_picked":["Pommel Strike","Clash"],"picked":"Rampage"}],"player_experience":704686,"potions_floor_usage":[14,18,24,27,27],"damage_taken":[{"damage":0,"enemies":"Jaw Worm","floor":1,"turns":1},{"damage":0,"enemies":"2 Louse","floor":8,"turns":1},{"damage":0,"enemies":"Small Slimes","floor":11,"turns":1},{"damage":9,"enemies":"Exordium Wildlife","floor":12,"turns":6},{"damage":14,"enemies":"Large Slime","floor":13,"turns":6},{"damage":14,"enemies":"3 Sentries","floor":14,"turns":6},{"damage":36,"enemies":"Hexaghost","floor":16,"turns":10},{"damage":28,"enemies":"Spheric Guardian","floor":18,"turns":4},{"damage":26,"enemies":"2 Thieves","floor":22,"turns":3},{"damage":22,"enemies":"Chosen and Byrds","floor":23,"turns":6},{"damage":11,"enemies":"Cultist and Chosen","floor":24,"turns":4},{"damage":14,"enemies":"Slaver and Parasite","floor":27,"turns":3},{"damage":11,"enemies":"Chosen and Byrds","floor":31,"turns":3},{"damage":76,"enemies":"Automaton","floor":33,"turns":6}],"event_choices":[{"event_name":"Liars Game","player_choice":"disagreed","floor":2,"damage_taken":0},{"event_name":"Living Wall","player_choice":"Forget","floor":3,"damage_taken":0},{"event_name":"World of Goop","player_choice":"Gather Gold","floor":4,"damage_taken":0},{"event_name":"Drug Dealer","player_choice":"Ignored","floor":20,"damage_taken":0},{"event_name":"Beggar","player_choice":"Ignored","floor":21,"damage_taken":0}],"boss_relics":[{"not_picked":["Runic Cube","Pandora\u0027s Box"],"picked":"Black Blood"}],"potions_floor_spawned":[8,12,13,16,22],"seed_played":"-4029538024993279750","killed_by":"Automaton","ascension_level":0,"is_trial":false}