{"path_per_floor":["M","?","M","?","$","R","M","R","T","M","M","M","$","M","R","B",null,"M","?","M","M","$","R","M","R","T","M","R","?","M","$","R"],"character_chosen":"IRONCLAD","items_purchased":["Offering","Rampage"],"gold_per_floor":[214,214,227,177,33,33,45,45,45,55,68,82,7,21,21,122,122,141,141,153,169,93,93,113,113,113,133,133,133,152,52,52],"floor_reached":33,"campfire_rested":1,"playtime":1794,"current_hp_per_floor":[80,64,69,69,69,69,75,75,75,77,80,80,80,78,78,76,80,68,68,66,52,52,52,41,41,41,43,43,43,39,39,63],"items_purged":["Strike_R","Strike_R"],"gold":52,"score":241,"play_id":"deae0f05-3281-4b94-a751-595c05830f1c","is_prod":false,"is_daily":false,"is_ascension_mode":false,"campfire_upgraded":6,"path_taken":["M","?","M","?","$","R","M","R","T","M","M","M","?","M","R","BOSS","M","?","M","?","$","R","M","R","T","?","R","?","?","?","R","BOSS"],"build_version":"2018-02-16-BETA2","purchased_purges":2,"victory":false,"master_deck":["Strike_R+1","Strike_R+1","Defend_R","Defend_R","Defend_R","Defend_R","Bash","Battle Trance","Flame Barrier+1","Offering","Metallicize+1","Metallicize+1","Offering","Twin Strike","Spot Weakness+1","Flame Barrier+1","Rampage+1","Pummel+1","Whirlwind"],"max_hp_per_floor":[80,80,80,80,80,80,80,80,80,80,80,80,80,80,80,80,80,80,80,80,80,80,80,80,80,80,80,80,80,80,80,80],"relics":["Burning Blood"],"card_choices":[{"not_picked":["Hemokinesis","Sword Boomerang"],"picked":"Battle Trance"},{"not_picked":["Iron Wave","Pommel Strike"],"picked":"Flame Barrier"},{"not_picked":["Intimidate","Twin Strike"],"picked":"Metallicize"},{"not_picked":["Flex","Flame Barrier"],"picked":"Metallicize"},{"not_picked":["Sword Boomerang","Shrug It Off"],"picked":"Offering"},{"not_picked":["Flame Barrier","Shrug It Off"],"picked":"Twin Strike"},{"not_picked":["Second Wind","Heavy Blade"],"picked":"Spot Weakness"},{"not_picked":["Power Through","Sentinel"],"picked":"Flame Barrier"},{"not_picked":["Havoc","Clash"],"picked":"Pummel"},{"not_picked":["Pummel","Headbutt"],"picked":"Whirlwind"}],"player_experience":676102,"potions_floor_usage":[20,27,27,27,33],"damage_taken":[{"damage":3,"enemies":"Jaw Worm","floor":1,"turns":4},{"damage":1,"enemies":"2 Louse","floor":3,"turns":2},{"damage":0,"enemies":"Small Slimes","floor":7,"turns":3},{"damage":4,"enemies":"Exordium Wildlife","floor":10,"turns":2},{"damage":0,"enemies":"Looter","floor":11,"turns":3},{"damage":0,"enemies":"Blue Slaver","floor":12,"turns":5},{"damage":8,"enemies":"Large Slime","floor":14,"turns":5},{"damage":8,"enemies":"The Guardian","floor":16,"turns":15},{"damage":18,"enemies":"Shell Parasite","floor":18,"turns":6},{"damage":17,"enemies":"Spheric Guardian","floor":20,"turns":4},{"damage":20,"enemies":"Snake Plant","floor":21,"turns":4},{"damage":17,"enemies":"Sentry and Sphere","floor":24,"turns":8},{"damage":4,"enemies":"Chosen and Byrds","floor":27,"turns":6},{"damage":10,"enemies":"Slaver and Parasite","floor":30,"turns":4},{"damage":64,"enemies":"Collector","floor":33,"turns":7}],"event_choices":[{"event_name":"Shining Light","player_choice":"Entered Light","floor":2,"damage_taken":0},{"event_name":"The Cleric","player_choice":"Card Removal","floor":4,"damage_taken":0},{"event_name":"Cursed Tome","player_choice":"Ignored","floor":19,"damage_taken":0},{"event_name":"Vampires","player_choice":"Ignored","floor":29,"damage_taken":0}],"boss_relics":[{"not_picked":[]}],"potions_floor_spawned":[1,7,12,14,16,18,21,24,27],"seed_played":"-7775067624780158660","killed_by":"Collector","ascension_level":0,"is_trial":false}