{"path_per_floor":["M","?","M","M","M","E","?","E","T","?","E","R","$","M","R","B",null,"M","$","M","$","M","E","M","E","T","R","$","R","E","?","R","B",null,"M","M","M","M","?","E","M","?","T","T","E","M","E","M","R"],"character_chosen":"IRONCLAD","items_purchased":["Apotheosis","Twin Strike","Heavy Blade"],"gold_per_floor":[116,116,131,147,162,187,187,218,243,243,274,274,70,89,89,184,184,200,99,110,10,26,57,68,100,100,100,52,52,82,82,82,178,178,193,205,222,237,237,271,286,246,246,246,280,290,316,329,329],"floor_reached":50,"campfire_rested":4,"playtime":3592,"current_hp_per_floor":[80,85,85,85,67,60,60,38,38,40,27,62,62,60,60,51,127,119,119,129,129,118,86,94,88,88,88,88,130,124,124,149,88,155,126,120,96,109,109,109,117,117,117,117,64,51,41,28,84],"items_purged":["Strike_R","Strike_R"],"gold":329,"score":640,"play_id":"631ea2fb-3fc3-4541-941b-06dc60106509","is_prod":false,"is_daily":false,"is_ascension_mode":true,"campfire_upgraded":2,"path_taken":["M","?","M","M","M","E","?","E","T","?","E","R","$","M","R","BOSS","M","$","M","?","M","E","M","E","T","R","$","R","E","?","R","BOSS","M","M","M","?","?","E","M","?","T","?","E","?","E","?","R","BOSS"],"build_version":"2018-02-16-BETA2","purchased_purges":2,"victory":false,"master_deck":["Strike_R","Strike_R+1","Defend_R","Defend_R","Defend_R","Defend_R","Bash+1","Armaments","Flex","Feed+1","Headbutt","Flame Barrier","Uppercut","Thunderclap","Apotheosis+1","Spot Weakness+1","Double Tap","Dual Wield","Twin Strike","Pommel Strike+1","Twin Strike+1","Heavy Blade+1","True Grit+1","Decay","Injury","Offering","Flame Barrier+1"],"max_hp_per_floor":[80,85,85,85,88,101,101,101,101,115,119,119,119,123,123,127,127,131,131,135,135,135,139,143,143,143,143,143,143,149,149,149,155,155,159,161,163,169,169,178,180,180,180,180,182,186,188,188,188],"relics":["Burning Blood","Pear","Whetstone","Bag of Marbles","Mango","Gambling Chip","Runic Dome","Red Skull","Mummified Hand","Molten Egg 2","Singing Bowl","Cursed Key","Strawberry","Kunai","Girya","Sundial","Toxic Egg 2"],"card_choices":[{"not_picked":["Wild Strike","Cleave"],"picked":"Armaments"},{"not_picked":["Reckless Charge","Anger"],"picked":"Flex"},{"not_picked":["Flame Barrier","True Grit"],"picked":"Feed"},{"not_picked":["Carnage","Iron Wave"],"picked":"Headbutt"},{"not_picked":["Disarm","Heavy Blade"],"picked":"Flame Barrier"},{"not_picked":["Heavy Blade","Warcry"],"picked":"Uppercut"},{"not_picked":["Flex","Sentinel"],"picked":"Thunderclap"},{"not_picked":["Clash","Carnage"],"picked":"Spot Weakness"},{"not_picked":["Bludgeon","Juggernaut"],"picked":"Double Tap"},{"not_picked":["Armaments","Sword Boomerang"],"picked":"Dual Wield"},{"not_picked":["Twin Strike","Metallicize"],"picked":"Pommel Strike"},{"not_picked":["Pommel Strike","Carnage"],"picked":"Twin Strike"},{"not_picked":["Heavy Blade","Thunderclap"],"picked":"True Grit"},{"not_picked":["Headbutt","True Grit"],"picked":"Offering"},{"not_picked":["Clash","Shockwave"],"picked":"Flame Barrier"}],"player_experience":667752,"potions_floor_usage":[5,11,18,23,33,38,40,47,47,47],"damage_taken":[{"damage":1,"enemies":"2 Louse","floor":1,"turns":2},{"damage":0,"enemies":"Small Slimes","floor":3,"turns":3},{"damage":6,"enemies":"Cultist","floor":4,"turns":3},{"damage":42,"enemies":"Exordium Thugs","floor":5,"turns":8},{"damage":26,"enemies":"Lagavulin","floor":6,"turns":6},{"damage":28,"enemies":"Gremlin Nob","floor":8,"turns":4},{"damage":23,"enemies":"Lagavulin","floor":11,"turns":7},{"damage":12,"enemies":"Large Slime","floor":14,"turns":7},{"damage":19,"enemies":"Slime Boss","floor":16,"turns":8},{"damage":18,"enemies":"Shell Parasite","floor":18,"turns":3},{"damage":0,"enemies":"3 Byrds","floor":20,"turns":2},{"damage":17,"enemies":"Snecko","floor":22,"turns":6},{"damage":42,"enemies":"Slavers","floor":23,"turns":4},{"damage":2,"enemies":"Centurion and Healer","floor":24,"turns":6},{"damage":12,"enemies":"Book of Stabbing","floor":25,"turns":3},{"damage":18,"enemies":"Gremlin Leader","floor":30,"turns":7},{"damage":73,"enemies":"Automaton","floor":33,"turns":8},{"damage":39,"enemies":"3 Shapes","floor":35,"turns":4},{"damage":14,"enemies":"Flame Bruiser 1 Orb","floor":36,"turns":3},{"damage":32,"enemies":"Spire Growth","floor":37,"turns":3},{"damage":8,"enemies":"3 Darklings","floor":38,"turns":4},{"damage":15,"enemies":"Nemesis","floor":40,"turns":5},{"damage":0,"enemies":"Flame Bruiser 2 Orb","floor":41,"turns":3},{"damage":61,"enemies":"Giant Head","floor":45,"turns":8},{"damage":23,"enemies":"4 Shapes","floor":46,"turns":4},{"damage":24,"enemies":"2 Orb Walkers","floor":47,"turns":3},{"damage":19,"enemies":"Spire Growth","floor":48,"turns":3},{"damage":99,"enemies":"Donu and Deca","floor":50,"turns":6}],"event_choices":[{"event_name":"Big Fish","player_choice":"Donut","floor":2,"damage_taken":0},{"event_name":"Purifier","player_choice":"One Purge","floor":7,"damage_taken":0},{"event_name":"Scrap Ooze","player_choice":"success","floor":10,"damage_taken":12},{"event_name":"Drug Dealer","player_choice":"Ignored","floor":31,"damage_taken":0},{"event_name":"Match and Keep!","player_choice":"0 cards matched","floor":39,"damage_taken":0},{"event_name":"The Woman in Blue","player_choice":"Bought 3 Potions","floor":42,"damage_taken":0}],"boss_relics":[{"not_picked":["Astrolabe","Snecko Eye"],"picked":"Runic Dome"},{"not_picked":["Runic Pyramid","Tiny House"],"picked":"Cursed Key"}],"potions_floor_spawned":[3,8,14,18,23,24,30,35,37,41,46],"seed_played":"3284895261175147647","killed_by":"Donu and Deca","ascension_level":1,"is_trial":false}