{"path_per_floor":["M","M","$","?","M","R","M","R","T","M","R","$","M","E","R","B",null,"M","T","M","?","$","R","E","R","T","?","M","M","?","M","R","B",null,"M","?","M","?","M","R","E","R","T","M","$","M","M","$","R","B"],"character_chosen":"IRONCLAD","items_purchased":["True Grit","Reaper","Bag of Marbles","Dexterity Potion","Energy Potion"],"gold_per_floor":[116,130,55,25,40,40,59,59,142,162,162,36,49,77,77,178,178,168,247,257,257,59,59,91,91,118,118,128,144,144,158,158,253,253,272,272,285,333,351,351,380,380,380,397,91,104,119,19,19,19],"floor_reached":51,"campfire_rested":0,"playtime":2692,"current_hp_per_floor":[80,78,78,78,76,76,70,70,70,59,59,59,59,48,48,34,80,66,66,74,58,58,58,77,77,77,62,77,85,85,84,84,85,85,85,85,85,85,85,85,85,85,85,85,82,82,82,82,82,82],"items_purged":["Strike_R","Strike_R","Strike_R","Parasite"],"gold":19,"score":599,"play_id":"a857b53a-f3f5-44f9-b8fd-47e7d6fa75da","is_prod":false,"is_daily":false,"is_ascension_mode":false,"campfire_upgraded":10,"path_taken":["M","M","$","?","?","R","M","R","T","?","R","?","M","E","R","BOSS","M","?","M","?","$","R","E","R","T","?","M","?","?","M","R","BOSS","M","?","M","?","M","R","E","R","T","M","?","M","M","$","R","BOSS"],"build_version":"2018-02-08-BETA1","purchased_purges":4,"victory":true,"master_deck":["Strike_R","Strike_R","Defend_R","Defend_R","Defend_R","Defend_R","Bash+1","Cleave+1","Clothesline+1","Pommel Strike+1","Shrug It Off","True Grit+1","Disarm+1","Barricade","Armaments+1","Shockwave+1","Reaper","Clothesline+1","Blood for Blood","Reaper","Heavy Blade+1","Blood for Blood+1","Evolve+1","Impervious+1","Perfected Strike+1"],"max_hp_per_floor":[80,80,80,80,80,80,80,80,80,80,80,80,80,80,80,80,80,80,80,80,80,80,80,80,80,80,85,85,85,85,85,85,85,85,85,85,85,85,85,85,85,85,85,85,82,82,82,82,82,82],"relics":["Burning Blood","Tiny Chest","Blood Vial","Snecko Eye","Self Forming Clay","Nilry\u0027s Codex","Dream Catcher","Anchor","Cursed Key","Charon\u0027s Ashes","Centennial Puzzle","Orichalcum","Bag of Marbles"],"card_choices":[{"not_picked":["Anger","Iron Wave"],"picked":"Cleave"},{"not_picked":["Second Wind","Dual Wield"],"picked":"Warcry"},{"not_picked":["Headbutt","Perfected Strike"],"picked":"Clothesline"},{"not_picked":["Juggernaut","Infernal Blade"],"picked":"Pommel Strike"},{"not_picked":["Infernal Blade","Sword Boomerang"],"picked":"Shrug It Off"},{"not_picked":["Seeing Red","Shockwave"],"picked":"Disarm"},{"not_picked":["Reaper","Bludgeon"],"picked":"Barricade"},{"not_picked":["Havoc","Shrug It Off"],"picked":"Armaments"},{"not_picked":["Perfected Strike","Clothesline"],"picked":"Shockwave"},{"not_picked":["Perfected Strike","Spot Weakness"],"picked":"Clothesline"},{"not_picked":["Double Tap","Barricade"],"picked":"Reaper"},{"not_picked":["Battle Trance","True Grit"],"picked":"Heavy Blade"},{"not_picked":["Carnage","Armaments"],"picked":"Blood for Blood"},{"not_picked":["Intimidate","True Grit"],"picked":"Evolve"},{"not_picked":["Twin Strike","Whirlwind"],"picked":"Impervious"},{"not_picked":["Shrug It Off","Body Slam"],"picked":"Perfected Strike"}],"player_experience":533309,"potions_floor_usage":[10,14,24,31,50,50,50],"damage_taken":[{"damage":1,"enemies":"Cultist","floor":1,"turns":3},{"damage":8,"enemies":"Blue Slaver","floor":2,"turns":6},{"damage":8,"enemies":"Jaw Worm","floor":5,"turns":3},{"damage":12,"enemies":"Lots of Slimes","floor":7,"turns":5},{"damage":17,"enemies":"Exordium Thugs","floor":10,"turns":5},{"damage":6,"enemies":"Red Slaver","floor":13,"turns":3},{"damage":17,"enemies":"Lagavulin","floor":14,"turns":5},{"damage":22,"enemies":"The Guardian","floor":16,"turns":16},{"damage":20,"enemies":"2 Thieves","floor":18,"turns":4},{"damage":0,"enemies":"Shell Parasite","floor":20,"turns":5},{"damage":7,"enemies":"Book of Stabbing","floor":24,"turns":5},{"damage":0,"enemies":"Snecko","floor":28,"turns":4},{"damage":0,"enemies":"Snake Plant","floor":29,"turns":3},{"damage":7,"enemies":"Slaver and Parasite","floor":31,"turns":3},{"damage":0,"enemies":"Champ","floor":33,"turns":10},{"damage":0,"enemies":"Orb Walker","floor":35,"turns":3},{"damage":0,"enemies":"3 Shapes","floor":37,"turns":4},{"damage":7,"enemies":"Mysterious Sphere","floor":38,"turns":3},{"damage":0,"enemies":"Sphere and 2 Shapes","floor":39,"turns":3},{"damage":3,"enemies":"Nemesis","floor":41,"turns":7},{"damage":0,"enemies":"Flame Bruiser 2 Orb","floor":44,"turns":4},{"damage":4,"enemies":"Spire Growth","floor":46,"turns":3},{"damage":7,"enemies":"4 Shapes","floor":47,"turns":3},{"damage":2,"enemies":"Awakened One","floor":50,"turns":12}],"event_choices":[{"event_name":"The Woman in Blue","player_choice":"Bought 2 Potions","floor":4,"damage_taken":0},{"event_name":"Cursed Tome","player_choice":"Obtained Book","floor":21,"damage_taken":0},{"event_name":"Forgotten Altar","player_choice":"Shed Blood","floor":27,"damage_taken":0},{"event_name":"The Library","player_choice":"Read","floor":30,"damage_taken":0},{"event_name":"Mysterious Sphere","player_choice":"Fight","floor":38,"damage_taken":0}],"boss_relics":[{"not_picked":["Tiny House","Calling Bell"],"picked":"Snecko Eye"},{"not_picked":["Black Blood","Velvet Choker"],"picked":"Cursed Key"}],"potions_floor_spawned":[2,5,7,18,24,31,33,37,41],"seed_played":"-6274148608321609371","ascension_level":0,"is_trial":false}