{"path_per_floor":["M","?","$","M","?","E","M","M","T","E","$","M","M","E","R","B",null,"M","M","?","?","M","E","M","M","T","R","?","M","E","M","R","B",null,"M","M","M","?","$","R","$","E","T","T","?","M","E","M","R","B"],"character_chosen":"IRONCLAD","items_purchased":["Spot Weakness","Impervious","Ginger","War Paint"],"gold_per_floor":[111,286,25,39,39,102,114,133,433,467,71,91,103,133,133,229,229,184,184,184,184,184,184,184,184,184,184,184,184,184,184,184,184,184,184,184,184,184,39,39,39,39,39,39,39,39,39,39,39,39],"floor_reached":51,"campfire_rested":2,"playtime":2056,"current_hp_per_floor":[69,69,69,65,70,60,60,60,60,55,55,58,58,59,59,23,100,93,93,77,77,80,79,79,68,68,68,46,49,37,40,76,35,120,119,119,118,120,120,120,120,93,103,103,102,102,78,72,111,92],"items_purged":["Doubt","Strike_R"],"gold":39,"score":671,"play_id":"0f4f293c-c26b-4e9f-aa3a-0a8a4d684d1d","is_prod":false,"is_daily":false,"is_ascension_mode":false,"campfire_upgraded":3,"path_taken":["M","?","$","M","?","E","M","M","T","E","$","M","?","E","R","BOSS","M","M","?","?","M","E","M","M","T","R","?","M","E","M","R","BOSS","M","?","?","?","$","R","$","E","T","?","?","M","E","M","R","BOSS"],"build_version":"2018-02-15-BETA1","purchased_purges":2,"victory":true,"master_deck":["Strike_R+1","Strike_R+1","Strike_R+1","Strike_R+1","Defend_R+1","Defend_R+1","Defend_R+1","Defend_R+1","Bash","Spot Weakness+1","Impervious","Pummel","Flame Barrier+1","Feed","Ghostly Armor","Sword Boomerang","Shrug It Off","Cleave","Double Tap+1","Sword Boomerang+1","Clothesline","Thunderclap","Shrug It Off+1","Cleave","Ghostly Armor+1","Twin Strike","Clothesline+1","Spot Weakness+1","Uppercut+1"],"max_hp_per_floor":[80,80,80,80,85,85,85,88,88,91,91,94,94,97,97,100,100,100,100,100,100,103,106,109,109,109,109,114,117,117,120,120,120,120,120,120,120,120,120,120,120,120,130,130,130,130,130,133,133,133],"relics":["Philosopher\u0027s Stone","Tiny Chest","Old Coin","Vajra","Ginger","Omamori","Ectoplasm","Necronomicon","Bronze Scales","Pen Nib","Torii","Black Star","War Paint","Sundial","Bird Faced Urn","Pear","Oddly Smooth Stone","Champion Belt","Kunai","Molten Egg 2"],"card_choices":[{"not_picked":["Fire Breathing","Iron Wave"],"picked":"Sentinel"},{"not_picked":["Blood for Blood","Reckless Charge"],"picked":"Pummel"},{"not_picked":["Feel No Pain","Wild Strike"],"picked":"Flame Barrier"},{"not_picked":["Burning Pact","Body Slam"],"picked":"Feed"},{"not_picked":["True Grit","Disarm"],"picked":"Ghostly Armor"},{"not_picked":["Clash","Body Slam"],"picked":"Sword Boomerang"},{"not_picked":["Armaments","Heavy Blade"],"picked":"Shrug It Off"},{"not_picked":["Wild Strike","Twin Strike"],"picked":"Cleave"},{"not_picked":["Bludgeon","Brutality"],"picked":"Double Tap"},{"not_picked":["Pommel Strike","Flex"],"picked":"Sword Boomerang"},{"not_picked":["Iron Wave","Armaments"],"picked":"Clothesline"},{"not_picked":["Warcry","Armaments"],"picked":"Thunderclap"},{"not_picked":["Thunderclap","Corruption"],"picked":"Shrug It Off"},{"not_picked":["Metallicize","Sentinel"],"picked":"Cleave"},{"not_picked":["Rage","Corruption"],"picked":"Ghostly Armor"},{"not_picked":["Warcry","Cleave"],"picked":"Twin Strike"},{"not_picked":["Clash","Twin Strike"],"picked":"Clothesline"},{"not_picked":["Wild Strike","True Grit"],"picked":"Spot Weakness"},{"not_picked":["Perfected Strike","True Grit"],"picked":"Uppercut"}],"player_experience":635766,"potions_floor_usage":[6,10,10,16,16,19,30,30,31,37,47,50],"damage_taken":[{"damage":11,"enemies":"Jaw Worm","floor":1,"turns":3},{"damage":4,"enemies":"Small Slimes","floor":4,"turns":3},{"damage":10,"enemies":"Gremlin Nob","floor":6,"turns":3},{"damage":0,"enemies":"2 Louse","floor":7,"turns":3},{"damage":3,"enemies":"Exordium Wildlife","floor":8,"turns":3},{"damage":8,"enemies":"Lagavulin","floor":10,"turns":10},{"damage":0,"enemies":"2 Fungi Beasts","floor":12,"turns":3},{"damage":0,"enemies":"Blue Slaver","floor":13,"turns":3},{"damage":2,"enemies":"3 Sentries","floor":14,"turns":7},{"damage":39,"enemies":"Slime Boss","floor":16,"turns":12},{"damage":7,"enemies":"2 Thieves","floor":18,"turns":4},{"damage":0,"enemies":"Chosen","floor":19,"turns":4},{"damage":0,"enemies":"Centurion and Healer","floor":22,"turns":6},{"damage":4,"enemies":"Slavers","floor":23,"turns":4},{"damage":3,"enemies":"3 Cultists","floor":24,"turns":4},{"damage":11,"enemies":"Snake Plant","floor":25,"turns":2},{"damage":0,"enemies":"Centurion and Healer","floor":29,"turns":3},{"damage":12,"enemies":"Gremlin Leader","floor":30,"turns":6},{"damage":0,"enemies":"Chosen and Byrds","floor":31,"turns":4},{"damage":41,"enemies":"Collector","floor":33,"turns":8},{"damage":1,"enemies":"3 Darklings","floor":35,"turns":4},{"damage":0,"enemies":"Orb Walker","floor":36,"turns":2},{"damage":1,"enemies":"Flame Bruiser 2 Orb","floor":37,"turns":6},{"damage":27,"enemies":"Nemesis","floor":42,"turns":5},{"damage":1,"enemies":"Mysterious Sphere","floor":45,"turns":4},{"damage":0,"enemies":"Spire Growth","floor":46,"turns":2},{"damage":24,"enemies":"2 Orb Walkers","floor":47,"turns":3},{"damage":9,"enemies":"4 Shapes","floor":48,"turns":4},{"damage":19,"enemies":"Time Eater","floor":50,"turns":4}],"event_choices":[{"event_name":"Liars Game","player_choice":"agreed","floor":2,"damage_taken":0},{"event_name":"Big Fish","player_choice":"Donut","floor":5,"damage_taken":0},{"event_name":"Cursed Tome","player_choice":"Obtained Book","floor":20,"damage_taken":0},{"event_name":"Back to Basics","player_choice":"Simplicity","floor":21,"damage_taken":0},{"event_name":"Forgotten Altar","player_choice":"Shed Blood","floor":28,"damage_taken":0},{"event_name":"Bonfire Elementals","player_choice":"UNCOMMON","floor":38,"damage_taken":0},{"event_name":"Mysterious Sphere","player_choice":"Fight","floor":45,"damage_taken":0}],"boss_relics":[{"not_picked":["Runic Cube","White Beast Statue"],"picked":"Ectoplasm"},{"not_picked":["Question Card","Sozu"],"picked":"Black Star"}],"potions_floor_spawned":[1,4,6,12,13,18,19,22,24,29,36,45,47],"seed_played":"4079343302681638000","ascension_level":0,"is_trial":false}