{"path_per_floor":["M","$","?","M","?","E","$","R","T","?","R","M","E","$","R","B",null,"M","?","?","M","?","R","?","R","T","M","?","T","R","E","R","B",null,"M","?","M","M","M","R","?","R","T","T","R","$","?","?","R"],"character_chosen":"IRONCLAD","items_purchased":["Ghostly Armor","True Grit","Shrug It Off","Oddly Smooth Stone"],"gold_per_floor":[210,33,33,52,152,185,37,37,62,137,137,150,185,37,37,132,132,57,57,57,57,57,57,57,57,57,57,57,57,57,57,57,57,57,57,0,0,0,0,0,0,0,0,0,0,0,0,0,0],"floor_reached":50,"campfire_rested":3,"playtime":1957,"current_hp_per_floor":[55,55,77,77,77,47,47,47,47,36,36,41,31,31,54,41,68,69,55,55,63,63,63,63,63,63,47,47,47,82,75,75,66,78,80,80,82,82,53,53,54,54,68,68,68,68,56,56,96],"items_purged":["Parasite","Strike_R"],"gold":0,"score":732,"play_id":"1356e40b-d821-4b63-a124-26b6841bf5c8","is_prod":false,"is_daily":false,"is_ascension_mode":true,"campfire_upgraded":7,"path_taken":["M","$","?","M","?","E","$","R","T","?","R","M","E","?","R","BOSS","M","?","?","?","?","R","?","R","T","M","?","?","R","E","R","BOSS","M","?","?","M","M","R","?","R","T","?","R","$","?","?","R","BOSS"],"build_version":"2018-02-08-BETA1","purchased_purges":2,"victory":false,"master_deck":["Defend_R","Defend_R","Defend_R","Defend_R","Bash+1","Rampage+1","Ghostly Armor","True Grit+1","Whirlwind+1","Warcry","Shrug It Off+1","Offering","Demon Form+1","Cleave","Bite","Bite","Bite","Bite","Flex+1","Enlightenment","Battle Trance","Shrug It Off","Seeing Red+1","Shrug It Off","Madness","Madness"],"max_hp_per_floor":[80,77,77,77,77,77,77,77,77,77,77,77,77,77,77,77,77,77,82,82,82,82,82,82,82,82,82,82,82,82,82,82,82,82,82,82,82,82,82,82,82,82,96,96,96,96,96,96,96],"relics":["Burning Blood","Charon\u0027s Ashes","Bird Faced Urn","Oddly Smooth Stone","Ectoplasm","Matryoshka","Regal Pillow","Frozen Eye","Toolbox","Mark of Pain","Red Mask","Shovel","Ancient Tea Set","Mango","Tiny Chest","Juzu Bracelet"],"card_choices":[{"not_picked":["Hemokinesis","Warcry"],"picked":"Rampage"},{"not_picked":["Clothesline","Havoc"],"picked":"Whirlwind"},{"not_picked":["Havoc","Sword Boomerang"],"picked":"Warcry"},{"not_picked":["Rage","Combust"],"picked":"Offering"},{"not_picked":["Dark Embrace","Double Tap"],"picked":"Demon Form"},{"not_picked":["Flex","Clash"],"picked":"Cleave"},{"not_picked":["Evolve","Whirlwind"],"picked":"Flex"},{"not_picked":["Searing Blow","Anger"],"picked":"Battle Trance"},{"not_picked":["True Grit","Anger"],"picked":"Shrug It Off"},{"not_picked":["Immolate","Limit Break"],"picked":"Double Tap"},{"not_picked":["Iron Wave","Sword Boomerang"],"picked":"Seeing Red"},{"not_picked":["Blood for Blood","Combust"],"picked":"Shrug It Off"}],"player_experience":494908,"potions_floor_usage":[16,16,33,33,33,41],"damage_taken":[{"damage":23,"enemies":"Cultist","floor":1,"turns":6},{"damage":5,"enemies":"2 Louse","floor":4,"turns":3},{"damage":36,"enemies":"3 Sentries","floor":6,"turns":5},{"damage":3,"enemies":"Blue Slaver","floor":12,"turns":5},{"damage":18,"enemies":"Gremlin Nob","floor":13,"turns":4},{"damage":21,"enemies":"Hexaghost","floor":16,"turns":13},{"damage":9,"enemies":"2 Thieves","floor":18,"turns":4},{"damage":6,"enemies":"3 Byrds","floor":21,"turns":3},{"damage":30,"enemies":"Snake Plant","floor":27,"turns":4},{"damage":25,"enemies":"Gremlin Leader","floor":31,"turns":5},{"damage":35,"enemies":"Champ","floor":33,"turns":10},{"damage":12,"enemies":"Orb Walker","floor":35,"turns":3},{"damage":0,"enemies":"3 Darklings","floor":37,"turns":1},{"damage":5,"enemies":"Flame Bruiser 2 Orb","floor":38,"turns":5},{"damage":41,"enemies":"Sphere and 2 Shapes","floor":39,"turns":5},{"damage":7,"enemies":"Mysterious Sphere","floor":41,"turns":3},{"damage":100,"enemies":"Time Eater","floor":50,"turns":6}],"event_choices":[{"event_name":"Big Fish","player_choice":"Banana","floor":3,"damage_taken":0},{"event_name":"Golden Shrine","player_choice":"Pray","floor":5,"damage_taken":0},{"event_name":"World of Goop","player_choice":"Gather Gold","floor":10,"damage_taken":0},{"event_name":"Forgotten Altar","player_choice":"Shed Blood","floor":19,"damage_taken":0},{"event_name":"Vampires","player_choice":"Became a vampire (Vial)","floor":20,"damage_taken":0},{"event_name":"Golden Shrine","player_choice":"Skipped","floor":22,"damage_taken":0},{"event_name":"Transmorgrifier","player_choice":"Transform","floor":24,"damage_taken":0},{"event_name":"The Mausoleum","player_choice":"No","floor":28,"damage_taken":0},{"event_name":"Tomb of Lord Red Mask","player_choice":"Paid","floor":36,"damage_taken":0},{"event_name":"Mysterious Sphere","player_choice":"Fight","floor":41,"damage_taken":0},{"event_name":"Winding Halls","player_choice":"Embrace Madness","floor":47,"damage_taken":0}],"boss_relics":[{"not_picked":["Orrery","Runic Dome"],"picked":"Ectoplasm"},{"not_picked":["Runic Cube","Question Card"],"picked":"Mark of Pain"}],"potions_floor_spawned":[1,12,13,16,21,37],"seed_played":"6795394521967753974","killed_by":"Time Eater","ascension_level":12,"is_trial":false}