{"path_per_floor":["M","?","?","M","M","$","R","?","T","M","$","E","M","?","R","B",null,"M","M","?","M","$","M","E","M","T","M","R","M","R","E","R","B",null,"M","?","$","M","?","R","M","?","T","R","M","T","$","M","R","B"],"character_chosen":"IRONCLAD","items_purchased":["Offering","Shrug It Off","Bludgeon","Impervious"],"gold_per_floor":[112,112,187,207,225,70,70,98,98,108,8,41,59,59,59,160,160,171,188,188,207,31,43,68,87,111,122,122,133,133,167,167,269,269,285,285,145,160,160,160,179,179,204,204,222,222,63,74,74,74],"floor_reached":51,"campfire_rested":6,"playtime":2620,"current_hp_per_floor":[69,69,58,55,45,45,45,42,42,27,27,18,15,15,38,6,59,59,50,75,68,68,68,67,56,56,17,43,11,37,27,53,45,77,73,62,62,56,56,82,82,82,82,82,76,76,76,76,87,47],"items_purged":["Parasite","Bash","Bloodletting"],"gold":74,"score":808,"play_id":"abec5cf3-567c-47c0-9a7f-f8e5dc204793","is_prod":false,"is_daily":false,"is_ascension_mode":true,"campfire_upgraded":2,"path_taken":["M","?","?","M","M","$","R","?","T","M","$","E","?","?","R","BOSS","M","M","?","M","$","M","E","?","T","M","R","M","R","E","R","BOSS","M","?","$","M","?","R","?","?","T","R","M","?","?","M","R","BOSS"],"build_version":"2018-02-08-BETA1","purchased_purges":3,"victory":true,"master_deck":["Shrug It Off+1","Headbutt+1","Infernal Blade","Heavy Blade","Whirlwind","Thunderclap+1","Battle Trance","Spot Weakness","Flex","Offering","Intimidate","Double Tap","Dropkick","Shrug It Off","Uppercut","Shrug It Off","Perfected Strike","Perfected Strike","Corruption","Carnage","Shockwave","Madness","Madness","Bludgeon+1","Heavy Blade+1","Twin Strike+1","Inflame+1","Impervious"],"max_hp_per_floor":[80,80,80,80,80,77,77,77,77,77,77,77,77,77,77,77,77,77,77,77,77,77,77,87,87,87,87,87,87,87,87,87,87,87,87,87,87,87,87,87,87,87,87,87,87,87,87,87,87,87],"relics":["Pandora\u0027s Box","Odd Mushroom","Dream Catcher","Whetstone","Snecko Eye","Pear","Anchor","Mummified Hand","Lizard Tail","Juzu Bracelet","Peace Pipe"],"card_choices":[{"not_picked":["Feel No Pain","Pommel Strike"],"picked":"Spot Weakness"},{"not_picked":["Armaments","Pummel"],"picked":"Flex"},{"not_picked":["Warcry","Body Slam"],"picked":"Intimidate"},{"not_picked":["Sword Boomerang","Carnage"],"picked":"Double Tap"},{"not_picked":["Intimidate","Cleave"],"picked":"Shrug It Off"},{"not_picked":["Entrench","Pommel Strike"],"picked":"Uppercut"},{"not_picked":["Berserk","Heavy Blade"],"picked":"Perfected Strike"},{"not_picked":["Warcry","Dual Wield"],"picked":"Carnage"},{"not_picked":["Warcry","Dropkick"],"picked":"Perfected Strike"},{"not_picked":["Perfected Strike","Sentinel"],"picked":"Corruption"},{"not_picked":["Combust","Thunderclap"],"picked":"Carnage"},{"not_picked":["Fiend Fire","Twin Strike"],"picked":"Shockwave"},{"not_picked":["Blood for Blood","Headbutt"],"picked":"Heavy Blade"},{"not_picked":["Hemokinesis","Warcry"],"picked":"Twin Strike"},{"not_picked":["Hemokinesis","Anger"],"picked":"Inflame"}],"player_experience":486595,"potions_floor_usage":[12,21,23,24,33,50,50],"damage_taken":[{"damage":3,"enemies":"Small Slimes","floor":1,"turns":2},{"damage":3,"enemies":"Cultist","floor":4,"turns":4},{"damage":10,"enemies":"2 Louse","floor":5,"turns":2},{"damage":3,"enemies":"The Mushroom Lair","floor":8,"turns":1},{"damage":15,"enemies":"Large Slime","floor":10,"turns":3},{"damage":9,"enemies":"3 Sentries","floor":12,"turns":2},{"damage":3,"enemies":"Looter","floor":13,"turns":1},{"damage":32,"enemies":"The Guardian","floor":16,"turns":7},{"damage":0,"enemies":"3 Byrds","floor":18,"turns":2},{"damage":9,"enemies":"Shell Parasite","floor":19,"turns":3},{"damage":7,"enemies":"Snecko","floor":21,"turns":2},{"damage":0,"enemies":"3 Cultists","floor":23,"turns":4},{"damage":11,"enemies":"Gremlin Leader","floor":24,"turns":4},{"damage":11,"enemies":"Snake Plant","floor":25,"turns":2},{"damage":39,"enemies":"Slaver and Parasite","floor":27,"turns":7},{"damage":32,"enemies":"Cultist and Chosen","floor":29,"turns":7},{"damage":10,"enemies":"Slavers","floor":31,"turns":3},{"damage":14,"enemies":"Champ","floor":33,"turns":5},{"damage":4,"enemies":"Flame Bruiser 1 Orb","floor":35,"turns":3},{"damage":6,"enemies":"Orb Walker","floor":38,"turns":2},{"damage":0,"enemies":"Spire Growth","floor":41,"turns":2},{"damage":6,"enemies":"3 Darklings","floor":45,"turns":5},{"damage":0,"enemies":"Sphere and 2 Shapes","floor":48,"turns":5},{"damage":40,"enemies":"Time Eater","floor":50,"turns":6}],"event_choices":[{"event_name":"Liars Game","player_choice":"disagreed","floor":2,"damage_taken":0},{"event_name":"World of Goop","player_choice":"Gather Gold","floor":3,"damage_taken":0},{"event_name":"Mushrooms","player_choice":"Fought Mushrooms","floor":8,"damage_taken":0},{"event_name":"Transmorgrifier","player_choice":"Transform","floor":14,"damage_taken":0},{"event_name":"The Library","player_choice":"Heal","floor":20,"damage_taken":0},{"event_name":"Winding Halls","player_choice":"Embrace Madness","floor":36,"damage_taken":0},{"event_name":"Tomb of Lord Red Mask","player_choice":"Ignored","floor":42,"damage_taken":0}],"boss_relics":[{"not_picked":["Question Card","Sozu"],"picked":"Snecko Eye"},{"not_picked":["Velvet Choker","Philosopher\u0027s Stone"],"picked":"Lizard Tail"}],"potions_floor_spawned":[1,4,10,12,16,18,24,25,29,33,41,48],"seed_played":"-3716688573217920510","ascension_level":11,"is_trial":false}