{"path_per_floor":["M","M","$","M","M","R","E","R","T","$","E","R","M","M","R","B",null,"M","$","M","$","?","R","E","M","T","R","E","M","R","$","R","B",null,"M","?","M","?","M","R","?","M","T","R","$","?","?","M","R","B"],"character_chosen":"IRONCLAD","items_purchased":["Flex","Battle Trance","Panache"],"gold_per_floor":[119,139,16,35,51,51,79,79,79,11,37,37,55,35,35,138,138,157,57,68,68,68,68,93,109,109,109,135,145,145,20,20,115,115,127,127,146,146,159,159,212,228,254,254,51,0,100,117,117,117],"floor_reached":51,"campfire_rested":1,"playtime":2593,"current_hp_per_floor":[57,56,56,49,48,52,30,34,34,34,33,39,39,55,61,53,71,66,66,62,62,62,68,45,25,25,56,42,38,46,46,54,50,70,66,56,56,56,52,60,56,56,56,66,66,66,66,74,83,31],"items_purged":["Parasite","Strike_R","Doubt"],"gold":117,"score":793,"play_id":"9620f545-2309-460e-a330-a52a064c005e","is_prod":false,"is_daily":false,"is_ascension_mode":true,"campfire_upgraded":7,"path_taken":["M","M","$","M","M","R","E","R","T","$","E","R","M","M","R","BOSS","M","$","M","?","?","R","E","M","T","R","E","M","R","$","R","BOSS","M","?","M","?","M","R","?","M","T","R","$","?","?","M","R","BOSS"],"build_version":"2018-02-08-BETA1","purchased_purges":4,"victory":true,"master_deck":["Strike_R","Defend_R","Defend_R","Bash","Shrug It Off","Flex+1","Inflame+1","Flame Barrier+1","Battle Trance","Infernal Blade+1","Offering","Intimidate+1","Whirlwind+1","Twin Strike","Corruption+1","Infernal Blade+1","Disarm","Fiend Fire","Impervious+1","Fire Breathing+1","Pummel+1","Madness","Madness","Shrug It Off+1","Panache+1"],"max_hp_per_floor":[80,80,77,77,77,77,77,77,77,77,77,77,77,77,77,77,77,77,77,77,77,77,77,77,77,77,77,77,77,77,77,77,77,77,80,80,80,80,80,80,80,80,80,80,80,80,80,83,83,83],"relics":["Eternal Feather","Happy Flower","Dead Branch","Prayer Wheel","Cursed Key","Anchor","Peace Pipe","Pen Nib","Astrolabe","Red Skull","Dream Catcher","Red Mask"],"card_choices":[{"not_picked":["Dual Wield","Iron Wave"],"picked":"Shrug It Off"},{"not_picked":["Perfected Strike","Body Slam"],"picked":"Inflame"},{"not_picked":["Perfected Strike","Rage"],"picked":"Flame Barrier"},{"not_picked":["Rupture","Entrench"],"picked":"Infernal Blade"},{"not_picked":["Limit Break","Brutality"],"picked":"Offering"},{"not_picked":["Fire Breathing","Blood for Blood"],"picked":"Intimidate"},{"not_picked":["Havoc","Uppercut"],"picked":"Whirlwind"},{"not_picked":["Uppercut","Iron Wave"],"picked":"Twin Strike"},{"not_picked":["Blood for Blood","Dropkick"],"picked":"Corruption"},{"not_picked":["Anger","Carnage"],"picked":"Infernal Blade"},{"not_picked":["Iron Wave","Wild Strike"],"picked":"Disarm"},{"not_picked":["Juggernaut","Limit Break"],"picked":"Fiend Fire"},{"not_picked":["Reckless Charge","True Grit"],"picked":"Pummel"},{"not_picked":["Headbutt","Anger"],"picked":"Shrug It Off"}],"player_experience":484002,"potions_floor_usage":[5,7,11,33,33,50,50],"damage_taken":[{"damage":15,"enemies":"Blue Slaver","floor":1,"turns":7},{"damage":1,"enemies":"Small Slimes","floor":2,"turns":5},{"damage":7,"enemies":"2 Louse","floor":4,"turns":3},{"damage":1,"enemies":"Exordium Wildlife","floor":5,"turns":3},{"damage":22,"enemies":"Gremlin Nob","floor":7,"turns":5},{"damage":16,"enemies":"Lagavulin","floor":11,"turns":6},{"damage":0,"enemies":"2 Fungi Beasts","floor":13,"turns":4},{"damage":0,"enemies":"Exordium Thugs","floor":14,"turns":4},{"damage":33,"enemies":"Slime Boss","floor":16,"turns":12},{"damage":5,"enemies":"2 Thieves","floor":18,"turns":3},{"damage":4,"enemies":"Spheric Guardian","floor":20,"turns":3},{"damage":23,"enemies":"Gremlin Leader","floor":24,"turns":8},{"damage":20,"enemies":"Snecko","floor":25,"turns":4},{"damage":14,"enemies":"Book of Stabbing","floor":28,"turns":3},{"damage":4,"enemies":"Sentry and Sphere","floor":29,"turns":1},{"damage":4,"enemies":"Collector","floor":33,"turns":3},{"damage":7,"enemies":"Flame Bruiser 1 Orb","floor":35,"turns":3},{"damage":0,"enemies":"3 Shapes","floor":37,"turns":2},{"damage":4,"enemies":"Flame Bruiser 2 Orb","floor":39,"turns":2},{"damage":4,"enemies":"Mysterious Sphere","floor":41,"turns":3},{"damage":0,"enemies":"3 Darklings","floor":42,"turns":2},{"damage":5,"enemies":"4 Shapes","floor":48,"turns":3},{"damage":52,"enemies":"Awakened One","floor":50,"turns":6}],"event_choices":[{"event_name":"Addict","player_choice":"Ignored","floor":22,"damage_taken":0},{"event_name":"Winding Halls","player_choice":"Embrace Madness","floor":36,"damage_taken":0},{"event_name":"Mysterious Sphere","player_choice":"Fight","floor":41,"damage_taken":0},{"event_name":"Tomb of Lord Red Mask","player_choice":"Paid","floor":46,"damage_taken":0},{"event_name":"Golden Shrine","player_choice":"Pray","floor":47,"damage_taken":0}],"boss_relics":[{"not_picked":["Tiny House","Runic Dome"],"picked":"Cursed Key"},{"not_picked":["White Beast Statue","Velvet Choker"],"picked":"Astrolabe"}],"potions_floor_spawned":[4,5,7,18,28,29,39,41,42],"seed_played":"-2597741248288084141","ascension_level":10,"is_trial":false}