{"path_per_floor":["M","$","M","M","M","M","?","R","T","M","R","M","$","E","R","B",null,"M","?","$","M","$","R","M"],"character_chosen":"IRONCLAD","items_purchased":["Armaments","Metallicize","Shrug It Off"],"gold_per_floor":[113,12,22,41,58,70,70,70,117,132,132,150,15,40,40,140,140,158,158,158,174,23,23,36],"floor_reached":25,"campfire_rested":1,"playtime":963,"current_hp_per_floor":[68,68,65,65,61,61,61,61,61,52,52,50,50,41,41,33,66,47,33,33,22,22,46,20],"items_purged":["Parasite","Strike_R","Strike_R"],"gold":36,"score":345,"play_id":"28fde5ef-2f54-475c-9149-049be909e08d","is_prod":false,"is_daily":false,"is_ascension_mode":true,"campfire_upgraded":3,"path_taken":["M","$","M","M","M","M","?","R","T","M","R","M","$","E","R","BOSS","M","?","?","M","$","R","M","M"],"build_version":"2018-02-08-BETA1","purchased_purges":3,"victory":false,"master_deck":["Strike_R+1","Strike_R","Strike_R","Defend_R","Defend_R","Defend_R","Defend_R","Bash","Battle Trance","Armaments+1","Thunderclap","Flex+1","Clothesline+1","Bludgeon+1","Metallicize","Disarm","Flame Barrier","Shrug It Off"],"max_hp_per_floor":[80,77,77,77,77,77,77,77,77,77,77,77,77,77,77,77,77,77,82,82,82,82,82,82],"relics":["Velvet Choker","Whetstone","Pen Nib","Snecko Eye"],"card_choices":[{"not_picked":["Warcry","Carnage"],"picked":"Battle Trance"},{"not_picked":["Armaments","Twin Strike"],"picked":"Thunderclap"},{"not_picked":["Reckless Charge","Carnage"],"picked":"Flex"},{"not_picked":["Havoc","Intimidate"],"picked":"Clothesline"},{"not_picked":["Heavy Blade","Armaments"],"picked":"Bludgeon"},{"not_picked":["Pummel","Blood for Blood"],"picked":"Disarm"},{"not_picked":["Sentinel","Sword Boomerang"],"picked":"Flame Barrier"}],"player_experience":481379,"potions_floor_usage":[14,21],"damage_taken":[{"damage":4,"enemies":"Jaw Worm","floor":1,"turns":3},{"damage":3,"enemies":"Blue Slaver","floor":3,"turns":3},{"damage":0,"enemies":"Small Slimes","floor":4,"turns":2},{"damage":4,"enemies":"2 Fungi Beasts","floor":5,"turns":4},{"damage":0,"enemies":"Large Slime","floor":6,"turns":4},{"damage":9,"enemies":"Red Slaver","floor":10,"turns":2},{"damage":2,"enemies":"Gremlin Gang","floor":12,"turns":3},{"damage":9,"enemies":"Gremlin Nob","floor":14,"turns":3},{"damage":8,"enemies":"The Guardian","floor":16,"turns":7},{"damage":19,"enemies":"Shell Parasite","floor":18,"turns":5},{"damage":11,"enemies":"2 Thieves","floor":21,"turns":3},{"damage":26,"enemies":"Cultist and Chosen","floor":24,"turns":9},{"damage":20,"enemies":"Snake Plant","floor":25,"turns":2}],"event_choices":[{"event_name":"The Woman in Blue","player_choice":"Bought 0 Potions","floor":7,"damage_taken":0},{"event_name":"Forgotten Altar","player_choice":"Shed Blood","floor":19,"damage_taken":0}],"boss_relics":[{"not_picked":["Eternal Feather","Runic Dome"],"picked":"Snecko Eye"}],"potions_floor_spawned":[3,4,5,6,14,16,24],"seed_played":"-2977188273596840122","killed_by":"Snake Plant","ascension_level":10,"is_trial":false}