{"path_per_floor":["M","M","?","M","M","R","T","R","T","$","?","R","?","M","R","B",null,"M","?","?","M","?","R","M","R","T","?","R","$","M","?","R","B",null,"M","$","M","M","?","R","M","R","T","M","$","R","M","M","R","B"],"character_chosen":"IRONCLAD","items_purchased":["Offering","Headbutt","Evolve"],"gold_per_floor":[116,127,127,139,152,152,175,175,200,63,63,63,63,83,83,186,186,198,198,198,211,211,211,221,221,221,221,221,99,115,115,115,214,214,234,234,251,268,268,268,284,284,307,326,190,190,208,226,226,226],"floor_reached":51,"campfire_rested":4,"playtime":3380,"current_hp_per_floor":[72,67,67,67,64,64,64,64,64,64,64,64,64,63,63,39,72,72,72,82,57,57,57,59,59,59,59,82,82,55,55,79,51,82,62,62,71,55,55,82,69,69,69,78,78,78,87,78,100,18],"items_purged":["Strike_R","Strike_R"],"gold":226,"score":587,"play_id":"dc412bd0-1001-443f-9e9e-153bf0852ac0","is_prod":false,"is_daily":false,"is_ascension_mode":false,"campfire_upgraded":8,"path_taken":["M","M","?","?","M","R","?","R","T","$","?","R","?","M","R","BOSS","M","?","?","M","?","R","M","R","T","?","R","$","?","?","R","BOSS","M","$","M","M","?","R","M","R","T","?","$","R","M","M","R","BOSS"],"build_version":"2018-02-16-BETA2","purchased_purges":4,"victory":true,"master_deck":["Defend_R","Defend_R","Bash","Barricade+1","Entrench+1","Seeing Red+1","Metallicize+1","Offering+1","Pommel Strike+1","Double Tap+1","Pummel+1","Iron Wave+1","Headbutt","Power Through+1","Feed","Bloodletting+1","Thunderclap+1","Spot Weakness+1","True Grit+1","Evolve+1"],"max_hp_per_floor":[72,72,72,72,72,72,72,72,72,72,72,72,72,72,72,72,72,72,72,82,82,82,82,82,82,82,82,82,82,82,82,82,82,82,85,85,88,91,91,91,91,91,91,94,94,94,97,100,100,100],"relics":["Black Blood","Omamori","Lantern","Astrolabe","Champion Belt","Oddly Smooth Stone"],"card_choices":[{"not_picked":["Immolate","Brutality"],"picked":"Barricade"},{"not_picked":["Warcry","Pommel Strike"],"picked":"Entrench"},{"not_picked":["Metallicize","Pommel Strike"],"picked":"Seeing Red"},{"not_picked":["Burning Pact","Perfected Strike"],"picked":"Metallicize"},{"not_picked":["Flex","True Grit"],"picked":"Pommel Strike"},{"not_picked":["Havoc","Sentinel"],"picked":"Iron Wave"},{"not_picked":["Wild Strike","Anger"],"picked":"Power Through"},{"not_picked":["Barricade","Demon Form"],"picked":"Feed"},{"not_picked":["Clothesline","Wild Strike"],"picked":"Bloodletting"},{"not_picked":["Feel No Pain","Armaments"],"picked":"Thunderclap"},{"not_picked":["Headbutt","Clothesline"],"picked":"Spot Weakness"},{"not_picked":["Thunderclap","Wild Strike"],"picked":"True Grit"}],"player_experience":699656,"potions_floor_usage":[14,16,16,18,33,50,50],"damage_taken":[{"damage":2,"enemies":"2 Louse","floor":1,"turns":5},{"damage":11,"enemies":"Jaw Worm","floor":2,"turns":4},{"damage":6,"enemies":"Cultist","floor":4,"turns":3},{"damage":9,"enemies":"Exordium Thugs","floor":5,"turns":7},{"damage":7,"enemies":"3 Louse","floor":14,"turns":3},{"damage":30,"enemies":"Slime Boss","floor":16,"turns":14},{"damage":5,"enemies":"Chosen","floor":18,"turns":6},{"damage":31,"enemies":"2 Thieves","floor":21,"turns":5},{"damage":4,"enemies":"Centurion and Healer","floor":24,"turns":8},{"damage":33,"enemies":"3 Cultists","floor":30,"turns":9},{"damage":34,"enemies":"Collector","floor":33,"turns":33},{"damage":33,"enemies":"3 Darklings","floor":35,"turns":13},{"damage":4,"enemies":"Orb Walker","floor":37,"turns":3},{"damage":29,"enemies":"3 Darklings","floor":38,"turns":10},{"damage":23,"enemies":"Spire Growth","floor":41,"turns":6},{"damage":4,"enemies":"Maw","floor":44,"turns":13},{"damage":4,"enemies":"Flame Bruiser 2 Orb","floor":47,"turns":11},{"damage":22,"enemies":"4 Shapes","floor":48,"turns":9},{"damage":92,"enemies":"Awakened One","floor":50,"turns":26}],"event_choices":[{"event_name":"Liars Game","player_choice":"disagreed","floor":3,"damage_taken":0},{"event_name":"Living Wall","player_choice":"Forget","floor":11,"damage_taken":0},{"event_name":"Upgrade Shrine","player_choice":"Upgraded","floor":13,"damage_taken":0},{"event_name":"Drug Dealer","player_choice":"Ignored","floor":19,"damage_taken":0},{"event_name":"Bonfire Elementals","player_choice":"RARE","floor":20,"damage_taken":0},{"event_name":"Back to Basics","player_choice":"Elegance","floor":22,"damage_taken":0},{"event_name":"The Woman in Blue","player_choice":"Bought 0 Potions","floor":27,"damage_taken":0},{"event_name":"Match and Keep!","player_choice":"0 cards matched","floor":31,"damage_taken":0},{"event_name":"Tomb of Lord Red Mask","player_choice":"Ignored","floor":39,"damage_taken":0}],"boss_relics":[{"not_picked":["Runic Cube","Eternal Feather"],"picked":"Astrolabe"},{"not_picked":["White Beast Statue","Tiny House"],"picked":"Black Blood"}],"potions_floor_spawned":[1,4,14,16,30,37,38,47],"seed_played":"-5306861735783825086","ascension_level":0,"is_trial":false}