{"path_per_floor":["M","?","$","M","$","E","R","M","T","R","?","?","M","M","R","B",null,"M","M","?","M","?","R"],"character_chosen":"IRONCLAD","items_purchased":["Flex"],"gold_per_floor":[119,119,44,57,3,44,44,60,60,60,10,10,28,53,53,173,173,173,173,173,173,173,173],"floor_reached":24,"campfire_rested":0,"playtime":528,"current_hp_per_floor":[80,74,74,74,74,74,74,74,74,74,74,74,65,66,66,14,74,74,74,74,68,68,68],"items_purged":["Strike_R"],"gold":173,"score":221,"play_id":"06b0c7cd-7044-4f26-9b4e-5b6b205ff4e4","is_prod":false,"is_daily":false,"is_ascension_mode":false,"campfire_upgraded":4,"path_taken":["M","?","?","?","$","E","R","M","T","R","?","?","M","M","R","BOSS","M","M","?","M","?","R","E"],"build_version":"2018-02-16-BETA2","purchased_purges":1,"victory":false,"master_deck":["Strike_R","Strike_R","Strike_R","Defend_R","Defend_R","Defend_R","Defend_R","Bash","Flex+1","Flame Barrier+1","Flex+1","Offering","Rampage+1","Armaments+1","Whirlwind+1"],"max_hp_per_floor":[80,74,74,74,74,74,74,74,74,74,74,74,74,74,74,74,74,74,74,74,74,74,74],"relics":["Burning Blood","Bloody Idol","Prayer Wheel","Calipers","Ectoplasm","Nloth\u0027s Gift"],"card_choices":[{"not_picked":["Clash","Sword Boomerang"],"picked":"Flex"},{"not_picked":["Warcry","Burning Pact"],"picked":"Flame Barrier"},{"not_picked":["Reaper","Immolate"],"picked":"Offering"},{"not_picked":["Sword Boomerang","Evolve"],"picked":"Rampage"},{"not_picked":["Cleave","Twin Strike"],"picked":"Armaments"},{"not_picked":["Pommel Strike","Wild Strike"],"picked":"Whirlwind"}],"player_experience":704158,"potions_floor_usage":[16,24],"damage_taken":[{"damage":0,"enemies":"2 Louse","floor":1,"turns":1},{"damage":0,"enemies":"Jaw Worm","floor":4,"turns":1},{"damage":0,"enemies":"Gremlin Nob","floor":6,"turns":1},{"damage":0,"enemies":"Cultist","floor":8,"turns":3},{"damage":15,"enemies":"Lots of Slimes","floor":13,"turns":6},{"damage":5,"enemies":"Exordium Wildlife","floor":14,"turns":3},{"damage":58,"enemies":"Slime Boss","floor":16,"turns":14},{"damage":4,"enemies":"Shell Parasite","floor":18,"turns":4},{"damage":4,"enemies":"Spheric Guardian","floor":19,"turns":3},{"damage":12,"enemies":"Snecko","floor":21,"turns":6},{"damage":70,"enemies":"Book of Stabbing","floor":24,"turns":7}],"event_choices":[{"event_name":"Golden Idol","player_choice":"Lose Max HP","floor":2,"damage_taken":0},{"event_name":"The Cleric","player_choice":"Card Removal","floor":11,"damage_taken":0},{"event_name":"Match and Keep!","player_choice":"0 cards matched","floor":12,"damage_taken":0},{"event_name":"Forgotten Altar","player_choice":"Gave Idol","floor":20,"damage_taken":0},{"event_name":"N\u0027loth","player_choice":"Traded a NeowsBlessing","floor":22,"damage_taken":0}],"boss_relics":[{"not_picked":["Velvet Choker","White Beast Statue"],"picked":"Ectoplasm"}],"potions_floor_spawned":[8,14,19],"seed_played":"1494285015954025514","killed_by":"Book of Stabbing","ascension_level":0,"is_trial":false}