{"path_per_floor":["M","$","?","M","?","E","R","M","T","M","R","M","?","M","R","B",null,"M","?","M"],"character_chosen":"IRONCLAD","items_purchased":[],"gold_per_floor":[111,36,136,149,149,180,180,196,265,277,277,287,287,297,297,375,375,356,406,426],"floor_reached":21,"campfire_rested":1,"playtime":1241,"current_hp_per_floor":[74,72,72,72,54,64,64,64,64,66,66,63,49,42,63,41,64,59,59,42],"items_purged":["Parasite"],"gold":426,"score":350,"play_id":"5f2c7fc2-2f3e-4b6d-a090-a81c31bb607d","is_prod":false,"is_daily":false,"is_ascension_mode":true,"campfire_upgraded":2,"path_taken":["M","$","?","M","?","E","R","M","T","M","R","M","?","M","R","BOSS","M","?","M","M"],"build_version":"2018-02-08-BETA1","purchased_purges":1,"victory":false,"master_deck":["Strike_R","Strike_R","Strike_R","Strike_R","Strike_R+1","Defend_R","Defend_R+1","Defend_R","Defend_R","Bash","Iron Wave+1","Rampage+1","Ghostly Armor","Reaper","Heavy Blade"],"max_hp_per_floor":[75,72,72,72,72,72,72,72,72,72,72,72,72,72,72,72,72,72,72,72],"relics":["Burning Blood","NeowsBlessing","Toolbox","Smiling Mask","Kunai","Snecko Eye"],"card_choices":[{"not_picked":["Sever Soul","Clash"],"picked":"Iron Wave"},{"not_picked":["Disarm","Intimidate"],"picked":"Rampage"},{"not_picked":["Metallicize","Heavy Blade"],"picked":"Ghostly Armor"},{"not_picked":["Dark Embrace","Exhume"],"picked":"Reaper"},{"not_picked":["Perfected Strike","Intimidate"],"picked":"Heavy Blade"}],"player_experience":508874,"potions_floor_usage":[16,18],"damage_taken":[{"damage":0,"enemies":"Jaw Worm","floor":1,"turns":1},{"damage":0,"enemies":"Blue Slaver","floor":4,"turns":1},{"damage":0,"enemies":"3 Sentries","floor":6,"turns":1},{"damage":6,"enemies":"Cultist","floor":8,"turns":4},{"damage":4,"enemies":"2 Fungi Beasts","floor":10,"turns":4},{"damage":9,"enemies":"3 Louse","floor":12,"turns":4},{"damage":13,"enemies":"Exordium Wildlife","floor":14,"turns":4},{"damage":28,"enemies":"The Guardian","floor":16,"turns":12},{"damage":23,"enemies":"2 Thieves","floor":18,"turns":5},{"damage":27,"enemies":"Spheric Guardian","floor":20,"turns":6},{"damage":51,"enemies":"Snake Plant","floor":21,"turns":8}],"event_choices":[{"event_name":"Golden Shrine","player_choice":"Pray","floor":3,"damage_taken":0},{"event_name":"Scrap Ooze","player_choice":"success","floor":5,"damage_taken":18},{"event_name":"Shining Light","player_choice":"Entered Light","floor":13,"damage_taken":0},{"event_name":"The Joust","player_choice":"Bet on Murderer","floor":19,"damage_taken":0}],"boss_relics":[{"not_picked":["Runic Pyramid","Lizard Tail"],"picked":"Snecko Eye"}],"potions_floor_spawned":[14,16],"seed_played":"-7513306242633202700","killed_by":"Snake Plant","ascension_level":14,"is_trial":false}