{"path_per_floor":["M","M","$","?","M","R","E","R","T","$","M","M","?","E","R","B",null,"M","$","M","?","M","R","M","?","T","R","?","M","M","M","R","B",null,"M","$","?","$","?","R","M","M","T","M","$","M","?","?","R","B"],"character_chosen":"IRONCLAD","items_purchased":["Shrug It Off","Flame Barrier","True Grit"],"gold_per_floor":[118,134,5,5,18,18,51,51,51,51,65,78,78,103,103,178,178,192,15,35,35,48,48,61,61,61,61,61,72,92,111,111,183,183,194,142,142,17,0,0,14,32,32,45,45,58,58,112,112,112],"floor_reached":51,"campfire_rested":0,"playtime":2342,"current_hp_per_floor":[79,71,71,71,73,73,40,40,40,40,37,36,36,35,35,12,66,64,64,72,72,64,64,72,72,72,72,72,80,76,84,84,75,82,84,84,84,84,84,84,84,84,84,84,84,83,72,84,84,72],"items_purged":["Parasite","Strike_R","Strike_R"],"gold":112,"score":807,"play_id":"80092e8b-0d7f-4cdc-a39c-09fd0ab29396","is_prod":false,"is_daily":false,"is_ascension_mode":true,"campfire_upgraded":8,"path_taken":["M","M","$","?","M","R","E","R","T","$","M","M","?","E","R","BOSS","M","$","M","?","M","R","M","?","T","R","?","M","M","M","R","BOSS","M","?","?","$","?","R","M","M","T","M","?","M","?","?","R","BOSS"],"build_version":"2018-02-08-BETA1","purchased_purges":3,"victory":true,"master_deck":["Strike_R","Defend_R","Defend_R","Defend_R","Defend_R","Bash","Twin Strike+1","Shrug It Off","Shrug It Off+1","Seeing Red","Uppercut","Shockwave+1","Feel No Pain","True Grit+1","Demon Form+1","Flame Barrier","Flame Barrier+1","Whirlwind+1","Bandage Up","Thunderclap+1","Reaper","Uppercut+1","True Grit+1","Whirlwind+1","Madness","Madness"],"max_hp_per_floor":[87,87,84,84,84,84,84,84,84,84,84,84,84,84,84,84,84,84,84,84,84,84,84,84,84,84,84,84,84,84,84,84,84,84,84,84,84,84,84,84,84,84,84,84,84,84,84,84,84,84],"relics":["Burning Blood","Strawberry","Charon\u0027s Ashes","Juzu Bracelet","Blood Vial","Snecko Eye","Girya","Velvet Choker","Red Mask","Champion Belt","Ice Cream"],"card_choices":[{"not_picked":["Combust","Rage"],"picked":"Twin Strike"},{"not_picked":["Carnage","Second Wind"],"picked":"Shrug It Off"},{"not_picked":["Intimidate","Anger"],"picked":"Seeing Red"},{"not_picked":["Exhume","Fiend Fire"],"picked":"Uppercut"},{"not_picked":["Dropkick","Armaments"],"picked":"Metallicize"},{"not_picked":["Wild Strike","Clash"],"picked":"Shockwave"},{"not_picked":["Disarm","Body Slam"],"picked":"True Grit"},{"not_picked":["Feed","Brutality"],"picked":"Demon Form"},{"not_picked":["Anger","Armaments"],"picked":"Flame Barrier"},{"not_picked":["Headbutt","Rage"],"picked":"Thunderclap"},{"not_picked":["Immolate","Limit Break"],"picked":"Reaper"},{"not_picked":["Disarm","Shrug It Off"],"picked":"Uppercut"},{"not_picked":["Clothesline","Iron Wave"],"picked":"Whirlwind"}],"player_experience":501341,"potions_floor_usage":[7,7,12,14,33,42,48,50,50],"damage_taken":[{"damage":6,"enemies":"Cultist","floor":1,"turns":4},{"damage":14,"enemies":"Blue Slaver","floor":2,"turns":6},{"damage":4,"enemies":"Small Slimes","floor":5,"turns":4},{"damage":39,"enemies":"Lagavulin","floor":7,"turns":7},{"damage":9,"enemies":"2 Fungi Beasts","floor":11,"turns":3},{"damage":7,"enemies":"Gremlin Gang","floor":12,"turns":4},{"damage":7,"enemies":"3 Sentries","floor":14,"turns":6},{"damage":31,"enemies":"The Guardian","floor":16,"turns":16},{"damage":10,"enemies":"2 Thieves","floor":18,"turns":4},{"damage":0,"enemies":"3 Byrds","floor":20,"turns":5},{"damage":16,"enemies":"Cultist and Chosen","floor":22,"turns":4},{"damage":0,"enemies":"Centurion and Healer","floor":24,"turns":7},{"damage":0,"enemies":"3 Cultists","floor":29,"turns":3},{"damage":16,"enemies":"Snake Plant","floor":30,"turns":4},{"damage":0,"enemies":"Chosen and Byrds","floor":31,"turns":5},{"damage":17,"enemies":"Collector","floor":33,"turns":8},{"damage":3,"enemies":"Flame Bruiser 1 Orb","floor":35,"turns":3},{"damage":0,"enemies":"3 Darklings","floor":41,"turns":4},{"damage":0,"enemies":"Spire Growth","floor":42,"turns":4},{"damage":0,"enemies":"Flame Bruiser 2 Orb","floor":44,"turns":4},{"damage":16,"enemies":"Sphere and 2 Shapes","floor":46,"turns":4},{"damage":16,"enemies":"Mysterious Sphere","floor":48,"turns":3},{"damage":45,"enemies":"Time Eater","floor":50,"turns":8}],"event_choices":[{"event_name":"The Lab","player_choice":"Got Potions","floor":4,"damage_taken":0},{"event_name":"Transmorgrifier","player_choice":"Transform","floor":13,"damage_taken":0},{"event_name":"The Library","player_choice":"Read","floor":21,"damage_taken":0},{"event_name":"Bonfire Elementals","player_choice":"BASIC","floor":25,"damage_taken":0},{"event_name":"Match and Keep!","player_choice":"1 cards matched","floor":28,"damage_taken":0},{"event_name":"Tomb of Lord Red Mask","player_choice":"Paid","floor":39,"damage_taken":0},{"event_name":"Winding Halls","player_choice":"Embrace Madness","floor":47,"damage_taken":0},{"event_name":"Mysterious Sphere","player_choice":"Fight","floor":48,"damage_taken":0}],"boss_relics":[{"not_picked":["Runic Pyramid","Black Blood"],"picked":"Snecko Eye"},{"not_picked":["Astrolabe","Question Card"],"picked":"Velvet Choker"}],"potions_floor_spawned":[1,5,7,16,20,29,31,33,41,42,48],"seed_played":"1609863269587737507","ascension_level":13,"is_trial":false}