{"path_per_floor":["M","$","?","$","?","R","E","R","T","M","T","$","?","M","R","B",null,"M","?","$","M","M","R","M","?","T","E","M","R","?","M","R"],"character_chosen":"IRONCLAD","items_purchased":["Shrug It Off","Inflame"],"gold_per_floor":[112,37,37,37,37,37,72,72,72,84,84,66,66,78,78,150,150,150,150,7,0,0,0,0,0,0,0,0,0,0,0,0],"floor_reached":33,"campfire_rested":0,"playtime":1290,"current_hp_per_floor":[74,72,72,72,72,72,72,72,72,72,72,72,72,72,72,42,65,41,41,41,38,69,69,54,38,38,42,64,64,64,72,72],"items_purged":["Parasite","Strike_R"],"gold":0,"score":490,"play_id":"4c79058e-c0ef-41f2-8562-f56191a22f8f","is_prod":false,"is_daily":false,"is_ascension_mode":true,"campfire_upgraded":6,"path_taken":["M","$","?","$","?","R","E","R","T","?","?","?","?","M","R","BOSS","M","?","$","M","M","R","M","?","T","E","M","R","?","M","R","BOSS"],"build_version":"2018-02-08-BETA1","purchased_purges":3,"victory":false,"master_deck":["Strike_R","Strike_R","Strike_R","Defend_R","Defend_R","Defend_R","Defend_R","Bash+1","Twin Strike+1","Reaper","True Grit+1","Shrug It Off+1","Battle Trance","Armaments+1","Dropkick","Inflame+1","Clothesline","Clothesline+1","Warcry+1"],"max_hp_per_floor":[75,72,72,72,72,72,72,72,72,72,72,72,72,72,72,72,72,72,72,72,72,72,72,72,72,72,79,79,79,79,79,79],"relics":["Burning Blood","NeowsBlessing","Pen Nib","Bird Faced Urn","The Courier","Ectoplasm","Enchiridion","Omamori","Strawberry"],"card_choices":[{"not_picked":["Sword Boomerang","Bloodletting"],"picked":"Twin Strike"},{"not_picked":["Wild Strike","Corruption"],"picked":"Reaper"},{"not_picked":["Anger","Pummel"],"picked":"True Grit"},{"not_picked":["Burning Pact","Armaments"],"picked":"Battle Trance"},{"not_picked":["Iron Wave","Clash"],"picked":"Armaments"},{"not_picked":["Wild Strike","Sever Soul"],"picked":"Clothesline"},{"not_picked":["Fiend Fire","Sever Soul"],"picked":"Clothesline"},{"not_picked":["Pommel Strike","Sword Boomerang"],"picked":"Warcry"}],"player_experience":516346,"potions_floor_usage":[16,16,24,33,33,33],"damage_taken":[{"damage":0,"enemies":"Cultist","floor":1,"turns":1},{"damage":0,"enemies":"Lagavulin","floor":7,"turns":1},{"damage":0,"enemies":"Blue Slaver","floor":10,"turns":1},{"damage":2,"enemies":"Jaw Worm","floor":14,"turns":3},{"damage":40,"enemies":"The Guardian","floor":16,"turns":10},{"damage":34,"enemies":"Chosen","floor":18,"turns":8},{"damage":24,"enemies":"2 Thieves","floor":21,"turns":4},{"damage":1,"enemies":"Centurion and Healer","floor":22,"turns":6},{"damage":23,"enemies":"3 Cultists","floor":24,"turns":6},{"damage":25,"enemies":"Gremlin Leader","floor":27,"turns":8},{"damage":0,"enemies":"Chosen and Byrds","floor":28,"turns":4},{"damage":10,"enemies":"Cultist and Chosen","floor":31,"turns":5},{"damage":84,"enemies":"Automaton","floor":33,"turns":10}],"event_choices":[{"event_name":"Bonfire Elementals","player_choice":"BASIC","floor":3,"damage_taken":0},{"event_name":"The Lab","player_choice":"Got Potions","floor":5,"damage_taken":0},{"event_name":"Liars Game","player_choice":"disagreed","floor":13,"damage_taken":0},{"event_name":"The Library","player_choice":"Read","floor":19,"damage_taken":0},{"event_name":"Cursed Tome","player_choice":"Obtained Book","floor":25,"damage_taken":0},{"event_name":"Drug Dealer","player_choice":"Ignored","floor":30,"damage_taken":0}],"boss_relics":[{"not_picked":["Astrolabe","Snecko Eye"],"picked":"Ectoplasm"}],"potions_floor_spawned":[10,14,16,21,24],"seed_played":"-7100255651446564827","killed_by":"Automaton","ascension_level":14,"is_trial":false}