{"path_per_floor":["M","M","M","?","$","R","E","R","T","?","M","M","M","M","R","B",null,"M","?","M","?","$","R","M","R","T","R","$","$","?","M","R"],"character_chosen":"IRONCLAD","items_purchased":["Armaments","Evolve"],"gold_per_floor":[112,123,137,137,16,16,45,45,45,10,25,36,54,71,71,167,167,186,186,206,206,34,34,48,48,48,48,48,48,48,64,64],"floor_reached":33,"campfire_rested":2,"playtime":1291,"current_hp_per_floor":[54,49,55,80,77,77,44,44,44,65,64,68,69,75,75,36,74,63,63,56,39,39,39,24,51,51,51,51,51,51,52,79],"items_purged":["Parasite","Strike_R"],"gold":64,"score":395,"play_id":"df69aac0-69d2-4ee9-892e-5925e57561a6","is_prod":false,"is_daily":false,"is_ascension_mode":true,"campfire_upgraded":5,"path_taken":["M","M","M","?","$","R","E","R","T","?","M","M","M","M","R","BOSS","M","?","M","?","$","R","M","R","T","R","?","$","?","M","R","BOSS"],"build_version":"2018-02-08-BETA1","purchased_purges":2,"victory":false,"master_deck":["Strike_R+1","Strike_R+1","Strike_R+1","Strike_R+1","Defend_R+1","Defend_R+1","Defend_R+1","Defend_R+1","Bash+1","Cleave","Armaments+1","Iron Wave+1","Offering+1","Shrug It Off+1","Shrug It Off+1","Body Slam+1","Evolve+1"],"max_hp_per_floor":[80,80,80,80,77,77,87,87,87,87,87,87,87,87,87,87,87,87,87,87,92,92,92,92,92,92,92,92,92,92,92,92],"relics":["Burning Blood","Juzu Bracelet","Pear","Paper Frog","Mark of Pain","War Paint"],"card_choices":[{"not_picked":["Sentinel","Anger"],"picked":"Cleave"},{"not_picked":["Clothesline","Sword Boomerang"],"picked":"Iron Wave"},{"not_picked":["Dark Embrace","Berserk"],"picked":"Offering"},{"not_picked":["Heavy Blade","Clothesline"],"picked":"Shrug It Off"},{"not_picked":["Thunderclap","Sword Boomerang"],"picked":"Body Slam"}],"player_experience":493071,"potions_floor_usage":[3,16,18,33],"damage_taken":[{"damage":24,"enemies":"Blue Slaver","floor":1,"turns":7},{"damage":11,"enemies":"Cultist","floor":2,"turns":4},{"damage":0,"enemies":"2 Louse","floor":3,"turns":1},{"damage":49,"enemies":"Lagavulin","floor":7,"turns":8},{"damage":7,"enemies":"Exordium Wildlife","floor":11,"turns":5},{"damage":2,"enemies":"Exordium Thugs","floor":12,"turns":4},{"damage":5,"enemies":"Red Slaver","floor":13,"turns":5},{"damage":0,"enemies":"Exordium Wildlife","floor":14,"turns":3},{"damage":45,"enemies":"Slime Boss","floor":16,"turns":12},{"damage":17,"enemies":"2 Thieves","floor":18,"turns":5},{"damage":13,"enemies":"Chosen","floor":20,"turns":6},{"damage":21,"enemies":"Snecko","floor":24,"turns":6},{"damage":5,"enemies":"3 Cultists","floor":31,"turns":5},{"damage":87,"enemies":"Automaton","floor":33,"turns":12}],"event_choices":[{"event_name":"Big Fish","player_choice":"Banana","floor":4,"damage_taken":0},{"event_name":"The Cleric","player_choice":"Healed","floor":10,"damage_taken":0},{"event_name":"The Library","player_choice":"Read","floor":19,"damage_taken":0},{"event_name":"Forgotten Altar","player_choice":"Shed Blood","floor":21,"damage_taken":0},{"event_name":"Back to Basics","player_choice":"Simplicity","floor":30,"damage_taken":0}],"boss_relics":[{"not_picked":["Ectoplasm","Runic Dome"],"picked":"Mark of Pain"}],"potions_floor_spawned":[2,11,12,16,31],"seed_played":"-7590384270986287336","killed_by":"Automaton","ascension_level":12,"is_trial":false}