{"path_per_floor":["M","?","M","M","$","R","M","R","T","M","E","?","M","?","R","B",null,"M","M","?","$","?","R","M","M","T","$","M","R","M","M","R","B",null,"M","M","$","?","$","M","R","M","T","R","$","R","M","M","R","B"],"character_chosen":"IRONCLAD","items_purchased":["Pommel Strike","Magic Flower","Evolve","Rampage"],"gold_per_floor":[118,118,132,148,49,49,68,68,68,85,114,114,130,205,205,301,301,320,337,337,20,20,20,37,52,52,25,45,45,61,81,81,185,185,199,214,53,53,53,72,72,85,85,85,85,85,101,113,113,113],"floor_reached":51,"campfire_rested":1,"playtime":2534,"current_hp_per_floor":[80,85,85,85,85,85,82,82,82,65,68,51,44,33,33,34,85,83,81,81,81,81,81,73,65,65,65,51,51,52,53,53,29,85,77,78,78,85,85,62,62,68,68,68,68,68,72,67,85,76],"items_purged":["Strike_R","Strike_R","Strike_R"],"gold":113,"score":503,"play_id":"7dc271ce-e590-4553-bd71-76d3c50447c5","is_prod":false,"is_daily":false,"is_ascension_mode":false,"campfire_upgraded":9,"path_taken":["M","?","M","M","$","R","M","R","T","M","E","?","M","?","R","BOSS","M","M","?","$","?","R","?","M","T","$","M","R","M","M","R","BOSS","M","M","$","?","?","M","R","M","T","R","$","R","M","?","R","BOSS"],"build_version":"2018-02-19-BETA1","purchased_purges":3,"victory":true,"master_deck":["Strike_R","Strike_R","Defend_R","Defend_R","Defend_R","Defend_R+1","Bash","Clothesline+1","Shrug It Off+1","Pommel Strike+1","Thunderclap+1","Flex+1","Pommel Strike+1","Offering","Offering","Shrug It Off+1","Cleave","Shrug It Off+1","Pommel Strike+1","Evolve+1","Twin Strike+1","Bludgeon+1","Rampage+1","Writhe","Flame Barrier+1","Uppercut+1","Clothesline+1"],"max_hp_per_floor":[80,85,85,85,85,85,85,85,85,85,85,85,85,85,85,85,85,85,85,85,85,85,85,85,85,85,85,85,85,85,85,85,85,85,85,85,85,85,85,85,85,85,85,85,85,85,85,85,85,85],"relics":["Burning Blood","The Courier","Du-Vu Doll","Mark of Pain","Magic Flower","Molten Egg 2","Snecko Eye","Ginger"],"card_choices":[{"not_picked":["Perfected Strike","Pummel"],"picked":"Clothesline"},{"not_picked":["Clothesline","Power Through"],"picked":"Shrug It Off"},{"not_picked":["Clothesline","Havoc"],"picked":"Thunderclap"},{"not_picked":["Armaments","Hemokinesis"],"picked":"Flex"},{"not_picked":["Havoc","Uppercut"],"picked":"Pommel Strike"},{"not_picked":["True Grit","Twin Strike"],"picked":"Offering"},{"not_picked":["Feed","Limit Break"],"picked":"Offering"},{"not_picked":["Twin Strike","Clash"],"picked":"Shrug It Off"},{"not_picked":["Infernal Blade","Body Slam"],"picked":"Cleave"},{"not_picked":["Armaments","Thunderclap"],"picked":"Shrug It Off"},{"not_picked":["Iron Wave","Armaments"],"picked":"Pommel Strike"},{"not_picked":["Clash","True Grit"],"picked":"Twin Strike"},{"not_picked":["Armaments","Anger"],"picked":"Bludgeon"},{"not_picked":["Fire Breathing","Armaments"],"picked":"Flame Barrier"},{"not_picked":["Havoc","Iron Wave"],"picked":"Uppercut"},{"not_picked":["Body Slam","Headbutt"],"picked":"Clothesline"}],"player_experience":737391,"potions_floor_usage":[11,11,16,16,19,33,33,42,50,50],"damage_taken":[{"damage":1.0,"enemies":"Jaw Worm","floor":1.0,"turns":6.0},{"damage":0.0,"enemies":"2 Louse","floor":3.0,"turns":3.0},{"damage":4,"enemies":"Small Slimes","floor":4,"turns":4},{"damage":9,"enemies":"Looter","floor":7,"turns":3},{"damage":23,"enemies":"Large Slime","floor":10,"turns":4},{"damage":3,"enemies":"3 Sentries","floor":11,"turns":9},{"damage":13,"enemies":"Exordium Thugs","floor":13,"turns":4},{"damage":5,"enemies":"Slime Boss","floor":16,"turns":4},{"damage":8,"enemies":"Spheric Guardian","floor":18,"turns":1},{"damage":8,"enemies":"Chosen","floor":19,"turns":2},{"damage":17,"enemies":"Snake Plant","floor":24,"turns":4},{"damage":17,"enemies":"Snecko","floor":25,"turns":4},{"damage":23,"enemies":"Cultist and Chosen","floor":28,"turns":7},{"damage":8,"enemies":"Chosen and Byrds","floor":30,"turns":3},{"damage":8,"enemies":"Snecko","floor":31,"turns":2},{"damage":33,"enemies":"Collector","floor":33,"turns":7},{"damage":17,"enemies":"Flame Bruiser 1 Orb","floor":35,"turns":4},{"damage":8,"enemies":"Orb Walker","floor":36,"turns":3},{"damage":32,"enemies":"4 Shapes","floor":40,"turns":4},{"damage":3,"enemies":"Spire Growth","floor":42,"turns":4},{"damage":5,"enemies":"Flame Bruiser 2 Orb","floor":47,"turns":6},{"damage":14,"enemies":"Maw","floor":48,"turns":5},{"damage":18,"enemies":"Awakened One","floor":50,"turns":13}],"event_choices":[{"event_name":"Big Fish","player_choice":"Donut","floor":2.0,"damage_taken":0.0},{"event_name":"Shining Light","player_choice":"Entered Light","floor":12,"damage_taken":0},{"event_name":"World of Goop","player_choice":"Gather Gold","floor":14,"damage_taken":0},{"event_name":"Drug Dealer","player_choice":"Ignored","floor":20,"damage_taken":0},{"event_name":"Vampires","player_choice":"Ignored","floor":22,"damage_taken":0},{"event_name":"Winding Halls","player_choice":"Writhe","floor":38,"damage_taken":0}],"boss_relics":[{"not_picked":["White Beast Statue","Sozu"],"picked":"Mark of Pain"},{"not_picked":["Calling Bell","Question Card"],"picked":"Snecko Eye"}],"potions_floor_spawned":[7,10,13,16,19,24,33,36,40,48],"seed_played":"-274445969396155990","ascension_level":0,"is_trial":false}