{"path_per_floor":["M","M","M","?","M","R","?","R","T","M","M","R","E","M","R","B",null,"M","M","?","$","M","R"],"character_chosen":"IRONCLAD","items_purchased":["Anchor"],"gold_per_floor":[119,133,148,98,108,108,108,108,108,119,135,135,160,171,171,244,244,257,274,274,48,60,60],"floor_reached":24,"campfire_rested":0,"playtime":721,"current_hp_per_floor":[65,65,63,63,65,65,45,45,45,44,43,43,37,43,43,39,59,55,49,49,49,40,40],"items_purged":["Strike_R"],"gold":60,"score":350,"play_id":"744f1147-c1ab-4da6-9808-85b2c783c386","is_prod":false,"is_daily":false,"is_ascension_mode":true,"campfire_upgraded":5,"path_taken":["M","M","M","?","M","R","?","R","T","M","M","R","E","M","R","BOSS","M","M","?","$","M","R","E"],"build_version":"2018-02-22-BETA1","purchased_purges":1,"victory":false,"master_deck":["Strike_R+1","Strike_R","Strike_R+1","Defend_R","Defend_R","Defend_R","Defend_R","Metallicize+1","Inflame+1","Thunderclap","Flex+1","Sword Boomerang+1","Reaper","Cleave+1"],"max_hp_per_floor":[65,65,65,65,65,65,65,65,65,65,65,65,65,65,65,65,65,65,65,65,65,65,65],"relics":["Burning Blood","Sundial","Vajra","Cursed Key","Anchor"],"card_choices":[{"not_picked":["Anger","Evolve"],"picked":"Metallicize"},{"not_picked":["Armaments","Thunderclap"],"picked":"Inflame"},{"not_picked":["Headbutt","Cleave"],"picked":"Thunderclap"},{"not_picked":["Intimidate","Clothesline"],"picked":"Flex"},{"not_picked":["Clash","Exhume"],"picked":"Sword Boomerang"},{"not_picked":["Exhume","Berserk"],"picked":"Reaper"},{"not_picked":["Iron Wave","Warcry"],"picked":"Cleave"}],"player_experience":769297,"potions_floor_usage":[5,13,16,16,16,24],"damage_taken":[{"damage":2,"enemies":"Jaw Worm","floor":1,"turns":3},{"damage":5,"enemies":"Small Slimes","floor":2,"turns":5},{"damage":8,"enemies":"Cultist","floor":3,"turns":6},{"damage":0,"enemies":"Looter","floor":5,"turns":4},{"damage":7,"enemies":"Large Slime","floor":10,"turns":9},{"damage":7,"enemies":"Exordium Wildlife","floor":11,"turns":4},{"damage":12,"enemies":"Lagavulin","floor":13,"turns":5},{"damage":0,"enemies":"2 Fungi Beasts","floor":14,"turns":2},{"damage":10,"enemies":"Slime Boss","floor":16,"turns":5},{"damage":22,"enemies":"Chosen","floor":18,"turns":4},{"damage":20,"enemies":"Spheric Guardian","floor":19,"turns":4},{"damage":21,"enemies":"Snake Plant","floor":22,"turns":4},{"damage":60,"enemies":"Book of Stabbing","floor":24,"turns":5}],"event_choices":[{"event_name":"The Cleric","player_choice":"Card Removal","floor":4,"damage_taken":0},{"event_name":"Shining Light","player_choice":"Entered Light","floor":7,"damage_taken":0},{"event_name":"Drug Dealer","player_choice":"Ignored","floor":20,"damage_taken":0}],"boss_relics":[{"not_picked":["Runic Pyramid","Lizard Tail"],"picked":"Cursed Key"}],"potions_floor_spawned":[1,3,5,11,13,22],"seed_played":"4753878555063115977","killed_by":"Book of Stabbing","ascension_level":15,"is_trial":false}