{"path_per_floor":["M","M","M","$","M","R","?","M","T","R","M","E","R","E","R","B",null,"M","M","M","?","M","R","?","R","T","M","M","$","R","?","R","B",null,"M","M","?","$","M","R","E","?","T","M","R","M","R","?","R","B"],"character_chosen":"IRONCLAD","items_purchased":["Shrug It Off","Feel No Pain"],"gold_per_floor":[111,124,141,18,29,29,29,40,40,40,55,86,86,120,120,195,195,209,225,237,152,168,168,168,168,193,204,215,36,36,36,36,108,108,119,131,131,6,26,26,354,354,405,415,415,426,426,426,426,426],"floor_reached":51,"campfire_rested":2,"playtime":2537,"current_hp_per_floor":[68,68,59,59,64,64,64,45,45,45,51,57,57,57,57,39,61,62,66,49,49,55,55,55,55,55,62,62,62,62,62,62,64,74,62,67,67,67,55,55,43,43,43,42,42,25,48,48,71,73],"items_purged":["Strike_R","Strike_R","Parasite"],"gold":426,"score":1019,"play_id":"1865d3a4-949c-49ef-bddc-d41e9b98862d","is_prod":false,"is_daily":false,"is_ascension_mode":true,"campfire_upgraded":10,"path_taken":["M","M","M","$","M","R","?","M","T","R","M","E","R","E","R","BOSS","M","M","M","?","M","R","?","R","T","?","M","?","R","?","R","BOSS","M","M","?","$","?","R","E","?","T","M","R","?","R","?","R","BOSS"],"build_version":"2018-02-21-BETA5","purchased_purges":3,"victory":true,"master_deck":["Strike_R","Strike_R","Defend_R","Defend_R","Defend_R","Defend_R","Bash","Body Slam+1","Feel No Pain+1","Iron Wave+1","Shrug It Off","True Grit+1","Iron Wave","Intimidate","Iron Wave","Barricade+1","Pommel Strike+1","Shrug It Off+1","Body Slam+1","Thunderclap","True Grit+1","Seeing Red","Feel No Pain+1","Offering","Impervious+1","Shrug It Off","Shrug It Off+1","Entrench+1","Shrug It Off+1"],"max_hp_per_floor":[68,68,68,68,68,68,68,68,68,68,68,68,68,68,68,68,68,68,71,71,71,71,71,71,71,71,74,77,77,77,77,77,77,77,77,80,80,77,77,77,77,77,77,77,77,77,77,77,77,77],"relics":["Burning Blood","Gambling Chip","Bottled Flame","Pen Nib","Bag of Marbles","Philosopher\u0027s Stone","Lantern","Omamori","Cursed Key","Old Coin","Prayer Wheel"],"card_choices":[{"not_picked":["Headbutt","Bloodletting"],"picked":"Body Slam"},{"not_picked":["Second Wind","Clothesline"],"picked":"Feel No Pain"},{"not_picked":["Twin Strike","Feel No Pain"],"picked":"Iron Wave"},{"not_picked":["Cleave","Armaments"],"picked":"True Grit"},{"not_picked":["Sword Boomerang","True Grit"],"picked":"Intimidate"},{"not_picked":["Clash","Warcry"],"picked":"Iron Wave"},{"not_picked":["Flex","Headbutt"],"picked":"Feed"},{"not_picked":["Exhume","Double Tap"],"picked":"Barricade"},{"not_picked":["Wild Strike","Anger"],"picked":"Pommel Strike"},{"not_picked":["Sentinel","Sword Boomerang"],"picked":"Shrug It Off"},{"not_picked":["Wild Strike","Rampage"],"picked":"Body Slam"},{"not_picked":["Perfected Strike","Evolve"],"picked":"Thunderclap"},{"not_picked":["Bloodletting","Rampage"],"picked":"True Grit"},{"not_picked":["Dropkick","Warcry"],"picked":"Seeing Red"},{"not_picked":["Brutality","Exhume"],"picked":"Impervious"},{"not_picked":["Rampage","Havoc"],"picked":"Shrug It Off"},{"not_picked":["Heavy Blade","Intimidate"],"picked":"Shrug It Off"},{"not_picked":["Offering","Havoc"],"picked":"Entrench"},{"not_picked":["Armaments","Hemokinesis"],"picked":"Shrug It Off"}],"player_experience":759143,"potions_floor_usage":[8,14,14,18,19,27,27,39,39],"damage_taken":[{"damage":6,"enemies":"2 Louse","floor":1,"turns":4},{"damage":6,"enemies":"Cultist","floor":2,"turns":4},{"damage":15,"enemies":"Jaw Worm","floor":3,"turns":7},{"damage":1,"enemies":"Looter","floor":5,"turns":4},{"damage":25,"enemies":"Exordium Thugs","floor":8,"turns":7},{"damage":0,"enemies":"3 Louse","floor":11,"turns":4},{"damage":0,"enemies":"3 Sentries","floor":12,"turns":10},{"damage":6,"enemies":"Lagavulin","floor":14,"turns":6},{"damage":24,"enemies":"The Guardian","floor":16,"turns":14},{"damage":5,"enemies":"Chosen","floor":18,"turns":4},{"damage":5,"enemies":"2 Thieves","floor":19,"turns":3},{"damage":23,"enemies":"Snake Plant","floor":20,"turns":5},{"damage":0,"enemies":"Snecko","floor":22,"turns":4},{"damage":2,"enemies":"Sentry and Sphere","floor":27,"turns":4},{"damage":9,"enemies":"Snake Plant","floor":28,"turns":2},{"damage":4,"enemies":"Champ","floor":33,"turns":7},{"damage":18,"enemies":"3 Darklings","floor":35,"turns":7},{"damage":4,"enemies":"3 Shapes","floor":36,"turns":8},{"damage":18,"enemies":"Spire Growth","floor":39,"turns":5},{"damage":18,"enemies":"2 Orb Walkers","floor":41,"turns":5},{"damage":7,"enemies":"4 Shapes","floor":44,"turns":6},{"damage":23,"enemies":"3 Darklings","floor":46,"turns":5},{"damage":4,"enemies":"Time Eater","floor":50,"turns":6}],"event_choices":[{"event_name":"Transmorgrifier","player_choice":"Transform","floor":7,"damage_taken":0},{"event_name":"Addict","player_choice":"Obtained Relic","floor":21,"damage_taken":0},{"event_name":"The Lab","player_choice":"Got Potions","floor":24,"damage_taken":0},{"event_name":"The Library","player_choice":"Read","floor":31,"damage_taken":0},{"event_name":"Tomb of Lord Red Mask","player_choice":"Ignored","floor":42,"damage_taken":0},{"event_name":"Mysterious Sphere","player_choice":"Ignore","floor":48,"damage_taken":0}],"boss_relics":[{"not_picked":["Calling Bell","Eternal Feather"],"picked":"Philosopher\u0027s Stone"},{"not_picked":["Tiny House","Black Blood"],"picked":"Cursed Key"}],"potions_floor_spawned":[2,3,8,11,18,22,28,35],"seed_played":"6474994863326538884","ascension_level":15,"is_trial":false}