{"path_per_floor":["M","?","M","$","M","R","M","E","T","M","?","M","R","M","R","B",null,"M","M","M","$","?","E","M","E","T","?","?","M","E","?","R"],"character_chosen":"IRONCLAD","items_purchased":["Whirlwind","Feed","Thunderclap"],"gold_per_floor":[110,185,204,56,75,75,89,117,143,162,162,181,181,195,195,296,296,314,327,337,28,28,59,73,107,156,156,156,174,204,235,235],"floor_reached":33,"campfire_rested":1,"playtime":1020,"current_hp_per_floor":[79,68,68,68,68,68,68,65,65,58,58,58,58,58,58,18,80,67,58,39,39,39,51,70,43,43,27,27,27,23,23,47],"items_purged":["Bash","Strike_R"],"gold":235,"score":334,"play_id":"c3e657b1-2757-43f3-b50c-c658e473eb28","is_prod":false,"is_daily":false,"is_ascension_mode":false,"campfire_upgraded":3,"path_taken":["M","?","M","$","M","R","M","E","T","M","?","M","R","M","R","BOSS","M","M","M","$","?","E","M","E","T","?","?","M","E","?","R","BOSS"],"build_version":"2018-02-23-BETA1","purchased_purges":2,"victory":false,"master_deck":["Strike_R","Strike_R","Strike_R","Strike_R","Defend_R","Defend_R","Defend_R","Defend_R","Cleave","Shrug It Off+1","Whirlwind+1","Battle Trance","Rampage+1","Spot Weakness","Thunderclap","Reaper","Flex","Feed","Thunderclap","Seeing Red","Ghostly Armor","Shrug It Off"],"max_hp_per_floor":[80,80,80,80,80,80,80,80,80,80,80,80,80,80,80,80,80,80,80,80,80,80,80,83,83,83,83,83,83,83,83,83],"relics":["Sozu","Orichalcum","Omamori","Philosopher\u0027s Stone","Paper Frog","Juzu Bracelet","Necronomicon","Nloth\u0027s Gift","Lantern","Red Mask"],"card_choices":[{"not_picked":["Entrench","Perfected Strike"],"picked":"Cleave"},{"not_picked":["Feed","Carnage"],"picked":"Shrug It Off"},{"not_picked":["Dropkick","Bloodletting"],"picked":"Battle Trance"},{"not_picked":["Headbutt","Clothesline"],"picked":"Rampage"},{"not_picked":["Impervious","Twin Strike"],"picked":"Spot Weakness"},{"not_picked":["Carnage","Heavy Blade"],"picked":"Thunderclap"},{"not_picked":["Exhume","Immolate"],"picked":"Reaper"},{"not_picked":["Combust","Bloodletting"],"picked":"Flex"},{"not_picked":["Armaments","Metallicize"],"picked":"Seeing Red"},{"not_picked":["Evolve","Twin Strike"],"picked":"Ghostly Armor"},{"not_picked":["Wild Strike","Armaments"],"picked":"Shrug It Off"}],"player_experience":778454,"potions_floor_usage":[],"damage_taken":[{"damage":1,"enemies":"Jaw Worm","floor":1,"turns":3},{"damage":0,"enemies":"2 Louse","floor":3,"turns":2},{"damage":0,"enemies":"Small Slimes","floor":5,"turns":2},{"damage":0,"enemies":"Exordium Wildlife","floor":7,"turns":3},{"damage":3,"enemies":"3 Sentries","floor":8,"turns":4},{"damage":7,"enemies":"Blue Slaver","floor":10,"turns":3},{"damage":0,"enemies":"3 Louse","floor":12,"turns":2},{"damage":0,"enemies":"Lots of Slimes","floor":14,"turns":1},{"damage":40,"enemies":"The Guardian","floor":16,"turns":9},{"damage":18,"enemies":"Chosen","floor":18,"turns":4},{"damage":16,"enemies":"Shell Parasite","floor":19,"turns":4},{"damage":25,"enemies":"Snake Plant","floor":20,"turns":4},{"damage":0,"enemies":"Gremlin Leader","floor":23,"turns":6},{"damage":0,"enemies":"Centurion and Healer","floor":24,"turns":5},{"damage":40,"enemies":"Slavers","floor":25,"turns":3},{"damage":0,"enemies":"Snecko","floor":29,"turns":2},{"damage":27,"enemies":"Gremlin Leader","floor":30,"turns":4},{"damage":0,"enemies":"Masked Bandits","floor":31,"turns":1},{"damage":56,"enemies":"Champ","floor":33,"turns":9}],"event_choices":[{"event_name":"World of Goop","player_choice":"Gather Gold","floor":2,"damage_taken":0},{"event_name":"Liars Game","player_choice":"disagreed","floor":11,"damage_taken":0},{"event_name":"Drug Dealer","player_choice":"Ignored","floor":22,"damage_taken":0},{"event_name":"Cursed Tome","player_choice":"Obtained Book","floor":27,"damage_taken":0},{"event_name":"N\u0027loth","player_choice":"Traded a Blood Vial","floor":28,"damage_taken":0},{"event_name":"Masked Bandits","player_choice":"Fought over 204 gold","floor":31,"damage_taken":0}],"boss_relics":[{"not_picked":["Pandora\u0027s Box","Runic Cube"],"picked":"Philosopher\u0027s Stone"}],"potions_floor_spawned":[1,7,8,14,19,20,24,29,31],"seed_played":"-8138704294512845988","killed_by":"Champ","ascension_level":0,"is_trial":false}