{"path_per_floor":["M","?","M","M","?","R","M","R","T","E","$","M","$","M","R","B",null,"M","?","T","M","M","R","M","R","T","?","R","M"],"character_chosen":"IRONCLAD","items_purchased":["Inflame","Flex"],"gold_per_floor":[113,113,128,146,146,146,157,157,157,189,36,54,1,19,19,115,115,127,127,208,225,243,243,259,259,259,184,184,202],"floor_reached":30,"campfire_rested":0,"playtime":1164,"current_hp_per_floor":[80,85,85,85,73,73,79,79,79,79,79,74,74,70,70,17,85,83,83,83,75,50,50,29,29,29,29,29,7],"items_purged":["Defend_R"],"gold":202,"score":232,"play_id":"4c64abe5-6732-4e60-9e00-b0ffd38eaca2","is_prod":false,"is_daily":false,"is_ascension_mode":false,"campfire_upgraded":6,"path_taken":["M","?","M","M","?","R","M","R","T","E","$","?","$","M","R","BOSS","M","?","?","M","M","R","M","R","T","?","R","?","M"],"build_version":"2018-02-19-BETA1","purchased_purges":1,"victory":false,"master_deck":["Strike_R","Strike_R","Strike_R","Strike_R","Defend_R","Defend_R","Defend_R","Bash","Pommel Strike+1","Ghostly Armor","Pommel Strike+1","True Grit+1","Inflame","Pommel Strike","Flex+1","Shrug It Off","Limit Break+1","Flex+1","Sword Boomerang+1","Twin Strike"],"max_hp_per_floor":[80,85,85,85,85,85,85,85,85,85,85,85,85,85,85,85,85,85,85,85,85,85,85,85,85,85,85,85,85],"relics":["Burning Blood","Pantograph","Ice Cream","Oddly Smooth Stone","Black Star","Dodecahedron","Toxic Egg 2"],"card_choices":[{"not_picked":["Cleave","Twin Strike"],"picked":"Pommel Strike"},{"not_picked":["Feel No Pain","Battle Trance"],"picked":"Ghostly Armor"},{"not_picked":["Wild Strike","Second Wind"],"picked":"Pommel Strike"},{"not_picked":["Heavy Blade","Carnage"],"picked":"True Grit"},{"not_picked":["Reckless Charge","Infernal Blade"],"picked":"Pommel Strike"},{"not_picked":["Intimidate","Havoc"],"picked":"Shrug It Off"},{"not_picked":["Dark Embrace","Offering"],"picked":"Limit Break"},{"not_picked":["Headbutt","Carnage"],"picked":"Flex"},{"not_picked":["Second Wind","Thunderclap"],"picked":"Sword Boomerang"},{"not_picked":["Anger","Headbutt"],"picked":"Twin Strike"}],"player_experience":726095,"potions_floor_usage":[10,12,16,18],"damage_taken":[{"damage":5,"enemies":"Jaw Worm","floor":1,"turns":4},{"damage":0,"enemies":"Small Slimes","floor":3,"turns":3},{"damage":0,"enemies":"2 Louse","floor":4,"turns":3},{"damage":0,"enemies":"Large Slime","floor":7,"turns":5},{"damage":6,"enemies":"Gremlin Nob","floor":10,"turns":3},{"damage":11,"enemies":"Exordium Wildlife","floor":12,"turns":3},{"damage":10,"enemies":"Exordium Thugs","floor":14,"turns":3},{"damage":74,"enemies":"Hexaghost","floor":16,"turns":10},{"damage":8,"enemies":"Spheric Guardian","floor":18,"turns":4},{"damage":14,"enemies":"Shell Parasite","floor":21,"turns":7},{"damage":31,"enemies":"Cultist and Chosen","floor":22,"turns":7},{"damage":27,"enemies":"Centurion and Healer","floor":24,"turns":6},{"damage":28,"enemies":"Snake Plant","floor":29,"turns":5},{"damage":15,"enemies":"Cultist and Chosen","floor":30,"turns":3}],"event_choices":[{"event_name":"Big Fish","player_choice":"Donut","floor":2,"damage_taken":0},{"event_name":"Scrap Ooze","player_choice":"success","floor":5,"damage_taken":12},{"event_name":"The Mausoleum","player_choice":"No","floor":19,"damage_taken":0},{"event_name":"Beggar","player_choice":"Gave Gold","floor":27,"damage_taken":0}],"boss_relics":[{"not_picked":["Tiny House","Runic Pyramid"],"picked":"Black Star"}],"potions_floor_spawned":[7,10,12,14,29],"seed_played":"-2097268558366297979","killed_by":"Cultist and Chosen","ascension_level":0,"is_trial":false}