{"path_per_floor":["M","?","M","M","$","R","M","R","T","M","M","R","?","$","R","B",null,"M","M","?","$","M","R","T","R","T","R","M","R","?","M","R","B",null,"M","?","M","?","$","R","?","R","T","M","M","R","$","M","R"],"character_chosen":"IRONCLAD","items_purchased":["Battle Trance","Pummel","Spot Weakness","Anchor","Regal Pillow"],"gold_per_floor":[117,117,127,140,65,65,84,84,84,95,106,106,106,6,6,132,132,150,174,374,64,79,79,104,104,130,130,145,145,45,69,69,200,200,224,224,239,572,129,129,129,129,129,143,155,155,155,175,175],"floor_reached":50,"campfire_rested":1,"playtime":930,"current_hp_per_floor":[80,80,80,80,80,80,75,75,75,72,69,69,69,69,69,66,74,74,67,67,67,73,73,73,73,73,73,52,52,52,55,55,27,74,44,63,66,66,66,66,66,66,66,58,26,63,63,69,69],"items_purged":["Strike_R","Defend_R","Strike_R","Defend_R"],"gold":175,"score":407,"play_id":"a8211e7e-0f9d-46d2-857d-051f825b728f","is_prod":false,"is_daily":false,"is_ascension_mode":false,"campfire_upgraded":12,"path_taken":["M","?","M","M","$","R","M","R","T","M","M","R","?","$","R","BOSS","M","M","?","$","M","R","?","R","T","R","M","R","?","?","R","BOSS","M","?","M","?","$","R","?","R","T","?","M","R","?","M","R","BOSS"],"build_version":"2018-02-19-BETA1","purchased_purges":4,"victory":false,"master_deck":["Strike_R+1","Strike_R+1","Strike_R+1","Defend_R","Defend_R","Bash","Whirlwind+1","Spot Weakness+1","Twin Strike+1","Double Tap+1","Pommel Strike+1","Battle Trance+1","Pummel+1","Whirlwind+1","J.A.X.+1","Seeing Red+1","Writhe","Shockwave+1","Heavy Blade+1","Thunderclap+1"],"max_hp_per_floor":[80,80,80,80,80,80,80,80,80,80,80,80,74,74,74,74,74,74,74,74,74,74,74,74,74,74,74,74,74,74,74,74,74,74,74,74,74,74,74,74,74,74,74,74,74,74,74,74,74],"relics":["Burning Blood","Art of War","Frozen Eye","Philosopher\u0027s Stone","Whetstone","Dream Catcher","Sozu","Anchor","Regal Pillow","Bird Faced Urn"],"card_choices":[{"not_picked":["Spot Weakness","Hemokinesis"],"picked":"Whirlwind"},{"not_picked":["Iron Wave","Cleave"],"picked":"Spot Weakness"},{"not_picked":["Heavy Blade","Clash"],"picked":"Twin Strike"},{"not_picked":["Clash","Sword Boomerang"],"picked":"Double Tap"},{"not_picked":["Clothesline","Iron Wave"],"picked":"Pommel Strike"},{"not_picked":["Clash","Anger"],"picked":"Whirlwind"},{"not_picked":["Flex","Pommel Strike"],"picked":"Seeing Red"},{"not_picked":["Disarm","Body Slam"],"picked":"Shockwave"},{"not_picked":["Rage","Warcry"],"picked":"Heavy Blade"},{"not_picked":["Feel No Pain","Perfected Strike"],"picked":"Thunderclap"}],"player_experience":724788,"potions_floor_usage":[16,33,33],"damage_taken":[{"damage":6,"enemies":"Small Slimes","floor":1,"turns":4},{"damage":1,"enemies":"Cultist","floor":3,"turns":3},{"damage":0,"enemies":"2 Louse","floor":4,"turns":1},{"damage":11,"enemies":"Large Slime","floor":7,"turns":6},{"damage":9,"enemies":"2 Fungi Beasts","floor":10,"turns":2},{"damage":9,"enemies":"Blue Slaver","floor":11,"turns":3},{"damage":9,"enemies":"Slime Boss","floor":16,"turns":7},{"damage":0,"enemies":"Spheric Guardian","floor":18,"turns":1},{"damage":13,"enemies":"Shell Parasite","floor":19,"turns":3},{"damage":0,"enemies":"3 Cultists","floor":22,"turns":2},{"damage":27,"enemies":"Snake Plant","floor":28,"turns":2},{"damage":3,"enemies":"Snecko","floor":31,"turns":2},{"damage":40,"enemies":"Champ","floor":33,"turns":4},{"damage":36,"enemies":"3 Shapes","floor":35,"turns":1},{"damage":3,"enemies":"Flame Bruiser 1 Orb","floor":37,"turns":3},{"damage":14,"enemies":"4 Shapes","floor":44,"turns":2},{"damage":38,"enemies":"Maw","floor":45,"turns":5},{"damage":0,"enemies":"3 Darklings","floor":48,"turns":2},{"damage":77,"enemies":"Time Eater","floor":50,"turns":5}],"event_choices":[{"event_name":"Upgrade Shrine","player_choice":"Upgraded","floor":2,"damage_taken":0},{"event_name":"Golden Idol","player_choice":"Lose Max HP","floor":13,"damage_taken":0},{"event_name":"Wheel of Change","player_choice":"Gold","floor":20,"damage_taken":0},{"event_name":"Drug Dealer","player_choice":"Got JAXXED","floor":30,"damage_taken":0},{"event_name":"Winding Halls","player_choice":"Writhe","floor":36,"damage_taken":0},{"event_name":"The Moai Head","player_choice":"Gave Idol","floor":38,"damage_taken":0}],"boss_relics":[{"not_picked":["Tiny House","Pandora\u0027s Box"],"picked":"Philosopher\u0027s Stone"},{"not_picked":["Black Blood","Runic Pyramid"],"picked":"Sozu"}],"potions_floor_spawned":[1,3,7,18,31,33,44,45],"seed_played":"-1976640284933217347","killed_by":"Time Eater","ascension_level":0,"is_trial":false}