{"path_per_floor":["M","$","M","M","M","R","E","R","T","R","M","M","R","$","R","B",null,"M","?","$","M","?","E","?","M","T","M","$","?","R","M","R"],"character_chosen":"IRONCLAD","items_purchased":["Shrug It Off"],"gold_per_floor":[18,18,35,55,65,65,98,98,121,121,136,153,153,24,24,99,99,111,111,11,27,27,56,56,71,139,149,24,24,24,40,40],"floor_reached":33,"campfire_rested":0,"playtime":1104,"current_hp_per_floor":[73,73,68,75,74,74,65,65,65,65,63,72,72,72,72,70,72,59,38,38,38,38,12,12,19,19,36,36,36,36,61,61],"items_purged":["Parasite","Strike_R","Strike_R"],"gold":40,"score":467,"play_id":"3265e1d5-907d-48c3-8526-f7d4779f6833","is_prod":false,"is_daily":false,"is_ascension_mode":true,"campfire_upgraded":7,"path_taken":["M","$","M","M","M","R","E","R","T","R","M","M","R","$","R","BOSS","M","?","$","?","?","E","?","M","T","M","?","?","R","M","R","BOSS"],"build_version":"2018-02-23-BETA1","purchased_purges":3,"victory":false,"master_deck":["Strike_R","Strike_R","Strike_R","Defend_R","Defend_R","Defend_R","Defend_R","Bash","Inflame+1","Cleave+1","Whirlwind+1","Shrug It Off+1","Shrug It Off+1","Reaper","Shrug It Off+1","Pommel Strike+1","Pommel Strike","Thunderclap"],"max_hp_per_floor":[75,75,75,75,75,75,75,75,75,75,75,75,75,72,72,72,72,72,72,72,72,72,72,72,72,72,75,75,75,75,75,75],"relics":["Burning Blood","Magic Flower","Omamori","Orichalcum","Runic Dome","Nilry\u0027s Codex","Regal Pillow","Ancient Tea Set","Nloth\u0027s Gift"],"card_choices":[{"not_picked":["Headbutt","Bludgeon"],"picked":"Inflame"},{"not_picked":["Anger","Perfected Strike"],"picked":"Cleave"},{"not_picked":["Searing Blow","Sever Soul"],"picked":"Whirlwind"},{"not_picked":["Immolate","Combust"],"picked":"Shrug It Off"},{"not_picked":["Brutality","Limit Break"],"picked":"Reaper"},{"not_picked":["Sword Boomerang","Twin Strike"],"picked":"Shrug It Off"},{"not_picked":["Armaments","Flex"],"picked":"Pommel Strike"},{"not_picked":["Second Wind","Combust"],"picked":"Pommel Strike"},{"not_picked":["True Grit","Iron Wave"],"picked":"Thunderclap"}],"player_experience":785210,"potions_floor_usage":[16,16,25,27,33],"damage_taken":[{"damage":4,"enemies":"2 Louse","floor":1,"turns":3},{"damage":14,"enemies":"Jaw Worm","floor":3,"turns":5},{"damage":1,"enemies":"Cultist","floor":4,"turns":4},{"damage":10,"enemies":"Gremlin Gang","floor":5,"turns":4},{"damage":18,"enemies":"3 Sentries","floor":7,"turns":4},{"damage":11,"enemies":"Blue Slaver","floor":11,"turns":3},{"damage":0,"enemies":"Large Slime","floor":12,"turns":3},{"damage":11,"enemies":"Slime Boss","floor":16,"turns":9},{"damage":22,"enemies":"2 Thieves","floor":18,"turns":3},{"damage":9,"enemies":"Spheric Guardian","floor":21,"turns":4},{"damage":50,"enemies":"Gremlin Leader","floor":23,"turns":6},{"damage":22,"enemies":"Cultist and Chosen","floor":25,"turns":7},{"damage":29,"enemies":"Centurion and Healer","floor":27,"turns":6},{"damage":5,"enemies":"3 Cultists","floor":31,"turns":4},{"damage":76,"enemies":"Automaton","floor":33,"turns":10}],"event_choices":[{"event_name":"Cursed Tome","player_choice":"Obtained Book","floor":19,"damage_taken":0},{"event_name":"The Mausoleum","player_choice":"Yes","floor":22,"damage_taken":0},{"event_name":"Beggar","player_choice":"Ignored","floor":24,"damage_taken":0},{"event_name":"N\u0027loth","player_choice":"Traded a Frozen Egg 2","floor":29,"damage_taken":0}],"boss_relics":[{"not_picked":["Runic Cube","Orrery"],"picked":"Runic Dome"}],"potions_floor_spawned":[1,4,11,18,25],"seed_played":"-2958239790842693059","killed_by":"Automaton","ascension_level":15,"is_trial":false}