{"path_per_floor":["M","M","M","M","?","E","R","E","T","$","M","R","M","M","R","B",null,"M","T","$","M","M","R","M","R","T","?","M","?","R","E","R","B",null,"M","?","?","?","M","R","$","R","T","?","M","M","E","M","R","B"],"character_chosen":"IRONCLAD","items_purchased":["Feed","War Paint","Shuriken"],"gold_per_floor":[119,137,152,171,171,200,200,231,258,183,195,195,213,230,230,332,332,351,398,0,16,30,30,48,48,116,116,134,134,134,159,159,264,264,274,274,274,319,329,329,70,70,70,0,19,34,61,72,72,72],"floor_reached":51,"campfire_rested":0,"playtime":3164,"current_hp_per_floor":[72,72,72,72,72,51,51,36,36,36,42,42,48,50,50,38,72,72,79,79,82,85,85,89,89,89,72,72,72,72,82,82,73,106,110,110,110,96,93,93,93,93,93,93,102,103,105,111,111,110],"items_purged":["Strike_R","Strike_R"],"gold":72,"score":609,"play_id":"5c034309-dd43-43df-907f-9539054d6dc5","is_prod":false,"is_daily":false,"is_ascension_mode":false,"campfire_upgraded":10,"path_taken":["M","M","M","M","?","E","R","E","T","$","M","R","M","M","R","BOSS","M","?","$","?","M","R","M","R","T","?","M","?","R","E","R","BOSS","M","?","?","?","?","R","?","R","T","?","?","M","E","M","R","BOSS"],"build_version":"2018-02-16-BETA2","purchased_purges":2,"victory":true,"master_deck":["Defend_R","Defend_R+1","Bash","Headbutt","Flame Barrier+1","Warcry","Shockwave+1","Disarm+1","Battle Trance+1","Twin Strike","True Grit+1","Feel No Pain+1","Pommel Strike+1","Feed+1","Feel No Pain+1","Shockwave+1","Bludgeon+1","Offering+1","Fiend Fire+1","Metallicize+1","Entrench+1","Shrug It Off+1","Whirlwind+1","Flex+1"],"max_hp_per_floor":[72,72,72,72,72,72,72,72,72,72,72,72,72,72,72,72,72,72,79,79,82,85,85,89,89,89,94,98,98,98,102,102,106,106,110,110,110,114,114,114,114,114,114,114,118,118,118,122,122,122],"relics":["Burning Blood","Omamori","Ice Cream","Orichalcum","Snecko Eye","Strawberry","War Paint","Pantograph","Torii","Astrolabe","Du-Vu Doll","Shuriken","Charon\u0027s Ashes","Red Mask","Happy Flower"],"card_choices":[{"not_picked":["Perfected Strike","Wild Strike"],"picked":"Headbutt"},{"not_picked":["Reckless Charge","Perfected Strike"],"picked":"Flame Barrier"},{"not_picked":["Iron Wave","Clash"],"picked":"Warcry"},{"not_picked":["Infernal Blade","Thunderclap"],"picked":"Shockwave"},{"not_picked":["Twin Strike","Demon Form"],"picked":"Disarm"},{"not_picked":["Carnage","Wild Strike"],"picked":"Battle Trance"},{"not_picked":["Shockwave","Anger"],"picked":"Twin Strike"},{"not_picked":["Reaper","Entrench"],"picked":"True Grit"},{"not_picked":["Second Wind","Clash"],"picked":"Feel No Pain"},{"not_picked":["Body Slam","True Grit"],"picked":"Pommel Strike"},{"not_picked":["Rampage","Clothesline"],"picked":"Feel No Pain"},{"not_picked":["Warcry","Anger"],"picked":"Shockwave"},{"not_picked":["Twin Strike","Iron Wave"],"picked":"Bludgeon"},{"not_picked":["Power Through","Ghostly Armor"],"picked":"Offering"},{"not_picked":["Immolate","Berserk"],"picked":"Fiend Fire"},{"not_picked":["Anger","Clash"],"picked":"Shrug It Off"},{"not_picked":["Armaments","Thunderclap"],"picked":"Whirlwind"},{"not_picked":["Corruption","Seeing Red"],"picked":"Flex"}],"player_experience":719562,"potions_floor_usage":[4,6,16,16,39,50],"damage_taken":[{"damage":2,"enemies":"Jaw Worm","floor":1,"turns":7},{"damage":0,"enemies":"2 Louse","floor":2,"turns":3},{"damage":1,"enemies":"Cultist","floor":3,"turns":3},{"damage":0,"enemies":"Lots of Slimes","floor":4,"turns":2},{"damage":27,"enemies":"Lagavulin","floor":6,"turns":8},{"damage":21,"enemies":"Gremlin Nob","floor":8,"turns":5},{"damage":0,"enemies":"2 Fungi Beasts","floor":11,"turns":4},{"damage":0,"enemies":"Large Slime","floor":13,"turns":4},{"damage":4,"enemies":"Exordium Thugs","floor":14,"turns":10},{"damage":18,"enemies":"Hexaghost","floor":16,"turns":16},{"damage":0,"enemies":"Chosen","floor":18,"turns":6},{"damage":0,"enemies":"Shell Parasite","floor":21,"turns":7},{"damage":0,"enemies":"3 Cultists","floor":22,"turns":7},{"damage":5,"enemies":"Centurion and Healer","floor":24,"turns":6},{"damage":10,"enemies":"Snake Plant","floor":28,"turns":5},{"damage":0,"enemies":"Gremlin Leader","floor":31,"turns":5},{"damage":39,"enemies":"Collector","floor":33,"turns":8},{"damage":4,"enemies":"3 Shapes","floor":35,"turns":7},{"damage":24,"enemies":"Mysterious Sphere","floor":38,"turns":5},{"damage":9,"enemies":"Flame Bruiser 1 Orb","floor":39,"turns":5},{"damage":1,"enemies":"3 Darklings","floor":45,"turns":5},{"damage":5,"enemies":"Sphere and 2 Shapes","floor":46,"turns":3},{"damage":4,"enemies":"Nemesis","floor":47,"turns":9},{"damage":4,"enemies":"Flame Bruiser 2 Orb","floor":48,"turns":4},{"damage":18,"enemies":"Time Eater","floor":50,"turns":12}],"event_choices":[{"event_name":"Living Wall","player_choice":"Grow","floor":5,"damage_taken":0},{"event_name":"Forgotten Altar","player_choice":"Shed Blood","floor":27,"damage_taken":0},{"event_name":"Vampires","player_choice":"Ignored","floor":29,"damage_taken":0},{"event_name":"Winding Halls","player_choice":"Writhe","floor":37,"damage_taken":0},{"event_name":"Mysterious Sphere","player_choice":"Fight","floor":38,"damage_taken":0},{"event_name":"Tomb of Lord Red Mask","player_choice":"Paid","floor":44,"damage_taken":0}],"boss_relics":[{"not_picked":["Runic Dome","Black Star"],"picked":"Snecko Eye"},{"not_picked":["Calling Bell","White Beast Statue"],"picked":"Astrolabe"}],"potions_floor_spawned":[1,3,11,14,16,28,31,33,38,39,45,47],"seed_played":"164138943951692112","ascension_level":0,"is_trial":false}