{"path_per_floor":["M","$","?","M","M","R","M","M","T","R","M","R","E","M","R","B",null,"M","M","?","$","M","R","$","R","T","R","E","R","M"],"character_chosen":"IRONCLAD","items_purchased":["Inflame","True Grit","Pommel Strike"],"gold_per_floor":[216,25,25,43,63,63,75,94,94,94,105,105,135,148,148,223,223,234,246,246,124,137,137,12,12,62,62,90,90,104],"floor_reached":31,"campfire_rested":2,"playtime":1190,"current_hp_per_floor":[59,59,59,63,69,69,58,58,58,58,64,64,60,58,58,48,66,33,24,24,24,9,30,30,30,30,51,34,34,22],"items_purged":["Parasite","Strike_R","Strike_R"],"gold":104,"score":450,"play_id":"cc5cb1e6-48e6-4a9c-ad2e-84ef9777bdd5","is_prod":false,"is_daily":false,"is_ascension_mode":true,"campfire_upgraded":6,"path_taken":["M","$","?","M","?","R","M","M","T","R","M","R","E","M","R","BOSS","M","M","?","$","M","R","?","R","T","R","E","R","M","M"],"build_version":"2018-02-21-BETA5","purchased_purges":3,"victory":false,"master_deck":["Strike_R+1","Strike_R+1","Defend_R+1","Defend_R+1","Defend_R+1","Defend_R+1","Bash","Shrug It Off","Inflame+1","True Grit+1","Thunderclap","Sword Boomerang+1","Spot Weakness","Cleave","Ghostly Armor","Sentinel","Heavy Blade+1","Feed+1","Shrug It Off","Shockwave","Pommel Strike","Iron Wave+1"],"max_hp_per_floor":[75,72,72,72,72,72,72,72,72,72,72,72,72,72,72,72,72,72,72,72,72,72,72,72,72,72,72,79,79,79],"relics":["Burning Blood","Ginger","Toolbox","White Beast Statue","Art of War","Strawberry"],"card_choices":[{"not_picked":["Heavy Blade","Clothesline"],"picked":"Shrug It Off"},{"not_picked":["Searing Blow","Cleave"],"picked":"Thunderclap"},{"not_picked":["Feel No Pain","Armaments"],"picked":"Sword Boomerang"},{"not_picked":["Headbutt","Havoc"],"picked":"Spot Weakness"},{"not_picked":["Corruption","Bloodletting"],"picked":"Cleave"},{"not_picked":["Burning Pact","Thunderclap"],"picked":"Ghostly Armor"},{"not_picked":["Brutality","Dropkick"],"picked":"Sentinel"},{"not_picked":["Combust","Intimidate"],"picked":"Heavy Blade"},{"not_picked":["Dark Embrace","Immolate"],"picked":"Feed"},{"not_picked":["Pummel","Heavy Blade"],"picked":"Shrug It Off"},{"not_picked":["Fire Breathing","Armaments"],"picked":"Shockwave"},{"not_picked":["Barricade","Clothesline"],"picked":"Iron Wave"}],"player_experience":755938,"potions_floor_usage":[13,13,19,19,28,30,31],"damage_taken":[{"damage":15,"enemies":"Jaw Worm","floor":1,"turns":6},{"damage":2,"enemies":"Cultist","floor":4,"turns":4},{"damage":0,"enemies":"2 Louse","floor":5,"turns":2},{"damage":17,"enemies":"2 Fungi Beasts","floor":7,"turns":5},{"damage":6,"enemies":"Exordium Thugs","floor":8,"turns":4},{"damage":0,"enemies":"Blue Slaver","floor":11,"turns":3},{"damage":10,"enemies":"3 Sentries","floor":13,"turns":5},{"damage":8,"enemies":"Exordium Wildlife","floor":14,"turns":3},{"damage":16,"enemies":"The Guardian","floor":16,"turns":9},{"damage":39,"enemies":"2 Thieves","floor":18,"turns":5},{"damage":15,"enemies":"Shell Parasite","floor":19,"turns":4},{"damage":21,"enemies":"Snake Plant","floor":22,"turns":6},{"damage":30,"enemies":"Slavers","floor":28,"turns":3},{"damage":18,"enemies":"Snecko","floor":30,"turns":6},{"damage":23,"enemies":"Cultist and Chosen","floor":31,"turns":4}],"event_choices":[{"event_name":"Living Wall","player_choice":"Forget","floor":3,"damage_taken":0},{"event_name":"Back to Basics","player_choice":"Simplicity","floor":20,"damage_taken":0}],"boss_relics":[{"not_picked":["Snecko Eye","Black Star"],"picked":"White Beast Statue"}],"potions_floor_spawned":[5,8,11,13,18,19,22,28,30],"seed_played":"-6168536990938482663","killed_by":"Cultist and Chosen","ascension_level":15,"is_trial":false}