{"path_per_floor":["M","$","M","M","M","R","M","R","T","R","M","M","M","M","R","B",null,"M","?","M","?","$","R","M","R","T","R","M","M","R","M","R","B",null,"M","?","?","$","?","R","M","?","T","M","M","$","M","M","R"],"character_chosen":"IRONCLAD","items_purchased":["Bloodletting","Lee\u0027s Waffle"],"gold_per_floor":[111,36,51,61,80,80,96,96,96,96,109,123,137,152,152,248,248,263,263,278,278,178,178,191,191,215,215,229,243,243,255,255,356,356,370,370,370,92,92,92,105,105,105,125,137,12,22,39,39],"floor_reached":50,"campfire_rested":1,"playtime":1346,"current_hp_per_floor":[45,45,48,51,43,43,43,43,50,50,45,50,52,55,55,65,87,72,72,73,60,60,60,52,52,52,52,60,56,56,56,56,52,60,60,60,52,67,67,67,63,63,77,81,59,59,56,57,81],"items_purged":["Defend_R","Defend_R","Defend_R"],"gold":39,"score":443,"play_id":"b8b6aa41-6dba-498c-b12a-a8e8038bcae7","is_prod":false,"is_daily":false,"is_ascension_mode":false,"campfire_upgraded":10,"path_taken":["M","$","M","M","M","R","M","R","T","R","M","?","M","M","R","BOSS","M","?","?","?","$","R","M","R","T","R","?","M","R","M","R","BOSS","M","?","?","?","?","R","M","?","T","M","M","$","M","?","R","BOSS"],"build_version":"2018-02-19-BETA1","purchased_purges":3,"victory":false,"master_deck":["Bash","Pommel Strike+1","Seeing Red+1","Anger+1","Double Tap+1","Clash+1","Anger+1","Bite","Bite+1","Bite+1","Bite+1","Clash+1","Thunderclap","Offering","Madness","Madness+1","Bloodletting","Reckless Charge+1","Dropkick","Offering"],"max_hp_per_floor":[80,80,80,80,80,80,80,80,87,87,87,87,87,87,87,87,87,87,87,87,60,60,60,60,60,60,60,60,60,60,60,60,60,60,60,60,60,67,67,67,67,67,81,81,81,81,81,81,81],"relics":["Burning Blood","Unceasing Top","Strawberry","Runic Dome","Regal Pillow","Sozu","Lee\u0027s Waffle","Mango"],"card_choices":[{"not_picked":["Corruption","Ghostly Armor"],"picked":"Pommel Strike"},{"not_picked":["Metallicize","Wild Strike"],"picked":"Seeing Red"},{"not_picked":["Burning Pact","Iron Wave"],"picked":"Anger"},{"not_picked":["Burning Pact","Armaments"],"picked":"Double Tap"},{"not_picked":["Anger","Shrug It Off"],"picked":"Clash"},{"not_picked":["Twin Strike","Pommel Strike"],"picked":"Anger"},{"not_picked":["Carnage","Cleave"],"picked":"Clash"},{"not_picked":["Shrug It Off","Pommel Strike"],"picked":"Thunderclap"},{"not_picked":["Juggernaut","Fiend Fire"],"picked":"Offering"},{"not_picked":["Second Wind","Pommel Strike"],"picked":"Reckless Charge"},{"not_picked":["Thunderclap","Second Wind"],"picked":"Dropkick"},{"not_picked":["Clash","Sword Boomerang"],"picked":"Offering"}],"player_experience":729584,"potions_floor_usage":[16,16,28,33,50],"damage_taken":[{"damage":1,"enemies":"Cultist","floor":1,"turns":3},{"damage":3,"enemies":"Small Slimes","floor":3,"turns":3},{"damage":3,"enemies":"2 Louse","floor":4,"turns":3},{"damage":14,"enemies":"Blue Slaver","floor":5,"turns":3},{"damage":6,"enemies":"Lots of Slimes","floor":7,"turns":4},{"damage":11,"enemies":"Exordium Wildlife","floor":11,"turns":4},{"damage":1,"enemies":"3 Louse","floor":12,"turns":3},{"damage":4,"enemies":"Blue Slaver","floor":13,"turns":3},{"damage":3,"enemies":"Red Slaver","floor":14,"turns":2},{"damage":11,"enemies":"Slime Boss","floor":16,"turns":6},{"damage":21,"enemies":"Spheric Guardian","floor":18,"turns":5},{"damage":5,"enemies":"Shell Parasite","floor":20,"turns":2},{"damage":16,"enemies":"Snake Plant","floor":24,"turns":2},{"damage":0,"enemies":"Cultist and Chosen","floor":28,"turns":2},{"damage":10,"enemies":"Sentry and Sphere","floor":29,"turns":3},{"damage":20,"enemies":"Centurion and Healer","floor":31,"turns":3},{"damage":34,"enemies":"Automaton","floor":33,"turns":6},{"damage":4,"enemies":"Flame Bruiser 1 Orb","floor":35,"turns":2},{"damage":22,"enemies":"3 Shapes","floor":41,"turns":1},{"damage":10,"enemies":"Maw","floor":44,"turns":2},{"damage":47,"enemies":"4 Shapes","floor":45,"turns":2},{"damage":20,"enemies":"Spire Growth","floor":47,"turns":2},{"damage":16,"enemies":"3 Darklings","floor":48,"turns":2},{"damage":120,"enemies":"Donu and Deca","floor":50,"turns":4}],"event_choices":[{"event_name":"Back to Basics","player_choice":"Elegance","floor":19,"damage_taken":0},{"event_name":"Vampires","player_choice":"Became a vampire","floor":21,"damage_taken":0},{"event_name":"The Lab","player_choice":"Got Potions","floor":36,"damage_taken":0},{"event_name":"Winding Halls","player_choice":"Embrace Madness","floor":37,"damage_taken":0},{"event_name":"Match and Keep!","player_choice":"0 cards matched","floor":42,"damage_taken":0}],"boss_relics":[{"not_picked":["Orrery","Mark of Pain"],"picked":"Runic Dome"},{"not_picked":["White Beast Statue","Calling Bell"],"picked":"Sozu"}],"potions_floor_spawned":[1,4,12,13,24,28,31,35,41,47,48],"seed_played":"-558283270784243405","killed_by":"Donu and Deca","ascension_level":0,"is_trial":false}