{"path_per_floor":["M","M","M","$","M","R","E","R","T","R","$","?","E","M","R","B",null,"M","M","?","M","?","R","?","R","T","R","?","M","R","$","R","B",null,"M","?","M","?","?","R"],"character_chosen":"IRONCLAD","items_purchased":["Armaments","Regen Potion","Anger"],"gold_per_floor":[113,131,141,16,30,30,63,63,63,63,63,63,92,112,112,186,186,203,222,222,237,162,162,194,194,194,194,194,210,210,6,6,80,80,99,99,116,167,167,167],"floor_reached":41,"campfire_rested":2,"playtime":1483,"current_hp_per_floor":[65,68,72,72,72,72,58,58,58,58,58,58,46,50,50,27,61,53,44,44,19,19,19,9,30,30,30,30,21,21,21,42,12,57,66,82,76,41,67,67],"items_purged":["Strike_R","Strike_R"],"gold":167,"score":607,"play_id":"b7ace1e5-db34-4a3f-935d-8570a17f76c0","is_prod":false,"is_daily":false,"is_ascension_mode":true,"campfire_upgraded":5,"path_taken":["M","M","M","$","M","R","E","R","T","R","$","?","E","M","R","BOSS","M","M","?","?","?","R","?","R","T","R","?","M","R","$","R","BOSS","M","?","M","?","?","R","E"],"build_version":"2018-02-21-BETA5","purchased_purges":2,"victory":false,"master_deck":["Bash","Thunderclap","Clothesline","Inflame+1","Armaments+1","Twin Strike","Rampage+1","Blood for Blood","Blood for Blood+1","Whirlwind+1","Thunderclap+1","Dropkick","Anger","Perfected Strike+1","Shrug It Off","Hemokinesis","Carnage","Headbutt+1","Shrug It Off+1"],"max_hp_per_floor":[72,72,72,72,72,72,72,72,72,72,72,72,72,72,72,72,72,72,72,72,72,72,72,72,72,72,72,72,72,72,72,72,72,72,72,82,82,82,67,67],"relics":["Burning Blood","Kunai","Girya","Bronze Scales","Runic Dome","Red Mask","Prayer Wheel","Pandora\u0027s Box","Charon\u0027s Ashes"],"card_choices":[{"not_picked":["Clash","Clothesline"],"picked":"Thunderclap"},{"not_picked":["Twin Strike","Sever Soul"],"picked":"Clothesline"},{"not_picked":["Headbutt","Havoc"],"picked":"Inflame"},{"not_picked":["Iron Wave","Cleave"],"picked":"Twin Strike"},{"not_picked":["Clash","Headbutt"],"picked":"Rampage"},{"not_picked":["Bloodletting","Evolve"],"picked":"Blood for Blood"},{"not_picked":["Dark Embrace","Bludgeon"],"picked":"Exhume"},{"not_picked":["Perfected Strike","Carnage"],"picked":"Blood for Blood"},{"not_picked":["Anger","Iron Wave"],"picked":"Whirlwind"},{"not_picked":["Armaments","Warcry"],"picked":"Thunderclap"},{"not_picked":["Combust","Clash"],"picked":"Dropkick"},{"not_picked":["Clash","Rupture"],"picked":"Headbutt"},{"not_picked":["Power Through","Wild Strike"],"picked":"Shrug It Off"}],"player_experience":757660,"potions_floor_usage":[7,13,13,33,33,35],"damage_taken":[{"damage":9,"enemies":"Jaw Worm","floor":1,"turns":4},{"damage":3,"enemies":"2 Louse","floor":2,"turns":4},{"damage":2,"enemies":"Cultist","floor":3,"turns":4},{"damage":1,"enemies":"Blue Slaver","floor":5,"turns":6},{"damage":20,"enemies":"3 Sentries","floor":7,"turns":8},{"damage":30,"enemies":"Lagavulin","floor":13,"turns":4},{"damage":2,"enemies":"Large Slime","floor":14,"turns":6},{"damage":29,"enemies":"Hexaghost","floor":16,"turns":7},{"damage":14,"enemies":"Spheric Guardian","floor":18,"turns":4},{"damage":15,"enemies":"2 Thieves","floor":19,"turns":3},{"damage":31,"enemies":"Cultist and Chosen","floor":21,"turns":6},{"damage":16,"enemies":"Masked Bandits","floor":24,"turns":3},{"damage":15,"enemies":"Snake Plant","floor":29,"turns":3},{"damage":48,"enemies":"Champ","floor":33,"turns":11},{"damage":0,"enemies":"Flame Bruiser 1 Orb","floor":35,"turns":3},{"damage":12,"enemies":"Orb Walker","floor":37,"turns":2},{"damage":41,"enemies":"Mysterious Sphere","floor":38,"turns":4},{"damage":68,"enemies":"Giant Head","floor":41,"turns":6}],"event_choices":[{"event_name":"Living Wall","player_choice":"Forget","floor":12,"damage_taken":0},{"event_name":"Back to Basics","player_choice":"Elegance","floor":20,"damage_taken":0},{"event_name":"Beggar","player_choice":"Gave Gold","floor":22,"damage_taken":0},{"event_name":"Masked Bandits","player_choice":"Fought over 162 gold","floor":24,"damage_taken":0},{"event_name":"Vampires","player_choice":"Ignored","floor":28,"damage_taken":0},{"event_name":"Bonfire Elementals","player_choice":"RARE","floor":36,"damage_taken":0},{"event_name":"Mysterious Sphere","player_choice":"Fight","floor":38,"damage_taken":0},{"event_name":"The Moai Head","player_choice":"Heal","floor":39,"damage_taken":0}],"boss_relics":[{"not_picked":["Philosopher\u0027s Stone","Mark of Pain"],"picked":"Runic Dome"},{"not_picked":["White Beast Statue","Tiny House"],"picked":"Pandora\u0027s Box"}],"potions_floor_spawned":[3,5,7,24,33,38],"seed_played":"6492869026318051807","killed_by":"Giant Head","ascension_level":15,"is_trial":false}