{"path_per_floor":["M","M","M","$","M","E","R","M","T","M","R","?","?","E","R","B",null,"M","$","M","M","T","R","M","R","T","R","M","M","?","?","R"],"character_chosen":"IRONCLAD","items_purchased":["Whirlwind","Vajra"],"gold_per_floor":[114,129,146,0,19,52,52,72,99,119,119,119,119,153,153,256,256,275,23,33,49,73,73,85,85,85,85,104,123,48,73,73],"floor_reached":33,"campfire_rested":1,"playtime":904,"current_hp_per_floor":[80,80,80,80,72,58,58,59,59,67,67,60,60,54,54,30,82,80,80,86,73,73,73,56,56,56,56,58,40,40,39,66],"items_purged":["Strike_R","Defend_R"],"gold":73,"score":259,"play_id":"21fe719e-4d5b-4541-b8b9-fd7bd33e505e","is_prod":false,"is_daily":false,"is_ascension_mode":false,"campfire_upgraded":6,"path_taken":["M","M","M","$","?","E","R","M","T","M","R","?","?","E","R","BOSS","M","?","?","M","?","R","?","R","T","R","M","M","?","?","R","BOSS"],"build_version":"2018-02-19-BETA1","purchased_purges":2,"victory":false,"master_deck":["Strike_R+1","Strike_R","Strike_R+1","Defend_R","Defend_R","Bash","Flex+1","Spot Weakness","Twin Strike","Whirlwind+1","Thunderclap+1","Double Tap+1","Pummel+1","Seeing Red+1","Limit Break+1","Regret","Whirlwind+1","Thunderclap+1"],"max_hp_per_floor":[80,80,80,80,80,80,80,80,80,82,82,82,82,82,82,82,82,84,84,86,88,88,88,88,88,88,88,88,90,90,92,92],"relics":["Burning Blood","Singing Bowl","Pen Nib","Calipers","Cursed Key","Vajra","Whetstone","Red Mask"],"card_choices":[{"not_picked":["Fiend Fire","Iron Wave"],"picked":"Flex"},{"not_picked":["True Grit","Sentinel"],"picked":"Spot Weakness"},{"not_picked":["Perfected Strike","Wild Strike"],"picked":"Twin Strike"},{"not_picked":["Clothesline","Reckless Charge"],"picked":"Thunderclap"},{"not_picked":["Heavy Blade","Second Wind"],"picked":"Double Tap"},{"not_picked":["Power Through","Feel No Pain"],"picked":"Pummel"},{"not_picked":["Iron Wave","Heavy Blade"],"picked":"Seeing Red"},{"not_picked":["Demon Form","Bludgeon"],"picked":"Limit Break"},{"not_picked":["Anger","Clothesline"],"picked":"Whirlwind"},{"not_picked":["Evolve","Twin Strike"],"picked":"Thunderclap"}],"player_experience":727259,"potions_floor_usage":[14,14,16,21,28,33,33],"damage_taken":[{"damage":1,"enemies":"Cultist","floor":1,"turns":3},{"damage":3,"enemies":"Jaw Worm","floor":2,"turns":4},{"damage":2,"enemies":"2 Louse","floor":3,"turns":2},{"damage":14,"enemies":"Exordium Wildlife","floor":5,"turns":3},{"damage":20,"enemies":"3 Sentries","floor":6,"turns":5},{"damage":5,"enemies":"Looter","floor":8,"turns":2},{"damage":0,"enemies":"Lots of Slimes","floor":10,"turns":1},{"damage":18,"enemies":"Gremlin Nob","floor":14,"turns":3},{"damage":30,"enemies":"Hexaghost","floor":16,"turns":3},{"damage":10,"enemies":"Chosen","floor":18,"turns":2},{"damage":0,"enemies":"3 Byrds","floor":20,"turns":2},{"damage":21,"enemies":"Snake Plant","floor":21,"turns":3},{"damage":23,"enemies":"Centurion and Healer","floor":24,"turns":3},{"damage":4,"enemies":"3 Cultists","floor":28,"turns":2},{"damage":26,"enemies":"Slaver and Parasite","floor":29,"turns":3},{"damage":9,"enemies":"Masked Bandits","floor":31,"turns":2},{"damage":71,"enemies":"Champ","floor":33,"turns":6}],"event_choices":[{"event_name":"Golden Wing","player_choice":"Card Removal","floor":12,"damage_taken":0},{"event_name":"Upgrade Shrine","player_choice":"Upgraded","floor":13,"damage_taken":0},{"event_name":"Beggar","player_choice":"Gave Gold","floor":30,"damage_taken":0},{"event_name":"Masked Bandits","player_choice":"Fought over 48 gold","floor":31,"damage_taken":0}],"boss_relics":[{"not_picked":["Lizard Tail","Eternal Feather"],"picked":"Cursed Key"}],"potions_floor_spawned":[1,5,10,14,16,21,29,31],"seed_played":"-7559482699288576317","killed_by":"Champ","ascension_level":0,"is_trial":false}