{"path_per_floor":["M","M","M","$","?","E","R","E","T","R","M","M","?","?","R","B",null,"M","$","M","M","M","R","?","R","T","E","R","?","M","E","R","B",null,"M","M","$","M","?","R","M","E","T","$","R","M","?","$","R","B"],"character_chosen":"IRONCLAD","items_purchased":["Inflame","Corruption","Thunderclap","Ghostly Armor","Toolbox","Regal Pillow","Block Potion"],"gold_per_floor":[217,234,245,135,135,170,170,196,221,221,236,248,248,248,248,347,347,357,103,117,134,145,145,145,145,145,180,180,360,375,409,409,505,505,516,528,142,155,155,155,166,195,244,97,97,111,111,61,61,61],"floor_reached":51,"campfire_rested":1,"playtime":2918,"current_hp_per_floor":[75,74,80,80,80,72,72,53,53,53,46,52,52,78,78,25,80,80,80,72,66,72,72,72,72,72,78,78,54,60,66,66,59,80,80,75,75,78,78,78,67,30,30,30,69,75,80,80,80,11],"items_purged":["Strike_R","Strike_R","Defend_R"],"gold":61,"score":750,"play_id":"27bf129a-f154-4f37-9e4d-7ba3a1b85076","local_time":"20180322222335","is_prod":false,"is_daily":false,"is_ascension_mode":false,"campfire_upgraded":9,"timestamp":1521753815,"path_taken":["M","M","M","$","?","E","R","E","T","R","M","M","?","?","R","BOSS","M","$","M","M","M","R","?","R","T","E","R","?","M","E","R","BOSS","M","M","$","M","?","R","M","E","T","$","R","?","?","?","R","BOSS"],"build_version":"2018-03-22","purchased_purges":3,"victory":true,"master_deck":["Defend_R","Defend_R","Defend_R","Bash","Rampage+1","Whirlwind+1","Shrug It Off","Inflame+1","Shockwave+1","Pommel Strike","Trip+1","Impervious","Burning Pact+1","Corruption+1","Thunderclap","Ghostly Armor","Battle Trance+1","Iron Wave+1","Sentinel+1","Cleave","Havoc+1","Flex+1","Demon Form+1","Bloodletting+1","True Grit+1","Cleave+1","Headbutt","Feel No Pain+1","Dark Embrace+1","Intimidate+1"],"max_hp_per_floor":[80,80,80,80,80,80,80,80,80,80,80,80,80,80,80,80,80,80,80,80,80,80,80,80,80,80,80,80,80,80,80,80,80,80,80,80,80,80,80,80,80,80,80,80,80,80,80,80,80,80],"relics":["Burning Blood","Oddly Smooth Stone","Gremlin Horn","Prayer Wheel","Philosopher\u0027s Stone","Gambling Chip","Pen Nib","Toxic Egg 2","Astrolabe","Toolbox","Vajra","Ancient Tea Set","Regal Pillow"],"card_choices":[{"not_picked":["Seeing Red","Anger"],"picked":"Rampage","floor":1},{"not_picked":["Havoc","Metallicize"],"picked":"Whirlwind","floor":2},{"not_picked":["Pommel Strike","Clash"],"picked":"Shrug It Off","floor":3},{"not_picked":["Uppercut","Sever Soul"],"picked":"Shockwave","floor":6},{"not_picked":["Perfected Strike","Inflame"],"picked":"Entrench","floor":8},{"not_picked":["Cleave","Thunderclap"],"picked":"Pommel Strike","floor":11},{"not_picked":["Brutality","Dark Embrace"],"picked":"Impervious","floor":16},{"not_picked":["Anger","True Grit"],"picked":"Burning Pact","floor":18},{"not_picked":["Warcry","Bloodletting"],"picked":"Battle Trance","floor":20},{"not_picked":["Reckless Charge","Intimidate"],"picked":"Iron Wave","floor":22},{"not_picked":["Reckless Charge","Anger"],"picked":"Sentinel","floor":26},{"not_picked":["Second Wind","Battle Trance"],"picked":"Cleave","floor":27},{"not_picked":["Perfected Strike","Fire Breathing"],"picked":"Havoc","floor":30},{"not_picked":["Sever Soul","Iron Wave"],"picked":"Flex","floor":31},{"not_picked":["Immolate","Berserk"],"picked":"Demon Form","floor":33},{"not_picked":["True Grit","Heavy Blade"],"picked":"Headbutt","floor":36},{"not_picked":["Wild Strike","Dropkick"],"picked":"Feel No Pain","floor":42},{"not_picked":["Body Slam","Entrench"],"picked":"Dark Embrace","floor":43},{"not_picked":["Entrench","Carnage"],"picked":"Intimidate","floor":46}],"player_experience":841838,"potions_floor_usage":[8,16,21,27,27,50,50,50],"damage_taken":[{"damage":11,"enemies":"Jaw Worm","floor":1,"turns":3},{"damage":7,"enemies":"2 Louse","floor":2,"turns":3},{"damage":0,"enemies":"Small Slimes","floor":3,"turns":3},{"damage":14,"enemies":"Gremlin Nob","floor":6,"turns":3},{"damage":25,"enemies":"Lagavulin","floor":8,"turns":7},{"damage":13,"enemies":"Exordium Thugs","floor":11,"turns":4},{"damage":0,"enemies":"Gremlin Gang","floor":12,"turns":1},{"damage":59,"enemies":"Slime Boss","floor":16,"turns":11},{"damage":0,"enemies":"3 Byrds","floor":18,"turns":4},{"damage":14,"enemies":"Shell Parasite","floor":20,"turns":6},{"damage":12,"enemies":"Sentry and Sphere","floor":21,"turns":4},{"damage":0,"enemies":"Snake Plant","floor":22,"turns":5},{"damage":0,"enemies":"Slavers","floor":27,"turns":2},{"damage":0,"enemies":"Cultist and Chosen","floor":30,"turns":3},{"damage":0,"enemies":"Gremlin Leader","floor":31,"turns":3},{"damage":13,"enemies":"Automaton","floor":33,"turns":8},{"damage":2,"enemies":"Orb Walker","floor":35,"turns":4},{"damage":11,"enemies":"3 Darklings","floor":36,"turns":2},{"damage":3,"enemies":"Sphere and 2 Shapes","floor":38,"turns":3},{"damage":17,"enemies":"4 Shapes","floor":41,"turns":4},{"damage":43,"enemies":"Nemesis","floor":42,"turns":7},{"damage":0,"enemies":"3 Darklings","floor":46,"turns":2},{"damage":75,"enemies":"Time Eater","floor":50,"turns":8}],"event_choices":[{"event_name":"Liars Game","player_choice":"disagreed","floor":5,"damage_taken":0},{"event_name":"Match and Keep!","player_choice":"1 cards matched","floor":13,"damage_taken":0},{"event_name":"Big Fish","player_choice":"Banana","floor":14,"damage_taken":0},{"event_name":"Vampires","player_choice":"Ignored","floor":24,"damage_taken":0},{"event_name":"Knowing Skull","player_choice":"GOLD GOLD ","floor":29,"damage_taken":0},{"event_name":"Upgrade Shrine","player_choice":"Upgraded","floor":39,"damage_taken":0},{"event_name":"Bonfire Elementals","player_choice":"UNCOMMON","floor":47,"damage_taken":0}],"boss_relics":[{"not_picked":["White Beast Statue","Runic Cube"],"picked":"Philosopher\u0027s Stone"},{"not_picked":["Calling Bell","Pandora\u0027s Box"],"picked":"Astrolabe"}],"potions_floor_spawned":[1,2,8,12,16,21,30,33,35,36,42],"seed_played":"5072513114879218642","ascension_level":0,"is_trial":false}