{"path_per_floor":["M","$","M","?","M","R","M","R","T","$","R","E","M","E","R","B",null,"M","M","$","$","M","R"],"character_chosen":"IRONCLAD","items_purchased":["True Grit","Ghostly Armor","Blood Vial","Shockwave"],"gold_per_floor":[109,86,101,101,115,115,89,89,116,46,46,74,89,115,115,189,189,205,216,62,28,41,41,41],"floor_reached":24,"campfire_rested":1,"playtime":1154,"current_hp_per_floor":[40,40,45,45,45,45,19,19,19,19,19,29,30,20,42,43,67,65,60,60,60,54,54,0],"items_purged":[],"gold":41,"score":361,"play_id":"82c99893-a1fe-4b30-892a-9e5aff09e353","local_time":"20180326200438","is_prod":false,"is_daily":false,"is_ascension_mode":true,"campfire_upgraded":4,"timestamp":1522087478,"path_taken":["M","$","M","?","M","R","M","R","T","?","R","E","M","E","R","BOSS","M","M","?","$","M","R","E"],"build_version":"2018-03-25","purchased_purges":0,"victory":false,"master_deck":["Strike_R","Strike_R","Strike_R","Strike_R","Defend_R","Defend_R","Defend_R","Defend_R","Bash","AscendersBane","Fiend Fire","Whirlwind+1","True Grit+1","Thunderclap","Infernal Blade+1","Shrug It Off","Ghostly Armor","Armaments","Inflame","Limit Break+1","Warcry","Clash+1","Shockwave","Havoc"],"max_hp_per_floor":[75,75,75,75,75,75,75,75,75,75,75,75,75,75,75,75,75,75,75,75,75,75,75,75],"relics":["Burning Blood","Art of War","Lantern","Meat on the Bone","Runic Dome","Blood Vial"],"card_choices":[{"not_picked":["Berserk","Immolate"],"picked":"Fiend Fire","floor":0},{"not_picked":["Rage","Sword Boomerang"],"picked":"Whirlwind","floor":1},{"not_picked":["Searing Blow","Body Slam"],"picked":"Thunderclap","floor":3},{"not_picked":["Havoc","Clothesline"],"picked":"Infernal Blade","floor":5},{"not_picked":["Heavy Blade","Anger"],"picked":"Shrug It Off","floor":7},{"not_picked":["Wild Strike","Bloodletting"],"picked":"Armaments","floor":12},{"not_picked":["Seeing Red","True Grit"],"picked":"Inflame","floor":14},{"not_picked":["Brutality","Double Tap"],"picked":"Limit Break","floor":16},{"not_picked":["Burning Pact","Anger"],"picked":"Warcry","floor":18},{"not_picked":["Whirlwind","Perfected Strike"],"picked":"Clash","floor":19},{"not_picked":["Dual Wield","Shrug It Off"],"picked":"Havoc","floor":22}],"player_experience":867823,"potions_floor_usage":[12,12,14,24],"damage_taken":[{"damage":0,"enemies":"2 Louse","floor":1,"turns":3},{"damage":1,"enemies":"Cultist","floor":3,"turns":3},{"damage":6,"enemies":"Jaw Worm","floor":5,"turns":5},{"damage":32,"enemies":"Exordium Thugs","floor":7,"turns":5},{"damage":8,"enemies":"3 Sentries","floor":12,"turns":6},{"damage":5,"enemies":"Red Slaver","floor":13,"turns":2},{"damage":16,"enemies":"Gremlin Nob","floor":14,"turns":3},{"damage":17,"enemies":"Slime Boss","floor":16,"turns":9},{"damage":8,"enemies":"Spheric Guardian","floor":18,"turns":4},{"damage":20,"enemies":"Shell Parasite","floor":19,"turns":5},{"damage":26,"enemies":"Snake Plant","floor":22,"turns":5},{"damage":69,"enemies":"Slavers","floor":24,"turns":7}],"event_choices":[{"event_name":"Purifier","player_choice":"One Purge","floor":4,"damage_taken":0}],"boss_relics":[{"not_picked":["Orrery","Sozu"],"picked":"Runic Dome"}],"potions_floor_spawned":[1,3,5,7,16,18,19,22],"seed_played":"2995067299274672269","killed_by":"Slavers","ascension_level":15,"is_trial":false}