{"path_per_floor":["M","M","M","M","M","R","T","R","T","$","R","M","$","M","R","B",null,"M","M","?","?","M","R","E","R","T","M","$","R","$","E","R","B",null,"M","?","M","$","?"],"character_chosen":"IRONCLAD","items_purchased":["Inflame","Regal Pillow","Sword Boomerang","Impervious","Feel No Pain","True Grit","Seeing Red"],"gold_per_floor":[119,133,144,157,174,174,242,242,267,46,46,56,10,26,26,100,100,116,134,134,160,179,179,205,205,258,271,6,6,6,33,33,110,110,128,128,144,64,64,64],"floor_reached":40,"campfire_rested":3,"playtime":1491,"current_hp_per_floor":[73,75,75,72,74,74,74,74,74,74,74,65,65,71,71,37,66,68,70,49,30,14,53,12,51,58,41,41,41,41,31,72,63,81,28,28,24,24,71,0],"items_purged":[],"gold":64,"score":753,"play_id":"b8024ef6-f0ad-4b57-b609-7a70166ea753","local_time":"20180325224056","is_prod":false,"is_daily":false,"is_ascension_mode":true,"campfire_upgraded":5,"timestamp":1522010456,"path_taken":["M","M","M","M","M","R","?","R","T","$","R","M","$","M","R","BOSS","M","M","?","?","M","R","E","R","T","?","$","R","?","E","R","BOSS","M","?","M","?","?","E"],"build_version":"2018-03-25","purchased_purges":1,"victory":false,"master_deck":["Strike_R","Strike_R","Strike_R","Strike_R","Strike_R","Defend_R","Defend_R","Defend_R+1","Bash","AscendersBane","Thunderclap","Disarm+1","Ghostly Armor","Clash","Infernal Blade+1","Inflame+1","Flex+1","Sword Boomerang","Clash","Brutality","Uppercut","Ghostly Armor+1","Feel No Pain","Blood for Blood+1","Twin Strike","Pommel Strike+1","Seeing Red","Corruption","Impervious","Feel No Pain","True Grit+1","Rupture","Shrug It Off","Barricade","Corruption","Seeing Red"],"max_hp_per_floor":[75,75,75,75,75,75,75,75,75,75,75,75,75,75,75,75,75,75,75,80,80,80,80,80,80,87,87,87,87,87,87,87,87,87,87,87,87,87,71,71],"relics":["Burning Blood","Pantograph","Dream Catcher","Regal Pillow","Runic Dome","Red Mask","War Paint","Strawberry","Meat on the Bone","Philosopher\u0027s Stone"],"card_choices":[{"not_picked":["Anger","Bloodletting"],"picked":"Thunderclap","floor":1},{"not_picked":["Exhume","Ghostly Armor"],"picked":"Disarm","floor":2},{"not_picked":["Fire Breathing","Intimidate"],"picked":"Ghostly Armor","floor":3},{"not_picked":["Anger","Carnage"],"picked":"Clash","floor":4},{"not_picked":["Twin Strike","Entrench"],"picked":"Infernal Blade","floor":5},{"not_picked":["Heavy Blade","Sword Boomerang"],"picked":"Flex","floor":12},{"not_picked":["Anger","Uppercut"],"picked":"Clash","floor":14},{"not_picked":["Juggernaut","Barricade"],"picked":"Brutality","floor":16},{"not_picked":["Clothesline","Perfected Strike"],"picked":"Uppercut","floor":18},{"not_picked":["Headbutt","Evolve"],"picked":"Ghostly Armor","floor":19},{"not_picked":["Entrench","Sentinel"],"picked":"Feel No Pain","floor":21},{"not_picked":["Barricade","Warcry"],"picked":"Blood for Blood","floor":22},{"not_picked":["Flex","Bloodletting"],"picked":"Twin Strike","floor":23},{"not_picked":["Perfected Strike","Armaments"],"picked":"Pommel Strike","floor":24},{"not_picked":["Warcry","Sword Boomerang"],"picked":"Seeing Red","floor":25},{"not_picked":["Thunderclap","Body Slam"],"picked":"Corruption","floor":27},{"not_picked":["Havoc","Armaments"],"picked":"Rupture","floor":31},{"not_picked":["Fiend Fire","Rupture"],"picked":"Shrug It Off","floor":32},{"not_picked":["Brutality","Bludgeon"],"picked":"Barricade","floor":33},{"not_picked":["Iron Wave","Warcry"],"picked":"Corruption","floor":35}],"player_experience":864671,"potions_floor_usage":[5,19,19,21,22,40],"damage_taken":[{"damage":1,"enemies":"Cultist","floor":1,"turns":4},{"damage":0,"enemies":"Small Slimes","floor":2,"turns":3},{"damage":6,"enemies":"2 Louse","floor":3,"turns":4},{"damage":9,"enemies":"Blue Slaver","floor":4,"turns":5},{"damage":4,"enemies":"Exordium Thugs","floor":5,"turns":4},{"damage":15,"enemies":"Exordium Wildlife","floor":12,"turns":4},{"damage":0,"enemies":"Gremlin Gang","floor":14,"turns":3},{"damage":44,"enemies":"Hexaghost","floor":16,"turns":9},{"damage":16,"enemies":"Shell Parasite","floor":18,"turns":5},{"damage":4,"enemies":"2 Thieves","floor":19,"turns":4},{"damage":25,"enemies":"Masked Bandits","floor":21,"turns":4},{"damage":22,"enemies":"Centurion and Healer","floor":22,"turns":7},{"damage":47,"enemies":"Book of Stabbing","floor":24,"turns":8},{"damage":23,"enemies":"Snake Plant","floor":27,"turns":4},{"damage":16,"enemies":"Gremlin Leader","floor":31,"turns":7},{"damage":30,"enemies":"Collector","floor":33,"turns":10},{"damage":71,"enemies":"3 Darklings","floor":35,"turns":8},{"damage":22,"enemies":"Flame Bruiser 1 Orb","floor":37,"turns":5},{"damage":96,"enemies":"Giant Head","floor":40,"turns":7}],"event_choices":[{"event_name":"Forgotten Altar","player_choice":"Shed Blood","floor":20,"damage_taken":0},{"event_name":"Masked Bandits","player_choice":"Fought over 134 gold","floor":21,"damage_taken":0},{"event_name":"The Moai Head","player_choice":"Heal","floor":39,"damage_taken":0}],"boss_relics":[{"not_picked":["Calling Bell","Ectoplasm"],"picked":"Runic Dome"},{"not_picked":["Eternal Feather","Black Star"],"picked":"Philosopher\u0027s Stone"}],"potions_floor_spawned":[2,3,4,5,16,18,19,21,33],"seed_played":"3612893284251286595","killed_by":"Giant Head","ascension_level":15,"is_trial":false}