{"path_per_floor":["M","M","T","M","?","E","M","?","T","M","M","E","M","M","R","B",null,"M","?","M","?","$","R","E","M","T","?","M","E","$","M","R","B",null,"M","?","?","$","M","R","E","M","T","R","?","?","R","$","R","B"],"character_chosen":"THE_SILENT","items_purchased":["Orichalcum","Weak Potion","Calipers","Noxious Fumes","Happy Flower"],"gold_per_floor":[117,128,128,144,144,176,194,194,239,259,270,300,310,323,323,421,421,436,436,453,453,303,303,335,351,351,351,365,390,338,348,348,450,450,465,465,465,160,179,179,204,214,214,214,214,214,214,20,20,20],"floor_reached":51,"campfire_rested":2,"playtime":4684,"current_hp_per_floor":[68,63,63,63,56,29,29,29,29,29,29,41,41,41,70,70,70,70,70,68,68,68,68,68,68,68,68,68,58,58,58,58,34,70,49,70,70,70,70,70,54,54,54,54,54,54,54,54,77,48],"items_purged":[],"gold":20,"play_id":"3f6fac98-7006-4787-bfd3-26f9dcce59d6","is_prod":false,"is_daily":false,"is_ascension_mode":false,"campfire_upgraded":5,"path_taken":["M","M","?","M","?","E","M","?","T","?","M","E","M","M","R","BOSS","M","?","?","?","$","R","E","M","T","?","M","E","$","?","R","BOSS","M","?","?","$","M","R","E","?","T","R","?","?","R","$","R","BOSS"],"build_version":"2018-01-25-PROD3","purchased_purges":1,"victory":true,"master_deck":["Defend_G+1","Defend_G+1","Defend_G+1","Defend_G+1","Strike_G+1","Strike_G+1","Strike_G+1","Strike_G+1","Neutralize+1","Dagger Spray","Leg Sweep+1","Well Laid Plans","Heel Hook","Bouncing Flask","Cloak And Dagger","Deadly Poison","Bane","Quick Slash","After Image","Dagger Spray+1","Catalyst+1","Blur+1","Flying Knee+1","Poisoned Stab+1","Unload","Tools of the Trade+1","Poisoned Stab+1","Prepared","Backflip+1","Predator","Prepared+1","Noxious Fumes"],"max_hp_per_floor":[70,70,70,70,70,70,70,70,70,70,70,70,70,70,70,70,70,70,70,70,70,70,70,70,70,70,70,70,70,70,70,70,70,70,70,70,70,70,70,70,77,77,77,77,77,77,77,77,77,77],"relics":["Ring of the Snake","Regal Pillow","Gambling Chip","Thread and Needle","Pen Nib","Meat on the Bone","Black Star","Orichalcum","Tingsha","Frozen Eye","Torii","Bottled Lightning","Shuriken","Velvet Choker","Calipers","Whetstone","Strawberry","Unceasing Top","Happy Flower"],"card_choices":[{"not_picked":["Slice","Sucker Punch"],"picked":"Dagger Spray"},{"not_picked":["Backstab","Outmaneuver"],"picked":"Leg Sweep"},{"not_picked":["Sucker Punch","Cloak And Dagger"],"picked":"Well Laid Plans"},{"not_picked":["Dash","Tools of the Trade"],"picked":"Heel Hook"},{"not_picked":["Sucker Punch","PiercingWail"],"picked":"Bouncing Flask"},{"not_picked":["Slice","Acrobatics"],"picked":"Cloak And Dagger"},{"not_picked":["Dash","Cloak And Dagger"],"picked":"Deadly Poison"},{"not_picked":["Cloak And Dagger","All Out Attack"],"picked":"Bane"},{"not_picked":["Choke","Dodge and Roll"],"picked":"Quick Slash"},{"not_picked":["Tools of the Trade","Phantasmal Killer"],"picked":"After Image"},{"not_picked":["Outmaneuver","Flying Knee"],"picked":"Dagger Spray"},{"not_picked":["PiercingWail","Finisher"],"picked":"Catalyst"},{"not_picked":["Flechettes","Unload"],"picked":"Blur"},{"not_picked":["Sucker Punch","Choke"],"picked":"Flying Knee"},{"not_picked":["Malaise","Quick Slash"],"picked":"Poisoned Stab"},{"not_picked":["Deflect","Caltrops"],"picked":"Unload"},{"not_picked":["Phantasmal Killer","Storm of Steel"],"picked":"Tools of the Trade"},{"not_picked":["PiercingWail","Dodge and Roll"],"picked":"Poisoned Stab"},{"not_picked":["Dagger Spray","A Thousand Cuts"],"picked":"Prepared"},{"not_picked":["Dagger Throw","Eviscerate"],"picked":"Backflip"}],"player_experience":44056,"potions_floor_usage":[11,12,24,29,29,29,33,33,35,42,50],"damage_taken":[{"damage":2,"enemies":"Blue Slaver","floor":1,"turns":6},{"damage":5,"enemies":"Jaw Worm","floor":2,"turns":5},{"damage":0,"enemies":"Small Slimes","floor":4,"turns":4},{"damage":27,"enemies":"3 Sentries","floor":6,"turns":9},{"damage":0,"enemies":"3 Louse","floor":7,"turns":3},{"damage":0,"enemies":"2 Fungi Beasts","floor":10,"turns":3},{"damage":0,"enemies":"Exordium Thugs","floor":11,"turns":3},{"damage":3,"enemies":"Lagavulin","floor":12,"turns":8},{"damage":0,"enemies":"Looter","floor":13,"turns":2},{"damage":0,"enemies":"2 Fungi Beasts","floor":14,"turns":3},{"damage":0,"enemies":"The Guardian","floor":16,"turns":10},{"damage":0,"enemies":"3 Byrds","floor":18,"turns":7},{"damage":2,"enemies":"Chosen","floor":20,"turns":5},{"damage":0,"enemies":"Book of Stabbing","floor":24,"turns":5},{"damage":0,"enemies":"Snake Plant","floor":25,"turns":4},{"damage":0,"enemies":"Chosen and Byrds","floor":28,"turns":7},{"damage":10,"enemies":"Gremlin Leader","floor":29,"turns":10},{"damage":0,"enemies":"3 Cultists","floor":31,"turns":5},{"damage":36,"enemies":"Collector","floor":33,"turns":11},{"damage":21,"enemies":"3 Shapes","floor":35,"turns":5},{"damage":0,"enemies":"Orb Walker","floor":39,"turns":3},{"damage":23,"enemies":"Giant Head","floor":41,"turns":7},{"damage":0,"enemies":"3 Darklings","floor":42,"turns":3},{"damage":44,"enemies":"Time Eater","floor":50,"turns":12}],"event_choices":[{"event_name":"Golden Wing","player_choice":"Card Removal","floor":5,"damage_taken":0},{"event_name":"Liars Game","player_choice":"disagreed","floor":8,"damage_taken":0},{"event_name":"Back to Basics","player_choice":"Simplicity","floor":19,"damage_taken":0},{"event_name":"Purifier","player_choice":"One Purge","floor":21,"damage_taken":0},{"event_name":"Vampires","player_choice":"Ignored","floor":27,"damage_taken":0},{"event_name":"Wheel of Change","player_choice":"Full Heal","floor":36,"damage_taken":0},{"event_name":"Tomb of Lord Red Mask","player_choice":"Ignored","floor":37,"damage_taken":0},{"event_name":"Match and Keep!","player_choice":"2 cards matched","floor":46,"damage_taken":0}],"boss_relics":[{"not_picked":["Snecko Eye","White Beast Statue"],"picked":"Black Star"},{"not_picked":["Question Card","Eternal Feather"],"picked":"Velvet Choker"}],"potions_floor_spawned":[6,10,12,13,16,24,25,31,33,41,42],"seed_played":"736385992350557773","ascension_level":0,"is_trial":false}