{"path_per_floor":["M","M","$","?","M","E","R","E","T","M","R","$","M","E","R","B",null,"M","T","$","?","M"],"character_chosen":"THE_SILENT","items_purchased":["Bag of Marbles","Oddly Smooth Stone"],"gold_per_floor":[113,132,57,57,69,124,124,156,156,168,168,13,33,67,67,162,162,172,172,21,21,34],"floor_reached":23,"campfire_rested":3,"playtime":1323,"current_hp_per_floor":[70,69,69,69,69,46,67,20,20,8,29,29,22,21,42,23,70,49,59,59,59,29],"items_purged":["Strike_G"],"gold":34,"play_id":"55779305-bb2b-4980-94c5-cb1a081a159d","is_prod":false,"is_daily":false,"is_ascension_mode":true,"campfire_upgraded":0,"path_taken":["M","M","$","?","M","E","R","E","T","?","R","$","?","E","R","BOSS","M","?","$","?","M","E"],"build_version":"2018-01-25-PROD3","purchased_purges":2,"victory":false,"master_deck":["Defend_G","Defend_G","Defend_G","Defend_G","Defend_G","Strike_G","Strike_G","Strike_G","Survivor","Neutralize+1","Bane","Dagger Spray","Prepared","Dagger Throw","Flying Knee","Cloak And Dagger","Poisoned Stab","Dagger Spray","Envenom","Deadly Poison+1","Outmaneuver+1"],"max_hp_per_floor":[70,70,70,70,70,70,70,70,70,70,70,70,70,70,70,70,70,70,80,80,80,80],"relics":["Ring of the Snake","Tiny Chest","Shuriken","Bird Faced Urn","Bag of Marbles","Juzu Bracelet","Eternal Feather","Pear","Oddly Smooth Stone"],"card_choices":[{"not_picked":["Slice","Outmaneuver"],"picked":"Bane"},{"not_picked":["Predator","Dodge and Roll"],"picked":"Dagger Spray"},{"not_picked":["PiercingWail","Underhanded Strike"],"picked":"Prepared"},{"not_picked":["Storm of Steel","Calculated Gamble"],"picked":"Dagger Throw"},{"not_picked":["Flechettes","After Image"],"picked":"Flying Knee"},{"not_picked":["Bouncing Flask","Slice"],"picked":"Cloak And Dagger"},{"not_picked":["Bane","Backflip"],"picked":"Poisoned Stab"},{"not_picked":["Eviscerate","Underhanded Strike"],"picked":"Dagger Spray"},{"not_picked":["Storm of Steel","Doppelganger"],"picked":"Envenom"},{"not_picked":["Sucker Punch","Eviscerate"],"picked":"Deadly Poison"},{"not_picked":["Acrobatics","PiercingWail"],"picked":"Outmaneuver"}],"player_experience":57575,"potions_floor_usage":[16],"damage_taken":[{"damage":0,"enemies":"2 Louse","floor":1,"turns":3},{"damage":1,"enemies":"Cultist","floor":2,"turns":4},{"damage":0,"enemies":"Small Slimes","floor":5,"turns":3},{"damage":23,"enemies":"3 Sentries","floor":6,"turns":9},{"damage":47,"enemies":"Lagavulin","floor":8,"turns":10},{"damage":12,"enemies":"Gremlin Gang","floor":10,"turns":4},{"damage":7,"enemies":"Lots of Slimes","floor":13,"turns":3},{"damage":1,"enemies":"Gremlin Nob","floor":14,"turns":3},{"damage":19,"enemies":"Slime Boss","floor":16,"turns":7},{"damage":21,"enemies":"2 Thieves","floor":18,"turns":3},{"damage":32,"enemies":"Spheric Guardian","floor":22,"turns":6},{"damage":43,"enemies":"Book of Stabbing","floor":23,"turns":6}],"event_choices":[{"event_name":"Living Wall","player_choice":"Grow","floor":4,"damage_taken":0},{"event_name":"Bonfire Elementals","player_choice":"BASIC","floor":21,"damage_taken":0}],"boss_relics":[{"not_picked":["Lizard Tail","Runic Pyramid"],"picked":"Eternal Feather"}],"potions_floor_spawned":[5,6,13],"seed_played":"4361835956914174415","killed_by":"Book of Stabbing","ascension_level":1,"is_trial":false}