{"path_per_floor":["M","M","?","?","?","R","E","M","T","$","M","M","R","M","R","B",null,"M","?","M","M","T","R","M","$","T"],"character_chosen":"THE_SILENT","items_purchased":["Dagger Spray","Footwork","Anchor"],"gold_per_floor":[116,131,131,131,131,131,160,178,178,3,13,29,29,47,47,146,146,159,159,130,140,190,190,203,58,58],"floor_reached":27,"campfire_rested":3,"playtime":1579,"current_hp_per_floor":[70,70,70,70,58,58,36,31,31,31,28,28,49,49,70,25,70,57,57,36,7,7,28,3,3,3],"items_purged":["Regret"],"gold":58,"play_id":"ca37c455-193e-4ada-a82f-3fb3242ed170","is_prod":false,"is_daily":false,"is_ascension_mode":true,"campfire_upgraded":1,"path_taken":["M","?","?","?","?","R","E","M","T","$","?","M","R","M","R","BOSS","M","?","M","?","?","R","M","$","T","M"],"build_version":"2018-01-25-PROD3","purchased_purges":2,"victory":false,"master_deck":["Defend_G","Defend_G","Defend_G","Defend_G","Defend_G","Strike_G","Strike_G","Strike_G","Strike_G","Strike_G","Survivor","Neutralize+1","Catalyst","Cloak And Dagger","Poisoned Stab+1","Dash+1","Dagger Throw","Dagger Spray","Footwork","Poisoned Stab","Sucker Punch","Tools of the Trade","Catalyst","Footwork","Backflip","Flying Knee+1"],"max_hp_per_floor":[70,70,70,70,70,70,70,70,70,70,70,70,70,70,70,70,70,70,70,70,70,70,70,70,70,70],"relics":["Ring of the Snake","Bag of Marbles","Calipers","Smiling Mask","Whetstone","Question Card","Oddly Smooth Stone","Anchor","Tough Bandages"],"card_choices":[{"not_picked":["Deadly Poison","Reflex"],"picked":"Catalyst"},{"not_picked":["Phantasmal Killer","PiercingWail"],"picked":"Cloak And Dagger"},{"not_picked":["Dash","Sucker Punch"],"picked":"Poisoned Stab"},{"not_picked":["Deadly Poison","Slice"],"picked":"Dash"},{"not_picked":["Quick Slash","Die Die Die"],"picked":"Dagger Throw"},{"not_picked":["Well Laid Plans","Deadly Poison"],"picked":"Poisoned Stab"},{"not_picked":["Bane","Deadly Poison"],"picked":"Sucker Punch"},{"not_picked":["Doppelganger","Phantasmal Killer"],"picked":"Tools of the Trade"},{"not_picked":["Dagger Spray","Underhanded Strike","Terror"],"picked":"Footwork"},{"not_picked":["Blade Dance","Bane","Calculated Gamble"],"picked":"Backflip"},{"not_picked":["Underhanded Strike","Bane","Backflip"],"picked":"Flying Knee"}],"player_experience":52686,"potions_floor_usage":[7,7,12,16,20,21,21],"damage_taken":[{"damage":0,"enemies":"Blue Slaver","floor":1,"turns":6},{"damage":0,"enemies":"Jaw Worm","floor":2,"turns":6},{"damage":34,"enemies":"Gremlin Nob","floor":7,"turns":5},{"damage":5,"enemies":"Small Slimes","floor":8,"turns":3},{"damage":3,"enemies":"Red Slaver","floor":11,"turns":4},{"damage":0,"enemies":"2 Fungi Beasts","floor":12,"turns":2},{"damage":0,"enemies":"Lots of Slimes","floor":14,"turns":1},{"damage":45,"enemies":"Slime Boss","floor":16,"turns":12},{"damage":13,"enemies":"Chosen","floor":18,"turns":5},{"damage":21,"enemies":"2 Thieves","floor":20,"turns":5},{"damage":29,"enemies":"Snake Plant","floor":21,"turns":6},{"damage":25,"enemies":"Centurion and Healer","floor":24,"turns":14},{"damage":6,"enemies":"Slaver and Parasite","floor":27,"turns":1}],"event_choices":[{"event_name":"Big Fish","player_choice":"Box","floor":3,"damage_taken":0},{"event_name":"The Lab","player_choice":"Got Potions","floor":4,"damage_taken":0},{"event_name":"Scrap Ooze","player_choice":"success","floor":5,"damage_taken":12},{"event_name":"Duplicator","player_choice":"One dupe","floor":19,"damage_taken":0}],"boss_relics":[{"not_picked":["Tiny House","Ectoplasm"],"picked":"Question Card"}],"potions_floor_spawned":[1,11,14,16,18,24],"seed_played":"603470282063327451","killed_by":"Slaver and Parasite","ascension_level":1,"is_trial":false}