{"path_per_floor":["M","M","?","M","?","E","R","M","T","R","E","M","R","?","R","B",null,"M","?","?","M","M","R","E","R","T","R","T","M","$","E","R"],"character_chosen":"THE_SILENT","items_purchased":["Regen Potion","Bottled Lightning"],"gold_per_floor":[116,136,136,151,101,134,134,147,147,147,182,192,192,221,221,326,326,313,313,313,329,340,340,373,373,397,397,397,414,50,78,78],"floor_reached":33,"campfire_rested":6,"playtime":1278,"current_hp_per_floor":[70,68,54,54,54,35,56,55,55,70,62,62,62,60,60,47,70,67,67,54,54,18,40,9,31,31,53,53,23,23,7,29],"items_purged":["Writhe"],"gold":78,"score":337,"play_id":"d506dcfb-b176-4f95-bfd6-4f29ca8e05c6","is_prod":false,"is_daily":false,"is_ascension_mode":true,"campfire_upgraded":2,"path_taken":["M","?","?","M","?","E","R","?","T","R","E","M","R","?","R","BOSS","M","?","?","?","M","R","E","R","T","R","?","M","$","E","R","BOSS"],"build_version":"2018-02-15-PROD1","purchased_purges":1,"victory":false,"master_deck":["Defend_G","Defend_G","Defend_G","Defend_G","Defend_G","Strike_G","Strike_G","Strike_G+1","Strike_G","Survivor+1","Neutralize","Calculated Gamble+1","Poisoned Stab+1","Flying Knee","Well Laid Plans","Flying Knee+1","Escape Plan","Escape Plan","Cloak And Dagger+1","Storm of Steel","Dagger Throw","Prepared+1","Blur+1","Injury","Infinite Blades","Cloak And Dagger+1"],"max_hp_per_floor":[70,70,70,70,70,70,70,70,70,70,70,70,70,70,70,70,70,70,70,75,75,75,75,75,75,75,75,75,75,75,75,75],"relics":["Ring of the Snake","Bottled Flame","Tingsha","Bronze Scales","Odd Mushroom","Cursed Key","Ninja Scroll","Prayer Wheel","Omamori","Bottled Lightning","Whetstone"],"card_choices":[{"not_picked":["Deadly Poison","Leg Sweep"],"picked":"Calculated Gamble"},{"not_picked":["Deflect","Dodge and Roll"],"picked":"Poisoned Stab"},{"not_picked":["Catalyst","Quick Slash"],"picked":"Flying Knee"},{"not_picked":["Slice","A Thousand Cuts"],"picked":"Well Laid Plans"},{"not_picked":["Deadly Poison","Dagger Throw"],"picked":"Flying Knee"},{"not_picked":["Backflip","Endless Agony"],"picked":"Escape Plan"},{"not_picked":["Distraction","Dodge and Roll"],"picked":"Escape Plan"},{"not_picked":["Heel Hook","Endless Agony"],"picked":"Cloak And Dagger"},{"not_picked":["Corpse Explosion","Glass Knife"],"picked":"Storm of Steel"},{"not_picked":["Dodge and Roll","Catalyst"],"picked":"Dagger Throw"},{"not_picked":["Poisoned Stab","Backflip"],"picked":"Prepared"},{"not_picked":["Deadly Poison","Dodge and Roll"],"picked":"Blur"},{"not_picked":["Acrobatics","Escape Plan"],"picked":"Infinite Blades"},{"not_picked":["Flechettes","Bane"],"picked":"Cloak And Dagger"}],"player_experience":101797,"potions_floor_usage":[11,11,14,21,22,31,31,33],"damage_taken":[{"damage":0,"enemies":"Cultist","floor":1,"turns":5},{"damage":2,"enemies":"Jaw Worm","floor":2,"turns":5},{"damage":0,"enemies":"2 Louse","floor":4,"turns":2},{"damage":19,"enemies":"3 Sentries","floor":6,"turns":12},{"damage":1,"enemies":"Looter","floor":8,"turns":3},{"damage":8,"enemies":"Lagavulin","floor":11,"turns":5},{"damage":0,"enemies":"2 Fungi Beasts","floor":12,"turns":2},{"damage":2,"enemies":"The Mushroom Lair","floor":14,"turns":2},{"damage":13,"enemies":"Hexaghost","floor":16,"turns":9},{"damage":3,"enemies":"2 Thieves","floor":18,"turns":4},{"damage":0,"enemies":"3 Byrds","floor":21,"turns":2},{"damage":36,"enemies":"Cultist and Chosen","floor":22,"turns":8},{"damage":31,"enemies":"Gremlin Leader","floor":24,"turns":7},{"damage":30,"enemies":"Centurion and Healer","floor":29,"turns":5},{"damage":31,"enemies":"Book of Stabbing","floor":31,"turns":5},{"damage":35,"enemies":"Automaton","floor":33,"turns":6}],"event_choices":[{"event_name":"Shining Light","player_choice":"Entered Light","floor":3,"damage_taken":0},{"event_name":"The Cleric","player_choice":"Card Removal","floor":5,"damage_taken":0},{"event_name":"Mushrooms","player_choice":"Fought Mushrooms","floor":14,"damage_taken":0},{"event_name":"Vampires","player_choice":"Ignored","floor":19,"damage_taken":0},{"event_name":"Forgotten Altar","player_choice":"Shed Blood","floor":20,"damage_taken":0}],"boss_relics":[{"not_picked":["Black Star","Philosopher\u0027s Stone"],"picked":"Cursed Key"}],"potions_floor_spawned":[4,6,8,11,16,18,29,31],"seed_played":"982511801640927023","killed_by":"Automaton","ascension_level":3,"is_trial":false}