{"path_per_floor":["M","?","$","M","M","E","M","E","T","$","M","M","$","M","R","B",null,"M","?","?","?","M"],"character_chosen":"THE_SILENT","items_purchased":["Paper Crane","Backflip","Dagger Throw"],"gold_per_floor":[115,290,28,38,56,87,99,132,158,83,93,105,60,73,73,176,176,194,194,194,194,209],"floor_reached":23,"campfire_rested":1,"playtime":1341,"current_hp_per_floor":[67,67,67,59,50,41,41,13,13,13,13,9,9,9,30,8,70,65,52,52,52,31],"items_purged":["Doubt"],"gold":209,"score":223,"play_id":"acc7205c-fe12-4610-aca6-5d443da9ba2a","is_prod":false,"is_daily":false,"is_ascension_mode":true,"campfire_upgraded":0,"path_taken":["M","?","$","M","M","E","?","E","T","?","M","M","$","M","R","BOSS","M","?","?","?","M","E"],"build_version":"2018-02-08-PROD1","purchased_purges":1,"victory":false,"master_deck":["Defend_G","Defend_G","Defend_G","Defend_G","Defend_G+1","Strike_G","Strike_G","Strike_G","Strike_G","Survivor","Neutralize+1","Dagger Throw","Backflip","Leg Sweep+1","Heel Hook","Sucker Punch","Dagger Throw","Die Die Die","Well Laid Plans+1","Backstab"],"max_hp_per_floor":[70,70,70,70,70,70,70,70,70,70,70,70,70,70,70,70,70,70,75,75,75,75],"relics":["Ring of the Snake","Paper Crane","Frozen Egg 2","Juzu Bracelet","War Paint","Black Star","Blood Vial"],"card_choices":[{"not_picked":["Bouncing Flask","Predator"],"picked":"Dagger Throw"},{"not_picked":["Acrobatics","Deflect"],"picked":"Leg Sweep"},{"not_picked":["Choke","Slice"],"picked":"Heel Hook"},{"not_picked":["Flechettes","Accuracy"],"picked":"Sucker Punch"},{"not_picked":["Night Terror","Tools of the Trade"],"picked":"Die Die Die"},{"not_picked":["Calculated Gamble","Bouncing Flask"],"picked":"Well Laid Plans"},{"not_picked":["Bouncing Flask","Cloak And Dagger"],"picked":"Backstab"}],"player_experience":87627,"potions_floor_usage":[6,6,8,14,18],"damage_taken":[{"damage":3,"enemies":"Small Slimes","floor":1,"turns":4},{"damage":8,"enemies":"Blue Slaver","floor":4,"turns":6},{"damage":9,"enemies":"Cultist","floor":5,"turns":5},{"damage":9,"enemies":"Lagavulin","floor":6,"turns":13},{"damage":0,"enemies":"Red Slaver","floor":7,"turns":7},{"damage":28,"enemies":"Gremlin Nob","floor":8,"turns":6},{"damage":0,"enemies":"Looter","floor":11,"turns":3},{"damage":4,"enemies":"Exordium Wildlife","floor":12,"turns":4},{"damage":0,"enemies":"Lots of Slimes","floor":14,"turns":5},{"damage":22,"enemies":"The Guardian","floor":16,"turns":20},{"damage":5,"enemies":"3 Byrds","floor":18,"turns":7},{"damage":23,"enemies":"Spheric Guardian","floor":22,"turns":8},{"damage":40,"enemies":"Gremlin Leader","floor":23,"turns":13}],"event_choices":[{"event_name":"Liars Game","player_choice":"agreed","floor":2,"damage_taken":0},{"event_name":"Forgotten Altar","player_choice":"Shed Blood","floor":19,"damage_taken":0},{"event_name":"Upgrade Shrine","player_choice":"Upgraded","floor":20,"damage_taken":0},{"event_name":"The Mausoleum","player_choice":"Yes","floor":21,"damage_taken":0}],"boss_relics":[{"not_picked":["Runic Pyramid","The Specimen"],"picked":"Black Star"}],"potions_floor_spawned":[4,5,6,12,14],"seed_played":"8176558368114817144","killed_by":"Gremlin Leader","ascension_level":2,"is_trial":false}