{"path_per_floor":["M","M","?","$","M","R","E","R","T","E","?","M","R","E","R","B",null,"M","?","?","?","$","E","R","E","T","E","M","?","M","T","R","B",null,"M","?","?","$","M","E","R","E","T","R","M","R","M","M","R","B"],"character_chosen":"THE_SILENT","items_purchased":["Medical Kit","Oddly Smooth Stone","Infinite Blades"],"gold_per_floor":[119,132,132,57,70,70,104,104,149,181,181,199,199,233,233,333,333,345,345,260,260,67,95,95,124,124,154,174,174,191,218,218,319,319,334,334,334,101,113,146,146,180,228,228,248,248,258,275,275,275],"floor_reached":51,"campfire_rested":7,"playtime":2501,"current_hp_per_floor":[69,68,68,68,68,68,48,69,69,55,43,43,64,64,64,48,70,61,61,61,61,61,55,70,74,74,62,62,46,46,46,69,26,77,77,67,67,67,67,33,64,38,38,69,55,63,63,55,77,16],"items_purged":["Strike_G","Defend_G"],"gold":275,"score":734,"play_id":"1999332e-4772-48c6-9665-96b6e9613266","is_prod":false,"is_daily":false,"is_ascension_mode":true,"campfire_upgraded":3,"path_taken":["M","M","?","$","M","R","E","R","T","E","?","M","R","E","R","BOSS","M","?","?","?","$","E","R","E","T","E","?","?","?","?","R","BOSS","M","?","?","$","M","E","R","E","T","R","M","R","M","M","R","BOSS"],"build_version":"2018-02-08-PROD1","purchased_purges":2,"victory":true,"master_deck":["Defend_G","Defend_G","Defend_G","Strike_G","Strike_G","Strike_G","Survivor+1","Neutralize+1","Flying Knee","Dagger Throw","Well Laid Plans","Flying Knee","Escape Plan","Venomology","Backflip","Prepared+1","Dagger Spray+1","Envenom+1","Madness+1","Madness","Infinite Blades+1","Accuracy+1","Noxious Fumes+1","Dagger Throw+1"],"max_hp_per_floor":[70,70,70,70,70,70,70,70,70,70,70,70,70,70,70,70,70,70,70,70,70,70,70,70,77,77,77,77,77,77,77,77,77,77,77,77,77,77,77,77,77,77,77,77,77,77,77,77,77,77],"relics":["Ring of the Snake","Vajra","Pen Nib","Mercury Hourglass","Omamori","Bronze Scales","Black Star","Anchor","Happy Flower","Medical Kit","Gremlin Horn","Smiling Mask","Prayer Wheel","Strawberry","Shuriken","Mummified Hand","Frozen Egg 2","Nilry\u0027s Codex","Bag of Marbles","Eternal Feather","Oddly Smooth Stone","Blue Candle","Bottled Flame","Centennial Puzzle","Dodecahedron","Bag of Preparation"],"card_choices":[{"not_picked":["Dodge and Roll","Heel Hook"],"picked":"Flying Knee"},{"not_picked":["Phantasmal Killer","Sucker Punch"],"picked":"Dagger Throw"},{"not_picked":["Flechettes","Outmaneuver"],"picked":"Well Laid Plans"},{"not_picked":["Bane","Slice"],"picked":"Flying Knee"},{"not_picked":["Slice","Sucker Punch"],"picked":"Escape Plan"},{"not_picked":["Bullet Time","Phantasmal Killer"],"picked":"Venomology"},{"not_picked":["Bane","Expertise"],"picked":"Backflip"},{"not_picked":["Outmaneuver","Deadly Poison"],"picked":"Prepared"},{"not_picked":["Dodge and Roll","Acrobatics"],"picked":"Dagger Spray"},{"not_picked":["Wraith Form","Corpse Explosion"],"picked":"Envenom"},{"not_picked":["Poisoned Stab","Flying Knee"],"picked":"Accuracy"},{"not_picked":["Acrobatics","Skewer"],"picked":"Noxious Fumes"},{"not_picked":["Bane","Quick Slash"],"picked":"Dagger Throw"}],"player_experience":85126,"potions_floor_usage":[7,10,18,23,23,25,27,27,33,33,40,42,42,48,48,50,50,50],"damage_taken":[{"damage":1,"enemies":"Cultist","floor":1,"turns":5},{"damage":1,"enemies":"Jaw Worm","floor":2,"turns":5},{"damage":0,"enemies":"Small Slimes","floor":5,"turns":3},{"damage":20,"enemies":"Lagavulin","floor":7,"turns":8},{"damage":14,"enemies":"3 Sentries","floor":10,"turns":8},{"damage":0,"enemies":"Exordium Wildlife","floor":12,"turns":2},{"damage":0,"enemies":"Lagavulin","floor":14,"turns":5},{"damage":16,"enemies":"The Guardian","floor":16,"turns":9},{"damage":9,"enemies":"2 Thieves","floor":18,"turns":3},{"damage":18,"enemies":"Book of Stabbing","floor":23,"turns":5},{"damage":3,"enemies":"Gremlin Leader","floor":25,"turns":6},{"damage":12,"enemies":"Slavers","floor":27,"turns":4},{"damage":0,"enemies":"Shell Parasite","floor":28,"turns":3},{"damage":0,"enemies":"Snake Plant","floor":30,"turns":3},{"damage":43,"enemies":"Champ","floor":33,"turns":9},{"damage":0,"enemies":"3 Darklings","floor":35,"turns":4},{"damage":0,"enemies":"Orb Walker","floor":39,"turns":2},{"damage":34,"enemies":"Nemesis","floor":40,"turns":7},{"damage":26,"enemies":"2 Orb Walkers","floor":42,"turns":4},{"damage":14,"enemies":"4 Shapes","floor":45,"turns":3},{"damage":0,"enemies":"Sphere and 2 Shapes","floor":47,"turns":3},{"damage":11,"enemies":"Maw","floor":48,"turns":5},{"damage":61,"enemies":"Time Eater","floor":50,"turns":10}],"event_choices":[{"event_name":"Living Wall","player_choice":"Forget","floor":3,"damage_taken":0},{"event_name":"Scrap Ooze","player_choice":"success","floor":11,"damage_taken":12},{"event_name":"Back to Basics","player_choice":"Elegance","floor":19,"damage_taken":0},{"event_name":"Addict","player_choice":"Obtained Relic","floor":20,"damage_taken":0},{"event_name":"The Mausoleum","player_choice":"Yes","floor":21,"damage_taken":0},{"event_name":"Cursed Tome","player_choice":"Obtained Book","floor":29,"damage_taken":0},{"event_name":"Winding Halls","player_choice":"Embrace Madness","floor":36,"damage_taken":0},{"event_name":"Tomb of Lord Red Mask","player_choice":"Ignored","floor":37,"damage_taken":0}],"boss_relics":[{"not_picked":["White Beast Statue","Lizard Tail"],"picked":"Black Star"},{"not_picked":["Philosopher\u0027s Stone","Velvet Choker"],"picked":"Eternal Feather"}],"potions_floor_spawned":[2,7,10,23,27,28,30,39,48],"seed_played":"5514015743037530363","ascension_level":1,"is_trial":false}