{"path_per_floor":["M","M","?","M","M","E","R","E","T","$","R","E","?","M","R","B",null,"M","M","M","?","$","R","E","M","T","M","?","?","$","M","R","B",null,"M","$","?","?","M"],"character_chosen":"THE_SILENT","items_purchased":["Noxious Fumes","Dramatic Entrance","War Paint","Ginger","Block Potion","Whetstone"],"gold_per_floor":[112,132,132,152,169,203,203,233,286,23,23,48,48,61,61,157,157,170,181,197,197,47,47,80,100,400,413,413,413,54,66,66,168,198,218,68,68,68,82],"floor_reached":40,"campfire_rested":5,"playtime":1565,"current_hp_per_floor":[69,67,67,60,57,36,57,15,15,15,51,27,20,19,55,4,70,57,51,13,13,13,49,41,32,32,17,17,17,17,17,53,20,75,56,56,56,47,42],"items_purged":["Strike_G"],"gold":82,"score":432,"play_id":"41fefc22-846c-424d-84fe-fa36ad0f13cd","is_prod":false,"is_daily":false,"is_ascension_mode":true,"campfire_upgraded":0,"path_taken":["M","M","?","M","?","E","R","E","T","$","R","E","?","M","R","BOSS","M","?","M","?","$","R","E","M","T","M","?","?","?","M","R","BOSS","M","$","?","?","M","E"],"build_version":"2018-02-15-PROD1","purchased_purges":1,"victory":false,"master_deck":["Defend_G","Defend_G","Defend_G+1","Defend_G","Defend_G","Strike_G","Strike_G","Strike_G","Strike_G","Survivor+1","Neutralize+1","Outmaneuver+1","Noxious Fumes","Bane","Unload","Noxious Fumes","Dramatic Entrance+1","Quick Slash","Flying Knee","Venomology","Backflip","Flying Knee+1","Bane+1","Writhe","Skewer","Backflip","Madness","Madness"],"max_hp_per_floor":[70,70,70,70,70,70,70,70,70,70,70,70,70,70,70,70,70,70,70,70,70,70,70,70,70,70,70,70,70,70,70,70,70,75,75,75,75,75,75],"relics":["Ring of the Snake","Anchor","Regal Pillow","Prayer Wheel","Snake Skull","Gambling Chip","White Beast Statue","War Paint","Bronze Scales","Old Coin","Thread and Needle","Ginger","Tiny House","Whetstone"],"card_choices":[{"not_picked":["Deflect","Slice"],"picked":"Outmaneuver"},{"not_picked":["Terror","Deadly Poison"],"picked":"Noxious Fumes"},{"not_picked":["Infinite Blades","Leg Sweep"],"picked":"Bane"},{"not_picked":["Dagger Throw","Cloak And Dagger"],"picked":"Unload"},{"not_picked":["Underhanded Strike","PiercingWail"],"picked":"Quick Slash"},{"not_picked":["Deflect","Cloak And Dagger"],"picked":"Flying Knee"},{"not_picked":["Tactician","Corpse Explosion"],"picked":"Venomology"},{"not_picked":["Acrobatics","Caltrops"],"picked":"Backflip"},{"not_picked":["Quick Slash","Choke"],"picked":"Flying Knee"},{"not_picked":["Bouncing Flask","Deflect"],"picked":"Bane"},{"not_picked":["Infinite Blades","Predator"],"picked":"Skewer"},{"not_picked":["Endless Agony","Cloak And Dagger"],"picked":"Backflip"}],"player_experience":111475,"potions_floor_usage":[35,35,35,40,40,40,40],"damage_taken":[{"damage":1.0,"enemies":"2 Louse","floor":1.0,"turns":4.0},{"damage":2.0,"enemies":"Cultist","floor":2.0,"turns":4.0},{"damage":7.0,"enemies":"Small Slimes","floor":4.0,"turns":4.0},{"damage":3.0,"enemies":"2 Fungi Beasts","floor":5.0,"turns":4.0},{"damage":21.0,"enemies":"3 Sentries","floor":6.0,"turns":9.0},{"damage":42.0,"enemies":"Gremlin Nob","floor":8.0,"turns":5.0},{"damage":24.0,"enemies":"Lagavulin","floor":12.0,"turns":6.0},{"damage":1.0,"enemies":"Looter","floor":14.0,"turns":2.0},{"damage":51.0,"enemies":"Hexaghost","floor":16.0,"turns":9.0},{"damage":13.0,"enemies":"2 Thieves","floor":18.0,"turns":4.0},{"damage":6.0,"enemies":"3 Byrds","floor":19.0,"turns":4.0},{"damage":38.0,"enemies":"Snake Plant","floor":20.0,"turns":5.0},{"damage":8.0,"enemies":"Slavers","floor":24.0,"turns":5.0},{"damage":18.0,"enemies":"Chosen and Byrds","floor":25.0,"turns":5.0},{"damage":15.0,"enemies":"Centurion and Healer","floor":27.0,"turns":4.0},{"damage":0.0,"enemies":"Snake Plant","floor":31.0,"turns":3.0},{"damage":33.0,"enemies":"Collector","floor":33.0,"turns":10.0},{"damage":19,"enemies":"3 Darklings","floor":35,"turns":7},{"damage":5,"enemies":"Orb Walker","floor":39,"turns":3},{"damage":49,"enemies":"Giant Head","floor":40,"turns":6}],"event_choices":[{"event_name":"The Woman in Blue","player_choice":"Bought 0 Potions","floor":3.0,"damage_taken":0.0},{"event_name":"Scrap Ooze","player_choice":"success","floor":13.0,"damage_taken":7.0},{"event_name":"The Lab","player_choice":"Got Potions","floor":21.0,"damage_taken":0.0},{"event_name":"The Mausoleum","player_choice":"Yes","floor":28.0,"damage_taken":0.0},{"event_name":"Cursed Tome","player_choice":"Ignored","floor":29.0,"damage_taken":0.0},{"event_name":"Mysterious Sphere","player_choice":"Ignore","floor":37,"damage_taken":0},{"event_name":"Winding Halls","player_choice":"Embrace Madness","floor":38,"damage_taken":0}],"boss_relics":[{"not_picked":["Question Card","Velvet Choker"],"picked":"Tiny House"}],"potions_floor_spawned":[2,6,8,18,19,20,24,25,27,31,33,35,39],"seed_played":"714811021412269418","killed_by":"Giant Head","ascension_level":3,"is_trial":false}