{"path_per_floor":["M","?","?","M","M","E","R","E","T","R","$","R","?","M","R","B",null,"M","?","?","M","M","E","R","$","T","$","M","R","T","M","R","B",null,"M","?","M","$","?","R","?","?","T","R","M","M","R","M","R"],"character_chosen":"THE_SILENT","items_purchased":["Anchor","Backstab","Footwork"],"gold_per_floor":[141,91,91,107,122,156,156,187,239,239,11,11,11,27,27,127,127,146,146,146,163,183,215,215,215,215,70,89,89,112,124,124,223,223,241,241,251,251,251,251,251,251,333,333,348,364,364,382,382],"floor_reached":50,"campfire_rested":8,"playtime":1886,"current_hp_per_floor":[71,71,76,75,69,45,69,39,39,63,63,63,63,65,82,71,82,69,84,84,83,77,35,60,60,60,60,33,58,65,61,89,54,95,88,88,57,57,82,82,82,82,82,82,67,49,94,81,103],"items_purged":["Strike_G"],"gold":382,"score":531,"play_id":"25843ac9-3b34-4c27-b4d6-a7b65ff78bcb","is_prod":false,"is_daily":false,"is_ascension_mode":true,"campfire_upgraded":1,"path_taken":["M","?","?","?","M","E","R","E","T","R","$","R","?","M","R","BOSS","M","?","?","?","M","E","R","?","T","$","M","R","?","M","R","BOSS","M","?","M","$","?","R","?","?","T","R","M","?","R","M","R","BOSS"],"build_version":"2018-02-15-PROD1","purchased_purges":1,"victory":false,"master_deck":["Defend_G+1","Defend_G","Defend_G","Defend_G","Strike_G+1","Strike_G+1","Strike_G","Survivor","Neutralize+1","Sucker Punch","Flying Knee","Backflip","Noxious Fumes+1","Backstab","Adrenaline","Dagger Throw","Bane+1","Sucker Punch+1","Footwork","Burst","Parasite","Writhe","Writhe","Accuracy","After Image"],"max_hp_per_floor":[75,75,80,80,80,80,80,80,80,80,80,80,80,82,82,82,82,84,84,84,84,84,84,84,84,84,84,86,86,93,95,95,95,95,97,97,99,99,99,99,99,99,99,99,101,101,101,103,103],"relics":["Tiny House","Whetstone","Gambling Chip","Singing Bowl","Anchor","Lizard Tail","Bronze Scales","Ancient Tea Set","Shovel","Strawberry","Calling Bell","Paper Crane","Regal Pillow","Du-Vu Doll","Letter Opener","Ninja Scroll","Smiling Mask"],"card_choices":[{"not_picked":["Outmaneuver","Choke"],"picked":"Sucker Punch"},{"not_picked":["Dodge and Roll","Outmaneuver"],"picked":"Flying Knee"},{"not_picked":["Dodge and Roll","Outmaneuver"],"picked":"Backflip"},{"not_picked":["Concentrate","Escape Plan"],"picked":"Noxious Fumes"},{"not_picked":["Die Die Die","Corpse Explosion"],"picked":"Adrenaline"},{"not_picked":["Sucker Punch","Bane"],"picked":"Dagger Throw"},{"not_picked":["Infinite Blades","Bouncing Flask"],"picked":"Bane"},{"not_picked":["Well Laid Plans","Endless Agony"],"picked":"Sucker Punch"},{"not_picked":["Bullet Time","A Thousand Cuts"],"picked":"Burst"},{"not_picked":["Masterful Stab","Slice"],"picked":"After Image"}],"player_experience":120258,"potions_floor_usage":[6,16,22,23,33,33,37,46,50,50],"damage_taken":[{"damage":4,"enemies":"Small Slimes","floor":1,"turns":4},{"damage":1,"enemies":"Jaw Worm","floor":4,"turns":4},{"damage":6,"enemies":"2 Louse","floor":5,"turns":3},{"damage":39,"enemies":"3 Sentries","floor":6,"turns":11},{"damage":30,"enemies":"Gremlin Nob","floor":8,"turns":5},{"damage":0,"enemies":"Exordium Wildlife","floor":14,"turns":4},{"damage":11,"enemies":"The Guardian","floor":16,"turns":12},{"damage":15,"enemies":"Spheric Guardian","floor":18,"turns":5},{"damage":1,"enemies":"Shell Parasite","floor":21,"turns":5},{"damage":6,"enemies":"Snecko","floor":22,"turns":6},{"damage":42,"enemies":"Slavers","floor":23,"turns":5},{"damage":29,"enemies":"Chosen and Byrds","floor":28,"turns":7},{"damage":6,"enemies":"Slaver and Parasite","floor":31,"turns":6},{"damage":35,"enemies":"Collector","floor":33,"turns":10},{"damage":9,"enemies":"Orb Walker","floor":35,"turns":4},{"damage":33,"enemies":"3 Darklings","floor":37,"turns":6},{"damage":17,"enemies":"Maw","floor":45,"turns":9},{"damage":18,"enemies":"Sphere and 2 Shapes","floor":46,"turns":7},{"damage":15,"enemies":"3 Darklings","floor":48,"turns":4},{"damage":164,"enemies":"Donu and Deca","floor":50,"turns":13}],"event_choices":[{"event_name":"The Cleric","player_choice":"Card Removal","floor":2,"damage_taken":0},{"event_name":"Big Fish","player_choice":"Donut","floor":3,"damage_taken":0},{"event_name":"Accursed Blacksmith","player_choice":"Forge","floor":13,"damage_taken":0},{"event_name":"The Library","player_choice":"Heal","floor":19,"damage_taken":0},{"event_name":"The Mausoleum","player_choice":"Yes","floor":20,"damage_taken":0},{"event_name":"Wheel of Change","player_choice":"Card Removal","floor":36,"damage_taken":0},{"event_name":"Winding Halls","player_choice":"Writhe","floor":39,"damage_taken":0},{"event_name":"Tomb of Lord Red Mask","player_choice":"Ignored","floor":41,"damage_taken":0},{"event_name":"Transmorgrifier","player_choice":"Transform","floor":42,"damage_taken":0}],"boss_relics":[{"not_picked":["Ectoplasm","Orrery"],"picked":"Lizard Tail"},{"not_picked":["Velvet Choker","Pandora\u0027s Box"],"picked":"Calling Bell"}],"potions_floor_spawned":[4,6,14,21,31,33,45,46,48],"seed_played":"9031519855154800894","killed_by":"Donu and Deca","ascension_level":3,"is_trial":false}