{"path_per_floor":["M","M","M","M","$","?","M","M","T","R","M","M","?","M","R","B",null,"M","?","M","?","M","E","R","E","T","R","$","?","M","M","R","B",null,"M","M","?","M","M","R","E","R","T","M","$","?","E","$","R","B"],"character_chosen":"THE_SILENT","items_purchased":["Orichalcum","Jack Of All Trades","Quick Slash","Pen Nib","Darkstone Periapt"],"gold_per_floor":[116,129,140,152,77,77,92,107,134,134,148,164,164,177,177,297,297,310,235,251,251,264,302,302,335,335,335,83,83,96,117,117,247,247,271,285,285,304,329,329,660,660,685,699,155,155,195,195,195,195],"floor_reached":51,"campfire_rested":7,"playtime":1938,"current_hp_per_floor":[70,69,58,58,58,51,48,50,50,50,52,52,34,31,53,25,78,67,67,69,69,45,18,42,32,32,56,56,56,44,32,57,10,86,87,87,76,77,63,90,57,84,86,48,48,48,45,45,73,27],"items_purged":["Underhanded Strike","Backstab"],"gold":195,"score":793,"play_id":"7cf23ba0-ac11-4d10-912c-4eb1dcc385ca","local_time":"20180315182524","is_prod":false,"is_daily":false,"is_ascension_mode":false,"campfire_upgraded":1,"timestamp":1521163524,"path_taken":["M","M","M","M","$","?","M","M","T","R","M","M","?","M","R","BOSS","M","?","M","?","M","E","R","E","T","R","?","?","?","M","R","BOSS","M","M","?","?","M","R","E","R","T","M","$","?","E","?","R","BOSS"],"build_version":"2018-03-09","purchased_purges":3,"victory":true,"master_deck":["Survivor","Neutralize","Dodge and Roll","Bouncing Flask","Accuracy","Flying Knee","Dagger Spray","Poisoned Stab","Finisher","Caltrops","Sucker Punch","Flying Knee","Cloak And Dagger+1","Backstab","Adrenaline","Calculated Gamble","Dash","Backflip+1","Jack Of All Trades","Adrenaline","Malaise","Madness","Madness","Accuracy+1","Leg Sweep","Quick Slash","Skewer+1"],"max_hp_per_floor":[70,70,70,70,70,70,70,72,72,72,74,74,74,76,76,78,78,78,78,80,80,80,80,80,82,82,82,82,82,84,86,86,86,86,88,88,88,90,92,92,92,92,94,94,94,94,94,94,94,94],"relics":["Pandora\u0027s Box","Singing Bowl","Oddly Smooth Stone","Golden Idol","Snecko Eye","Ninja Scroll","Prayer Wheel","Ice Cream","Torii","Orichalcum","Sozu","Old Coin","Ancient Tea Set","Pen Nib","Darkstone Periapt","Molten Egg 2"],"card_choices":[{"not_picked":["PiercingWail","Flechettes"],"picked":"Sucker Punch"},{"not_picked":["Bane","Prepared"],"picked":"Flying Knee"},{"not_picked":["Skewer","Outmaneuver"],"picked":"Cloak And Dagger"},{"not_picked":["Slice","Noxious Fumes"],"picked":"Backstab"},{"not_picked":["Underhanded Strike","Calculated Gamble"],"picked":"Adrenaline"},{"not_picked":["Deadly Poison","Dagger Spray"],"picked":"Calculated Gamble"},{"not_picked":["Predator","Sucker Punch"],"picked":"Dash"},{"not_picked":["Dodge and Roll","PiercingWail"],"picked":"Backflip"},{"not_picked":["Poisoned Stab","Underhanded Strike"],"picked":"Backstab"},{"not_picked":["Tactician","Grand Finale"],"picked":"Adrenaline"},{"not_picked":["Eviscerate","Blur"],"picked":"Malaise"},{"not_picked":["Backflip","Flechettes"],"picked":"Accuracy"},{"not_picked":["Slice","Well Laid Plans"],"picked":"Leg Sweep"},{"not_picked":["Dash","Cloak And Dagger"],"picked":"Skewer"}],"player_experience":149192,"potions_floor_usage":[16,16,16,23,25,41],"damage_taken":[{"damage":0,"enemies":"Cultist","floor":1,"turns":3},{"damage":1,"enemies":"Jaw Worm","floor":2,"turns":3},{"damage":11,"enemies":"Small Slimes","floor":3,"turns":3},{"damage":0,"enemies":"2 Fungi Beasts","floor":4,"turns":2},{"damage":3,"enemies":"Looter","floor":7,"turns":2},{"damage":0,"enemies":"3 Louse","floor":8,"turns":2},{"damage":0,"enemies":"Blue Slaver","floor":11,"turns":2},{"damage":0,"enemies":"2 Fungi Beasts","floor":12,"turns":2},{"damage":5,"enemies":"3 Louse","floor":14,"turns":2},{"damage":30,"enemies":"The Guardian","floor":16,"turns":7},{"damage":11,"enemies":"Shell Parasite","floor":18,"turns":4},{"damage":0,"enemies":"Chosen","floor":20,"turns":4},{"damage":24,"enemies":"Sentry and Sphere","floor":22,"turns":5},{"damage":27,"enemies":"Slavers","floor":23,"turns":5},{"damage":21,"enemies":"Book of Stabbing","floor":25,"turns":5},{"damage":18,"enemies":"Centurion and Healer","floor":30,"turns":8},{"damage":14,"enemies":"Snake Plant","floor":31,"turns":3},{"damage":47,"enemies":"Collector","floor":33,"turns":9},{"damage":1,"enemies":"3 Shapes","floor":35,"turns":3},{"damage":0,"enemies":"Orb Walker","floor":36,"turns":2},{"damage":1,"enemies":"Maw","floor":38,"turns":8},{"damage":16,"enemies":"4 Shapes","floor":39,"turns":7},{"damage":33,"enemies":"2 Orb Walkers","floor":41,"turns":6},{"damage":38,"enemies":"Sphere and 2 Shapes","floor":44,"turns":4},{"damage":3,"enemies":"Nemesis","floor":47,"turns":7},{"damage":46,"enemies":"Time Eater","floor":50,"turns":15}],"event_choices":[{"event_name":"Scrap Ooze","player_choice":"success","floor":6,"damage_taken":7},{"event_name":"Golden Idol","player_choice":"Take Damage","floor":13,"damage_taken":0},{"event_name":"Beggar","player_choice":"Gave Gold","floor":19,"damage_taken":0},{"event_name":"The Mausoleum","player_choice":"Yes","floor":21,"damage_taken":0},{"event_name":"Addict","player_choice":"Ignored","floor":29,"damage_taken":0},{"event_name":"Winding Halls","player_choice":"Embrace Madness","floor":37,"damage_taken":0},{"event_name":"Mysterious Sphere","player_choice":"Ignore","floor":46,"damage_taken":0}],"boss_relics":[{"not_picked":["Tiny House","Black Star"],"picked":"Snecko Eye"},{"not_picked":["Runic Dome","Velvet Choker"],"picked":"Sozu"}],"potions_floor_spawned":[1,4,11,12,20,23,33,35,38,39,47],"seed_played":"-4188949251714333942","ascension_level":0,"is_trial":false}