{"path_per_floor":["M","M","M","M","M","R","M","R","T","R","$","M","E","M","R","B",null,"M","M"],"character_chosen":"THE_SILENT","items_purchased":["Dodge and Roll"],"gold_per_floor":[112,125,137,151,162,162,180,180,180,180,128,140,171,181,181,277,277,291,311],"floor_reached":20,"campfire_rested":2,"playtime":1822,"current_hp_per_floor":[66,65,61,45,40,61,57,57,57,57,57,57,41,34,55,2,70,49,29],"items_purged":[],"gold":311,"score":180,"play_id":"905267d0-42dd-44db-8b8a-959d70550975","is_prod":false,"is_daily":false,"is_ascension_mode":false,"campfire_upgraded":1,"path_taken":["M","M","M","M","M","R","M","R","T","R","$","?","E","M","R","BOSS","M","M","M"],"build_version":"2018-02-12-PROD1","purchased_purges":0,"victory":false,"master_deck":["Defend_G","Defend_G","Defend_G","Defend_G","Defend_G","Strike_G","Strike_G","Strike_G","Strike_G","Strike_G","Survivor","Neutralize","Poisoned Stab","Endless Agony","Acrobatics","Poisoned Stab+1","Backstab","Burst","Dodge and Roll","Endless Agony","PiercingWail","Dagger Throw","Envenom","Sucker Punch","Adrenaline"],"max_hp_per_floor":[70,70,70,70,70,70,70,70,70,70,70,70,70,70,70,70,70,70,70],"relics":["Ring of the Snake","Girya","Sundial","Runic Pyramid"],"card_choices":[{"not_picked":["Deflect","Deadly Poison"],"picked":"Poisoned Stab"},{"not_picked":["Footwork","Dagger Spray"],"picked":"Endless Agony"},{"not_picked":["Dagger Spray","Escape Plan"],"picked":"Acrobatics"},{"not_picked":["Slice","Outmaneuver"],"picked":"Poisoned Stab"},{"not_picked":["Dagger Throw","Caltrops"],"picked":"Backstab"},{"not_picked":["Terror","Dagger Throw"],"picked":"Burst"},{"not_picked":["Outmaneuver","Acrobatics"],"picked":"Endless Agony"},{"not_picked":["Dagger Spray","Outmaneuver"],"picked":"PiercingWail"},{"not_picked":["Outmaneuver","Dagger Spray"],"picked":"Dagger Throw"},{"not_picked":["After Image","Wraith Form"],"picked":"Envenom"},{"not_picked":["Finisher","Backflip"],"picked":"Sucker Punch"},{"not_picked":["Sucker Punch","Dagger Throw"],"picked":"Adrenaline"}],"player_experience":26118,"potions_floor_usage":[16,16,16],"damage_taken":[{"damage":4,"enemies":"Blue Slaver","floor":1,"turns":6},{"damage":1,"enemies":"2 Louse","floor":2,"turns":3},{"damage":4,"enemies":"Small Slimes","floor":3,"turns":4},{"damage":16,"enemies":"Exordium Thugs","floor":4,"turns":7},{"damage":5,"enemies":"3 Louse","floor":5,"turns":4},{"damage":4,"enemies":"Exordium Wildlife","floor":7,"turns":3},{"damage":0,"enemies":"2 Fungi Beasts","floor":12,"turns":2},{"damage":16,"enemies":"Gremlin Nob","floor":13,"turns":3},{"damage":7,"enemies":"Looter","floor":14,"turns":2},{"damage":53,"enemies":"Slime Boss","floor":16,"turns":13},{"damage":21,"enemies":"Chosen","floor":18,"turns":6},{"damage":20,"enemies":"Shell Parasite","floor":19,"turns":7},{"damage":40,"enemies":"Cultist and Chosen","floor":20,"turns":5}],"event_choices":[],"boss_relics":[{"not_picked":["Philosopher\u0027s Stone","Calling Bell"],"picked":"Runic Pyramid"}],"potions_floor_spawned":[4,7,13,16],"seed_played":"-1139073030827094725","killed_by":"Cultist and Chosen","ascension_level":0,"is_trial":false}