{"path_per_floor":["M","?","?","M","M","R","M","R","T","M","$","?","R","$","R","B",null,"M","$","M","M","M","R","?","M","T","M","E","R","M","?","R"],"character_chosen":"THE_SILENT","items_purchased":["Deadly Poison","Deadly Poison"],"gold_per_floor":[116,116,116,131,148,148,166,166,166,177,150,100,100,52,52,153,153,172,97,116,131,148,148,148,166,166,176,206,206,223,223,223],"floor_reached":33,"campfire_rested":4,"playtime":814,"current_hp_per_floor":[62,67,67,67,66,66,50,50,50,43,43,43,43,43,65,39,75,44,44,29,29,23,45,70,55,55,37,5,27,6,6,28],"items_purged":["Strike_G"],"gold":223,"score":259,"play_id":"59c7ebb0-e784-4643-b034-61e18b0a75e5","local_time":"20180311001903","is_prod":false,"is_daily":false,"is_ascension_mode":false,"campfire_upgraded":3,"timestamp":1520749143,"path_taken":["M","?","?","M","M","R","M","R","T","M","$","?","R","?","R","BOSS","M","$","M","M","M","R","?","M","T","M","E","R","M","?","R","BOSS"],"build_version":"2018-03-09","purchased_purges":1,"victory":false,"master_deck":["Defend_G","Defend_G","Defend_G","Defend_G","Defend_G","Strike_G","Strike_G","Survivor","Neutralize+1","Bouncing Flask+1","Catalyst","Noxious Fumes+1","Deadly Poison","Deadly Poison","Burst","Bouncing Flask","Decay","Deadly Poison","Choke"],"max_hp_per_floor":[70,75,75,75,75,75,75,75,75,75,75,75,75,75,75,75,75,75,75,75,75,75,75,75,75,75,75,75,75,75,75,75],"relics":["The Specimen","Frozen Eye","Cursed Key","Ice Cream","Dream Catcher"],"card_choices":[{"not_picked":["Backflip","Blur"],"picked":"Bouncing Flask"},{"not_picked":["Escape Plan","Envenom"],"picked":"Catalyst"},{"not_picked":["All Out Attack","PiercingWail"],"picked":"Noxious Fumes"},{"not_picked":["Unload","Tactician"],"picked":"Burst"},{"not_picked":["Quick Slash","Acrobatics"],"picked":"Bouncing Flask"},{"not_picked":["Quick Slash","Poisoned Stab"],"picked":"Deadly Poison"},{"not_picked":["Wraith Form","Expertise"],"picked":"Choke"}],"player_experience":163399,"potions_floor_usage":[16,22,25,30,30,33],"damage_taken":[{"damage":8,"enemies":"2 Louse","floor":1,"turns":3},{"damage":0,"enemies":"Small Slimes","floor":4,"turns":4},{"damage":1,"enemies":"Cultist","floor":5,"turns":4},{"damage":16,"enemies":"Exordium Wildlife","floor":7,"turns":4},{"damage":7,"enemies":"Looter","floor":10,"turns":2},{"damage":26,"enemies":"Hexaghost","floor":16,"turns":6},{"damage":31,"enemies":"2 Thieves","floor":18,"turns":5},{"damage":15,"enemies":"3 Byrds","floor":20,"turns":4},{"damage":0,"enemies":"Centurion and Healer","floor":21,"turns":4},{"damage":6,"enemies":"3 Cultists","floor":22,"turns":5},{"damage":15,"enemies":"Snecko","floor":25,"turns":4},{"damage":18,"enemies":"Snake Plant","floor":27,"turns":2},{"damage":32,"enemies":"Book of Stabbing","floor":28,"turns":4},{"damage":21,"enemies":"Slaver and Parasite","floor":30,"turns":4},{"damage":42,"enemies":"Collector","floor":33,"turns":5}],"event_choices":[{"event_name":"Big Fish","player_choice":"Donut","floor":2,"damage_taken":0},{"event_name":"Bonfire Elementals","player_choice":"BASIC","floor":3,"damage_taken":0},{"event_name":"The Cleric","player_choice":"Card Removal","floor":12,"damage_taken":0},{"event_name":"The Library","player_choice":"Heal","floor":24,"damage_taken":0},{"event_name":"Vampires","player_choice":"Ignored","floor":31,"damage_taken":0}],"boss_relics":[{"not_picked":["Pandora\u0027s Box","Eternal Feather"],"picked":"Cursed Key"}],"potions_floor_spawned":[5,7,18,20,28,30],"seed_played":"-6839925173071946651","killed_by":"Collector","ascension_level":0,"is_trial":false}