{"path_per_floor":["M","?","M","M","?","E","R","M","T","$","?","T","R","M","R","B",null,"M","M","?","?","?","E","$","M","T","R","$","R","?","M","R","B",null,"M","$","M","?","?","R","M","M","T","M","$","R","M","E","R","B"],"character_chosen":"THE_SILENT","items_purchased":["Bouncing Flask","Heel Hook","Ninja Scroll","War Paint","Adrenaline"],"gold_per_floor":[140,140,151,164,164,198,198,218,273,200,200,200,200,211,211,307,307,293,307,307,407,407,436,283,300,300,300,62,62,62,82,82,182,182,201,47,61,61,61,61,74,85,85,104,27,27,46,72,72,72],"floor_reached":51,"campfire_rested":5,"playtime":1927,"current_hp_per_floor":[74,67,65,65,65,25,47,34,34,34,85,85,85,72,72,27,85,77,64,64,64,64,41,41,41,41,66,66,66,66,66,85,42,85,75,75,75,64,64,64,34,25,25,19,19,44,19,15,40,7],"items_purged":["Blur"],"gold":72,"score":720,"play_id":"3b80031d-fe97-4db6-9669-02339cc04bd6","local_time":"20180310213539","is_prod":false,"is_daily":false,"is_ascension_mode":false,"campfire_upgraded":4,"timestamp":1520739339,"path_taken":["M","?","M","M","?","E","R","M","T","$","?","?","R","M","R","BOSS","M","M","?","?","?","E","$","M","T","R","$","R","?","M","R","BOSS","M","$","M","?","?","R","M","M","T","M","$","R","M","E","R","BOSS"],"build_version":"2018-03-09","purchased_purges":2,"victory":true,"master_deck":["Defend_G+1","Defend_G+1","Defend_G+1","Defend_G+1","Defend_G+1","Strike_G+1","Strike_G+1","Strike_G+1","Strike_G+1","Survivor+1","Neutralize+1","Dagger Spray","Sucker Punch","Prepared+1","Bouncing Flask+1","Envenom+1","Dagger Spray","Heel Hook","A Thousand Cuts+1","Poisoned Stab","Madness","Madness","Backflip+1","Quick Slash+1","Decay","Backflip+1","Adrenaline","Acrobatics+1"],"max_hp_per_floor":[75,75,75,75,75,75,75,75,75,75,85,85,85,85,85,85,85,85,85,85,85,85,85,85,85,85,85,85,85,85,85,85,85,85,85,85,85,85,85,85,85,85,85,85,85,85,85,85,85,85],"relics":["Tiny House","Thread and Needle","Happy Flower","Snake Skull","Sozu","Art of War","Ice Cream","Ninja Scroll","Cursed Key","War Paint","Sundial","Pantograph"],"card_choices":[{"not_picked":["Poisoned Stab","Slice"],"picked":"Bullet Time"},{"not_picked":["Slice","Underhanded Strike"],"picked":"Dagger Spray"},{"not_picked":["Eviscerate","Caltrops"],"picked":"Blur"},{"not_picked":["PiercingWail","Flying Knee"],"picked":"Sucker Punch"},{"not_picked":["Catalyst","Reflex"],"picked":"Prepared"},{"not_picked":["Phantasmal Killer","Tools of the Trade"],"picked":"Envenom"},{"not_picked":["PiercingWail","Accuracy"],"picked":"Dagger Spray"},{"not_picked":["Tactician","Tools of the Trade"],"picked":"A Thousand Cuts"},{"not_picked":["Flechettes","Slice"],"picked":"Poisoned Stab"},{"not_picked":["Cloak And Dagger","Slice"],"picked":"Backflip"},{"not_picked":["Escape Plan","Masterful Stab"],"picked":"Quick Slash"},{"not_picked":["Choke","Outmaneuver"],"picked":"Backflip"},{"not_picked":["Cloak And Dagger","Endless Agony"],"picked":"Acrobatics"}],"player_experience":160292,"potions_floor_usage":[6,6,8,50,50],"damage_taken":[{"damage":1,"enemies":"Jaw Worm","floor":1,"turns":4},{"damage":2,"enemies":"Small Slimes","floor":3,"turns":3},{"damage":0,"enemies":"Cultist","floor":4,"turns":6},{"damage":40,"enemies":"Gremlin Nob","floor":6,"turns":7},{"damage":13,"enemies":"Gremlin Gang","floor":8,"turns":5},{"damage":13,"enemies":"Large Slime","floor":14,"turns":6},{"damage":45,"enemies":"Hexaghost","floor":16,"turns":9},{"damage":8,"enemies":"2 Thieves","floor":18,"turns":4},{"damage":13,"enemies":"Spheric Guardian","floor":19,"turns":6},{"damage":23,"enemies":"Gremlin Leader","floor":23,"turns":7},{"damage":0,"enemies":"Chosen and Byrds","floor":25,"turns":4},{"damage":0,"enemies":"Snake Plant","floor":31,"turns":3},{"damage":43,"enemies":"Automaton","floor":33,"turns":11},{"damage":10,"enemies":"3 Darklings","floor":35,"turns":4},{"damage":0,"enemies":"Orb Walker","floor":37,"turns":4},{"damage":30,"enemies":"Maw","floor":41,"turns":6},{"damage":9,"enemies":"4 Shapes","floor":42,"turns":3},{"damage":6,"enemies":"3 Darklings","floor":44,"turns":5},{"damage":25,"enemies":"Sphere and 2 Shapes","floor":47,"turns":5},{"damage":4,"enemies":"Giant Head","floor":48,"turns":6},{"damage":58,"enemies":"Time Eater","floor":50,"turns":9}],"event_choices":[{"event_name":"Golden Wing","player_choice":"Card Removal","floor":2,"damage_taken":0},{"event_name":"Liars Game","player_choice":"disagreed","floor":5,"damage_taken":0},{"event_name":"Bonfire Elementals","player_choice":"RARE","floor":11,"damage_taken":0},{"event_name":"Back to Basics","player_choice":"Simplicity","floor":20,"damage_taken":0},{"event_name":"Golden Shrine","player_choice":"Pray","floor":21,"damage_taken":0},{"event_name":"The Mausoleum","player_choice":"No","floor":22,"damage_taken":0},{"event_name":"Cursed Tome","player_choice":"Ignored","floor":30,"damage_taken":0},{"event_name":"Winding Halls","player_choice":"Embrace Madness","floor":38,"damage_taken":0},{"event_name":"Mysterious Sphere","player_choice":"Ignore","floor":39,"damage_taken":0}],"boss_relics":[{"not_picked":["Lizard Tail","Philosopher\u0027s Stone"],"picked":"Sozu"},{"not_picked":["Orrery","Astrolabe"],"picked":"Cursed Key"}],"potions_floor_spawned":[3,6,8,14,18,19,23,37,44],"seed_played":"4573052021090556252","ascension_level":0,"is_trial":false}