{"path_per_floor":["M","M","$","?","M","R","M","M","T","M","R","?","M","?","R","B",null,"M","?","?","$","M"],"character_chosen":"THE_SILENT","items_purchased":["Deflect","Caltrops"],"gold_per_floor":[110,128,105,105,121,121,141,156,183,199,199,199,217,217,217,322,352,369,369,369,215,228],"floor_reached":23,"campfire_rested":1,"playtime":777,"current_hp_per_floor":[70,70,70,67,67,67,67,57,57,53,53,53,49,42,63,43,75,65,65,51,51,37],"items_purged":["Strike_G"],"gold":228,"score":192,"play_id":"a5f7acea-fe3f-4168-908e-ab3383a7e7b9","local_time":"20180304180056","is_prod":false,"is_daily":false,"is_ascension_mode":true,"campfire_upgraded":2,"timestamp":1520208056,"path_taken":["M","M","$","?","?","R","M","M","T","M","R","?","M","?","R","BOSS","M","?","?","$","M","E"],"build_version":"2018-03-01-PROD1","purchased_purges":1,"victory":false,"master_deck":["Defend_G","Defend_G","Defend_G","Defend_G","Defend_G","Strike_G","Strike_G","Strike_G","Survivor","Neutralize+1","Blur+1","Footwork","Deflect","Infinite Blades","Crippling Poison+1","Skewer","Burst","Poisoned Stab","Backstab","Blur+1","Caltrops"],"max_hp_per_floor":[70,70,70,70,70,70,70,70,70,70,70,70,70,70,70,70,75,75,75,80,80,80],"relics":["Ring of the Snake","Bag of Marbles","Bronze Scales","Tiny House"],"card_choices":[{"not_picked":["Riddle With Holes","Bane"],"picked":"Blur"},{"not_picked":["Dodge and Roll","Quick Slash"],"picked":"Footwork"},{"not_picked":["Bane","Slice"],"picked":"Infinite Blades"},{"not_picked":["Bane","Endless Agony"],"picked":"Crippling Poison"},{"not_picked":["Slice","Tactician"],"picked":"Skewer"},{"not_picked":["Phantasmal Killer","A Thousand Cuts"],"picked":"Burst"},{"not_picked":["Eviscerate","Finisher"],"picked":"Poisoned Stab"},{"not_picked":["Outmaneuver","Slice"],"picked":"Backstab"}],"player_experience":136645,"potions_floor_usage":[8,16,16,23,23],"damage_taken":[{"damage":0,"enemies":"Jaw Worm","floor":1,"turns":5},{"damage":0,"enemies":"Cultist","floor":2,"turns":4},{"damage":0,"enemies":"2 Louse","floor":5,"turns":4},{"damage":0,"enemies":"Red Slaver","floor":7,"turns":7},{"damage":10,"enemies":"2 Fungi Beasts","floor":8,"turns":4},{"damage":4,"enemies":"Large Slime","floor":10,"turns":10},{"damage":4,"enemies":"Looter","floor":13,"turns":5},{"damage":20,"enemies":"Hexaghost","floor":16,"turns":11},{"damage":10,"enemies":"Shell Parasite","floor":18,"turns":7},{"damage":14,"enemies":"Spheric Guardian","floor":22,"turns":5},{"damage":38,"enemies":"Slavers","floor":23,"turns":4}],"event_choices":[{"event_name":"Scrap Ooze","player_choice":"success","floor":4,"damage_taken":3},{"event_name":"Liars Game","player_choice":"disagreed","floor":12,"damage_taken":0},{"event_name":"Golden Wing","player_choice":"Card Removal","floor":14,"damage_taken":0},{"event_name":"Duplicator","player_choice":"One dupe","floor":19,"damage_taken":0},{"event_name":"Forgotten Altar","player_choice":"Shed Blood","floor":20,"damage_taken":0}],"boss_relics":[{"not_picked":["White Beast Statue","Question Card"],"picked":"Tiny House"}],"potions_floor_spawned":[1,7,13,16,18],"seed_played":"-8860151431974302176","killed_by":"Slavers","ascension_level":1,"is_trial":false}