{"path_per_floor":["M","$","M","M","?","E","R","M","T","R","M","E","$","E","R","B",null,"M","M","$","M","M","R","M","R","T","R","M","M","?","?","R"],"character_chosen":"THE_SILENT","items_purchased":["Caltrops","Infinite Blades"],"gold_per_floor":[118,41,56,68,68,94,94,112,112,112,123,157,5,30,30,135,135,105,119,19,34,52,52,72,72,72,72,82,101,26,26,26],"floor_reached":33,"campfire_rested":5,"playtime":1526,"current_hp_per_floor":[66,66,66,66,71,23,45,37,37,59,54,41,41,28,50,35,75,66,58,58,34,25,47,21,43,43,43,29,20,20,20,20],"items_purged":["Strike_G","Strike_G"],"gold":26,"score":282,"play_id":"2c21c7e7-4e56-4acc-b386-4eb815fbd55b","local_time":"20180304225745","is_prod":false,"is_daily":false,"is_ascension_mode":true,"campfire_upgraded":2,"timestamp":1520225865,"path_taken":["M","$","?","M","?","E","R","M","T","R","M","E","$","E","R","BOSS","M","M","$","M","M","R","M","R","T","R","M","M","?","?","R","BOSS"],"build_version":"2018-03-01-PROD1","purchased_purges":2,"victory":false,"master_deck":["Defend_G","Defend_G","Defend_G","Defend_G","Defend_G","Strike_G","Strike_G","Survivor","Neutralize","Backflip","Caltrops","Deadly Poison","After Image+1","Blade Dance","Heel Hook","Dagger Throw","Accuracy","Infinite Blades","Terror","After Image+1","Prepared","Caltrops+1","Escape Plan+1","Quick Slash","Sucker Punch+1","Prepared+1","Writhe"],"max_hp_per_floor":[70,70,70,70,75,75,75,75,75,75,75,75,75,75,75,75,75,75,75,75,75,75,75,75,75,75,75,75,75,75,75,75],"relics":["Ring of the Snake","Dream Catcher","Lantern","Bag of Preparation","Juzu Bracelet","Sozu","Regal Pillow","Omamori"],"card_choices":[{"not_picked":["Riddle With Holes","Choke"],"picked":"Backflip"},{"not_picked":["Underhanded Strike","Sucker Punch"],"picked":"Deadly Poison"},{"not_picked":["Backflip","Dagger Throw"],"picked":"After Image"},{"not_picked":["Sucker Punch","Slice"],"picked":"Blade Dance"},{"not_picked":["Bane","Outmaneuver"],"picked":"Heel Hook"},{"not_picked":["Endless Agony","Quick Slash"],"picked":"Dagger Throw"},{"not_picked":["Dash","Quick Slash"],"picked":"Accuracy"},{"not_picked":["Eviscerate","Tools of the Trade"],"picked":"Terror"},{"not_picked":["Adrenaline","Night Terror"],"picked":"After Image"},{"not_picked":["Backflip","Terror"],"picked":"Prepared"},{"not_picked":["Backflip","Acrobatics"],"picked":"Caltrops"},{"not_picked":["PiercingWail","Phantasmal Killer"],"picked":"Escape Plan"},{"not_picked":["Flying Knee","Dagger Spray"],"picked":"Quick Slash"},{"not_picked":["Heel Hook","Dagger Throw"],"picked":"Sucker Punch"},{"not_picked":["Flying Knee","Terror"],"picked":"Prepared"}],"player_experience":141747,"potions_floor_usage":[4,6,14,16,16],"damage_taken":[{"damage":4,"enemies":"Cultist","floor":1,"turns":4},{"damage":0,"enemies":"Small Slimes","floor":3,"turns":5},{"damage":0,"enemies":"2 Louse","floor":4,"turns":2},{"damage":48,"enemies":"Gremlin Nob","floor":6,"turns":5},{"damage":8,"enemies":"Gremlin Gang","floor":8,"turns":6},{"damage":5,"enemies":"Large Slime","floor":11,"turns":6},{"damage":13,"enemies":"3 Sentries","floor":12,"turns":9},{"damage":13,"enemies":"Lagavulin","floor":14,"turns":7},{"damage":15,"enemies":"Slime Boss","floor":16,"turns":9},{"damage":9,"enemies":"2 Thieves","floor":18,"turns":5},{"damage":8,"enemies":"Spheric Guardian","floor":19,"turns":6},{"damage":24,"enemies":"Snake Plant","floor":21,"turns":4},{"damage":9,"enemies":"Centurion and Healer","floor":22,"turns":6},{"damage":26,"enemies":"Cultist and Chosen","floor":24,"turns":9},{"damage":14,"enemies":"Snake Plant","floor":28,"turns":3},{"damage":9,"enemies":"3 Cultists","floor":29,"turns":6},{"damage":23,"enemies":"Collector","floor":33,"turns":7}],"event_choices":[{"event_name":"Big Fish","player_choice":"Donut","floor":5,"damage_taken":0},{"event_name":"Beggar","player_choice":"Gave Gold","floor":30,"damage_taken":0},{"event_name":"The Mausoleum","player_choice":"Yes","floor":31,"damage_taken":0}],"boss_relics":[{"not_picked":["White Beast Statue","Tiny House"],"picked":"Sozu"}],"potions_floor_spawned":[1,4,14,19,22,24],"seed_played":"5862170511897866435","killed_by":"Collector","ascension_level":1,"is_trial":false}