{"path_per_floor":["M","?","?","$","M","R","M","?","T","E","M","R","$","M","R","B",null,"M","$","?","M","M","R","?","?","T","R","M","?","M","M","R","B",null,"M","M","?","?","?","E","R","$","T","E","M","M","M","$","R"],"character_chosen":"THE_SILENT","items_purchased":["Noxious Fumes","Well Laid Plans","Bouncing Flask","Prepared","Transmutation"],"gold_per_floor":[111,111,111,34,53,53,77,27,27,63,83,83,14,37,37,161,161,186,70,70,84,100,100,100,100,100,100,121,121,145,163,163,293,293,316,339,339,339,339,372,372,272,272,315,336,351,364,105,105],"floor_reached":50,"campfire_rested":5,"playtime":2277,"current_hp_per_floor":[35,35,35,35,35,54,51,51,51,38,30,30,30,11,30,24,65,43,43,43,38,38,57,57,57,57,57,51,51,41,34,53,20,65,29,2,18,57,57,47,47,47,47,46,30,6,5,5,22],"items_purged":["Strike_G","Strike_G","Strike_G"],"gold":105,"score":526,"play_id":"852e2151-585e-4227-b3bc-c534c6ebcd48","local_time":"20180304191343","is_prod":false,"is_daily":false,"is_ascension_mode":true,"campfire_upgraded":3,"timestamp":1520212423,"path_taken":["M","?","?","?","?","R","M","?","T","E","M","R","$","?","R","BOSS","M","$","?","M","?","R","?","?","T","R","M","?","M","?","R","BOSS","M","M","?","?","?","E","R","$","T","E","?","M","M","$","R","BOSS"],"build_version":"2018-03-01-PROD1","purchased_purges":3,"victory":false,"master_deck":["Defend_G","Defend_G","Defend_G","Defend_G","Defend_G","Strike_G","Survivor","Neutralize+1","Dagger Throw","Noxious Fumes+1","Bouncing Flask+1","Noxious Fumes","Catalyst+1","Catalyst","Well Laid Plans","Acrobatics","Tactician","Backflip","Bouncing Flask","Crippling Poison","Deadly Poison","Adrenaline","Prepared","Tools of the Trade","Backflip+1","Writhe","Footwork+1","Prepared","Transmutation"],"max_hp_per_floor":[70,70,65,65,65,65,65,65,65,65,65,65,65,65,65,65,65,65,65,65,65,65,65,65,65,65,65,65,65,65,65,65,65,65,65,65,65,57,57,57,57,57,57,57,57,57,57,57,57],"relics":["Ring of the Snake","Shovel","Golden Idol","Unceasing Top","Mummified Hand","Sozu","Tingsha","The Specimen","Bronze Scales","Smiling Mask","Orichalcum"],"card_choices":[{"not_picked":["Dash","PiercingWail"],"picked":"Dagger Throw"},{"not_picked":["Riddle With Holes","Underhanded Strike"],"picked":"Bouncing Flask"},{"not_picked":["PiercingWail","Acrobatics"],"picked":"Noxious Fumes"},{"not_picked":["Caltrops","Die Die Die"],"picked":"Catalyst"},{"not_picked":["Skewer","PiercingWail"],"picked":"Catalyst"},{"not_picked":["Quick Slash","Poisoned Stab"],"picked":"Acrobatics"},{"not_picked":["Phantasmal Killer","Die Die Die"],"picked":"Tactician"},{"not_picked":["Endless Agony","All Out Attack"],"picked":"Backflip"},{"not_picked":["Deflect","Quick Slash"],"picked":"Crippling Poison"},{"not_picked":["Underhanded Strike","Poisoned Stab"],"picked":"Deadly Poison"},{"not_picked":["Expertise","Outmaneuver"],"picked":"Prepared"},{"not_picked":["Bullet Time","Doppelganger"],"picked":"Tools of the Trade"},{"not_picked":["Bane","Quick Slash"],"picked":"Backflip"},{"not_picked":["Finisher","All Out Attack"],"picked":"Footwork"}],"player_experience":139470,"potions_floor_usage":[10,11,31,33],"damage_taken":[{"damage":0,"enemies":"Small Slimes","floor":1,"turns":3},{"damage":0,"enemies":"2 Louse","floor":5,"turns":2},{"damage":3,"enemies":"Jaw Worm","floor":7,"turns":4},{"damage":13,"enemies":"Lagavulin","floor":10,"turns":5},{"damage":8,"enemies":"Large Slime","floor":11,"turns":4},{"damage":19,"enemies":"Exordium Thugs","floor":14,"turns":4},{"damage":6,"enemies":"Hexaghost","floor":16,"turns":5},{"damage":22,"enemies":"3 Byrds","floor":18,"turns":4},{"damage":5,"enemies":"Shell Parasite","floor":21,"turns":3},{"damage":0,"enemies":"Centurion and Healer","floor":22,"turns":5},{"damage":6,"enemies":"Sentry and Sphere","floor":28,"turns":3},{"damage":10,"enemies":"Snake Plant","floor":30,"turns":2},{"damage":7,"enemies":"Centurion and Healer","floor":31,"turns":4},{"damage":33,"enemies":"Collector","floor":33,"turns":6},{"damage":36,"enemies":"3 Darklings","floor":35,"turns":6},{"damage":27,"enemies":"3 Shapes","floor":36,"turns":4},{"damage":10,"enemies":"2 Orb Walkers","floor":40,"turns":3},{"damage":1,"enemies":"Giant Head","floor":44,"turns":5},{"damage":16,"enemies":"3 Darklings","floor":45,"turns":5},{"damage":24,"enemies":"Sphere and 2 Shapes","floor":46,"turns":4},{"damage":1,"enemies":"4 Shapes","floor":47,"turns":4},{"damage":23,"enemies":"Donu and Deca","floor":50,"turns":5}],"event_choices":[{"event_name":"Living Wall","player_choice":"Grow","floor":2,"damage_taken":0},{"event_name":"Golden Idol","player_choice":"Lose Max HP","floor":3,"damage_taken":0},{"event_name":"The Cleric","player_choice":"Card Removal","floor":8,"damage_taken":0},{"event_name":"Beggar","player_choice":"Ignored","floor":20,"damage_taken":0},{"event_name":"Drug Dealer","player_choice":"Ignored","floor":24,"damage_taken":0},{"event_name":"The Woman in Blue","player_choice":"Bought 0 Potions","floor":25,"damage_taken":0},{"event_name":"The Library","player_choice":"Read","floor":29,"damage_taken":0},{"event_name":"Winding Halls","player_choice":"Writhe","floor":37,"damage_taken":0},{"event_name":"The Moai Head","player_choice":"Heal","floor":38,"damage_taken":0},{"event_name":"Tomb of Lord Red Mask","player_choice":"Ignored","floor":39,"damage_taken":0}],"boss_relics":[{"not_picked":["Orrery","Calling Bell"],"picked":"Sozu"},{"not_picked":["Cursed Key","Philosopher\u0027s Stone"],"picked":"The Specimen"}],"potions_floor_spawned":[1,7,14,16,21,22,30,35,44,45,46,47],"seed_played":"5280339154162135135","killed_by":"Donu and Deca","ascension_level":1,"is_trial":false}