{"path_per_floor":["M","?","M","M","$","R","M","M","T","R","?","?","R","M","R","B"],"character_chosen":"THE_SILENT","items_purchased":[],"gold_per_floor":[11,11,23,37,37,37,48,61,61,61,91,166,166,181,181,286],"floor_reached":17,"campfire_rested":3,"playtime":469,"current_hp_per_floor":[69,62,45,39,39,60,60,49,49,49,49,38,59,59,70,22],"items_purged":[],"gold":286,"score":162,"play_id":"9e479cd4-fa33-489b-9303-3a0c0a9c1e75","local_time":"20180314231054","is_prod":false,"is_daily":false,"is_ascension_mode":true,"campfire_upgraded":1,"timestamp":1521087054,"path_taken":["M","?","M","M","$","R","M","?","T","R","?","?","R","?","R","BOSS"],"build_version":"2018-03-09","purchased_purges":0,"victory":false,"master_deck":["Survivor","Neutralize+1","Setup","Burst","Skewer","Dagger Spray","Adrenaline","Noxious Fumes","Prepared","Deflect","A Thousand Cuts","Blur","Dash","Backstab","Setup","Bane","Catalyst","Dagger Throw"],"max_hp_per_floor":[70,70,70,70,70,70,70,70,70,70,70,70,70,70,70,70],"relics":["Ring of the Snake","Frozen Eye","Pandora\u0027s Box"],"card_choices":[{"not_picked":["Dodge and Roll","Setup"],"picked":"Skewer"},{"not_picked":["Outmaneuver","Endless Agony"],"picked":"Dagger Spray"},{"not_picked":["Choke","Reflex"],"picked":"Adrenaline"},{"not_picked":["Riddle With Holes","Underhanded Strike"],"picked":"Noxious Fumes"},{"not_picked":["Dodge and Roll","Eviscerate"],"picked":"Prepared"},{"not_picked":["Bane","Dodge and Roll"],"picked":"Deflect"},{"not_picked":["Adrenaline","Tools of the Trade"],"picked":"A Thousand Cuts"}],"player_experience":183903,"potions_floor_usage":[7,16,16],"damage_taken":[{"damage":1,"enemies":"Small Slimes","floor":1,"turns":5},{"damage":17,"enemies":"Jaw Worm","floor":3,"turns":5},{"damage":6,"enemies":"Cultist","floor":4,"turns":4},{"damage":0,"enemies":"Large Slime","floor":7,"turns":3},{"damage":11,"enemies":"Looter","floor":8,"turns":3},{"damage":0,"enemies":"Red Slaver","floor":14,"turns":4},{"damage":55,"enemies":"Hexaghost","floor":16,"turns":16}],"event_choices":[{"event_name":"Golden Wing","player_choice":"Card Removal","floor":2,"damage_taken":0},{"event_name":"Dead Adventurer","player_choice":"Searched \u00271\u0027 times","floor":11,"damage_taken":0},{"event_name":"World of Goop","player_choice":"Gather Gold","floor":12,"damage_taken":0}],"boss_relics":[{"not_picked":["Velvet Choker","White Beast Statue"],"picked":"Pandora\u0027s Box"}],"potions_floor_spawned":[4,7,14,16],"seed_played":"-6618577181640802148","ascension_level":2,"is_trial":false}