{"path_per_floor":["M","M","$","M","$","R","E","M","T","R","E","?","?","M","R","B",null,"M","M","$","M","M","R","E","R","T","$","?","M","T","M","R","B",null,"M","?","M","$","?"],"character_chosen":"THE_SILENT","items_purchased":["Backflip","War Paint","After Image","Bronze Scales"],"gold_per_floor":[117,132,57,74,27,27,55,69,123,123,150,150,150,169,169,265,265,280,294,138,150,168,168,228,228,277,29,29,42,42,59,59,157,157,168,168,178,25,25],"floor_reached":40,"campfire_rested":3,"playtime":2433,"current_hp_per_floor":[69,64,64,59,59,59,49,49,49,70,52,52,52,63,63,21,70,65,48,48,37,29,50,32,32,32,32,32,38,38,19,40,39,70,29,29,20,20,20],"items_purged":["Strike_G","Strike_G"],"gold":25,"score":458,"play_id":"ef2ecfdf-34ed-4dc5-a3c5-b74a2b7f2cf1","local_time":"20180315173218","is_prod":false,"is_daily":false,"is_ascension_mode":true,"campfire_upgraded":3,"timestamp":1521153138,"path_taken":["M","M","$","M","$","R","E","?","T","R","E","?","?","M","R","BOSS","M","?","$","M","M","R","E","R","T","$","?","M","?","M","R","BOSS","M","?","M","$","?","E"],"build_version":"2018-03-09","purchased_purges":2,"victory":false,"master_deck":["Defend_G","Defend_G","Defend_G","Defend_G+1","Defend_G","Survivor","Neutralize+1","Dagger Throw","Calculated Gamble+1","Footwork","Backflip","Noxious Fumes","Caltrops+1","PiercingWail","Deflect","Tools of the Trade","Backflip","Acrobatics+1","Deflect","Malaise","Reflex+1","After Image","A Thousand Cuts","A Thousand Cuts","Bullet Time","Decay"],"max_hp_per_floor":[70,70,70,70,70,70,70,70,70,70,70,70,70,70,70,70,70,70,70,70,70,70,70,70,70,70,70,70,70,70,70,70,70,70,70,70,70,70,70],"relics":["Ring of the Snake","Sundial","Art of War","Torii","Black Star","War Paint","Juzu Bracelet","Tiny Chest","Pen Nib","Peace Pipe","Lizard Tail","Bronze Scales"],"card_choices":[{"not_picked":["Poisoned Stab","Bane"],"picked":"Dagger Throw"},{"not_picked":["Finisher","Deadly Poison"],"picked":"Calculated Gamble"},{"not_picked":["Noxious Fumes","Dagger Spray"],"picked":"Footwork"},{"not_picked":["A Thousand Cuts","Bane"],"picked":"Noxious Fumes"},{"not_picked":["Bane","Escape Plan"],"picked":"Caltrops"},{"not_picked":["Backstab","Poisoned Stab"],"picked":"PiercingWail"},{"not_picked":["Flying Knee","PiercingWail"],"picked":"Deflect"},{"not_picked":["Storm of Steel","Corpse Explosion"],"picked":"Tools of the Trade"},{"not_picked":["Deflect","All Out Attack"],"picked":"Backflip"},{"not_picked":["Underhanded Strike","Dodge and Roll"],"picked":"Acrobatics"},{"not_picked":["Flying Knee","Distraction"],"picked":"Deflect"},{"not_picked":["Predator","Dagger Throw"],"picked":"Malaise"},{"not_picked":["Expertise","Skewer"],"picked":"Reflex"},{"not_picked":["Footwork","Accuracy"],"picked":"A Thousand Cuts"},{"not_picked":["Wraith Form","Die Die Die"],"picked":"A Thousand Cuts"}],"player_experience":186674,"potions_floor_usage":[7,8,11,11,14,24,29,29,33,40],"damage_taken":[{"damage":1,"enemies":"Cultist","floor":1,"turns":4},{"damage":5,"enemies":"Small Slimes","floor":2,"turns":3},{"damage":5,"enemies":"Jaw Worm","floor":4,"turns":4},{"damage":10,"enemies":"Lagavulin","floor":7,"turns":8},{"damage":0,"enemies":"Exordium Thugs","floor":8,"turns":4},{"damage":18,"enemies":"Gremlin Nob","floor":11,"turns":4},{"damage":1,"enemies":"3 Louse","floor":14,"turns":4},{"damage":42,"enemies":"Slime Boss","floor":16,"turns":14},{"damage":5,"enemies":"3 Byrds","floor":18,"turns":3},{"damage":17,"enemies":"Spheric Guardian","floor":19,"turns":8},{"damage":11,"enemies":"Snake Plant","floor":21,"turns":6},{"damage":8,"enemies":"Snecko","floor":22,"turns":9},{"damage":18,"enemies":"Slavers","floor":24,"turns":7},{"damage":9,"enemies":"Centurion and Healer","floor":29,"turns":13},{"damage":19,"enemies":"Slaver and Parasite","floor":31,"turns":8},{"damage":1,"enemies":"Collector","floor":33,"turns":12},{"damage":41,"enemies":"3 Darklings","floor":35,"turns":6},{"damage":9,"enemies":"Orb Walker","floor":37,"turns":8},{"damage":105,"enemies":"2 Orb Walkers","floor":40,"turns":7}],"event_choices":[{"event_name":"Purifier","player_choice":"One Purge","floor":12,"damage_taken":0},{"event_name":"Bonfire Elementals","player_choice":"BASIC","floor":13,"damage_taken":0},{"event_name":"The Lab","player_choice":"Got Potions","floor":28,"damage_taken":0},{"event_name":"Transmorgrifier","player_choice":"Transform","floor":36,"damage_taken":0},{"event_name":"Wheel of Change","player_choice":"Curse","floor":39,"damage_taken":0}],"boss_relics":[{"not_picked":["Tiny House","Runic Pyramid"],"picked":"Black Star"},{"not_picked":["The Specimen","Calling Bell"],"picked":"Lizard Tail"}],"potions_floor_spawned":[2,7,8,19,21,24,31,35,37],"seed_played":"-6167272689334758914","killed_by":"2 Orb Walkers","ascension_level":2,"is_trial":false}