{"path_per_floor":["M","M","$","M","M","R","E","R","T","M","?","$","M","M","R","B",null,"M","$","?","M","$","M","M"],"character_chosen":"THE_SILENT","items_purchased":["Footwork","Caltrops","Backflip"],"gold_per_floor":[109,119,42,62,73,73,100,100,100,111,111,33,44,57,57,153,153,163,43,43,30,30,41,58],"floor_reached":25,"campfire_rested":1,"playtime":819,"current_hp_per_floor":[70,70,70,70,70,70,46,67,67,67,72,72,69,66,66,37,75,68,68,68,49,49,43,20],"items_purged":["Strike_G"],"gold":58,"score":228,"play_id":"c1d1ae2b-1775-4952-9d70-a89783090fa7","local_time":"20180315233232","is_prod":false,"is_daily":false,"is_ascension_mode":true,"campfire_upgraded":2,"timestamp":1521174752,"path_taken":["M","M","$","M","M","R","E","R","T","M","?","$","M","M","R","BOSS","M","$","?","M","$","M","M","E"],"build_version":"2018-03-15","purchased_purges":1,"victory":false,"master_deck":["Defend_G","Defend_G","Defend_G","Defend_G","Defend_G","Strike_G","Strike_G","Strike_G","Strike_G","Survivor","Neutralize+1","Die Die Die","Flying Knee","Backflip","Footwork","Deflect","Noxious Fumes","Glass Knife+1","Malaise","Caltrops","Deflect","Flying Knee","After Image","Skewer","Backflip","Acrobatics","Dagger Throw+1"],"max_hp_per_floor":[70,70,70,70,70,70,70,70,70,70,75,75,75,75,75,75,75,75,75,75,75,75,75,75],"relics":["Ring of the Snake","Ginger","Du-Vu Doll","White Beast Statue"],"card_choices":[{"not_picked":["Prepared","Backflip"],"picked":"Flying Knee"},{"not_picked":["Flying Knee","Deflect"],"picked":"Backflip"},{"not_picked":["Prepared","Acrobatics"],"picked":"Deflect"},{"not_picked":["Underhanded Strike","Concentrate"],"picked":"Noxious Fumes"},{"not_picked":["Burst","Accuracy"],"picked":"Glass Knife"},{"not_picked":["Acrobatics","Deflect"],"picked":"Malaise"},{"not_picked":["Predator","Quick Slash"],"picked":"Deflect"},{"not_picked":["Eviscerate","PiercingWail"],"picked":"Flying Knee"},{"not_picked":["Storm of Steel","Bullet Time"],"picked":"After Image"},{"not_picked":["Endless Agony","Flechettes"],"picked":"Skewer"},{"not_picked":["Prepared","Blade Dance"],"picked":"Acrobatics"},{"not_picked":["PiercingWail","Sucker Punch"],"picked":"Dagger Throw"}],"player_experience":190776,"potions_floor_usage":[7,14,23,23,24,25,25],"damage_taken":[{"damage":0,"enemies":"Small Slimes","floor":1,"turns":2},{"damage":0,"enemies":"Cultist","floor":2,"turns":4},{"damage":0,"enemies":"2 Louse","floor":4,"turns":1},{"damage":0,"enemies":"2 Fungi Beasts","floor":5,"turns":3},{"damage":24,"enemies":"Gremlin Nob","floor":7,"turns":7},{"damage":0,"enemies":"3 Louse","floor":10,"turns":1},{"damage":3,"enemies":"Exordium Thugs","floor":13,"turns":5},{"damage":3,"enemies":"Lots of Slimes","floor":14,"turns":3},{"damage":29,"enemies":"Slime Boss","floor":16,"turns":11},{"damage":7,"enemies":"Spheric Guardian","floor":18,"turns":7},{"damage":19,"enemies":"2 Thieves","floor":21,"turns":5},{"damage":21,"enemies":"Slaver and Parasite","floor":23,"turns":9},{"damage":23,"enemies":"Snecko","floor":24,"turns":6},{"damage":30,"enemies":"Slavers","floor":25,"turns":1}],"event_choices":[{"event_name":"Big Fish","player_choice":"Donut","floor":11,"damage_taken":0},{"event_name":"Addict","player_choice":"Ignored","floor":20,"damage_taken":0}],"boss_relics":[{"not_picked":["Runic Dome","Snecko Eye"],"picked":"White Beast Statue"}],"potions_floor_spawned":[5,7,16,18,21,23,24],"seed_played":"8365029297925710708","killed_by":"Slavers","ascension_level":2,"is_trial":false}