{"path_per_floor":["M","M","$","?","M","R","M","E","T","$","?","M","R","M","R","B",null,"M","?","?","M","M","R","?","M","T","$"],"character_chosen":"THE_SILENT","items_purchased":["Envenom","Pear"],"gold_per_floor":[111,123,45,45,60,60,71,97,122,47,47,67,67,87,87,183,183,201,201,201,211,223,223,223,242,268,27],"floor_reached":28,"campfire_rested":2,"playtime":1000,"current_hp_per_floor":[63,62,62,48,48,48,41,16,16,16,13,9,30,24,45,38,70,47,47,47,38,35,35,35,13,20,30],"items_purged":["Strike_G"],"gold":27,"score":268,"play_id":"82ffc336-0a2b-46a1-90bf-f35bfd27bf5d","local_time":"20180314230257","is_prod":false,"is_daily":false,"is_ascension_mode":true,"campfire_upgraded":2,"timestamp":1521086577,"path_taken":["M","M","$","?","M","R","M","E","T","?","?","M","R","M","R","BOSS","M","?","?","M","M","R","?","M","T","$","E"],"build_version":"2018-03-09","purchased_purges":1,"victory":false,"master_deck":["Defend_G","Defend_G","Defend_G","Defend_G+1","Defend_G","Survivor","Neutralize+1","Phantasmal Killer","Calculated Gamble","Underhanded Strike","Envenom+1","Venomology","Sucker Punch","Reflex","Dagger Throw","Dagger Spray","Envenom+1","Caltrops","Bite","Bite","Bite","Bite","Bite","Blade Dance","Blur+1","Dagger Spray"],"max_hp_per_floor":[70,70,70,70,70,70,70,70,70,70,70,70,70,70,70,70,70,70,70,49,49,49,49,49,49,56,66],"relics":["Ring of the Snake","Snake Skull","Happy Flower","Question Card","Strawberry","Pear"],"card_choices":[{"not_picked":["PiercingWail","Backflip"],"picked":"Calculated Gamble"},{"not_picked":["Dagger Throw","Predator"],"picked":"Underhanded Strike"},{"not_picked":["Setup","Choke"],"picked":"Venomology"},{"not_picked":["Riddle With Holes","Bane"],"picked":"Sucker Punch"},{"not_picked":["Dagger Throw","Slice"],"picked":"Reflex"},{"not_picked":["Bane","Poisoned Stab"],"picked":"Dagger Throw"},{"not_picked":["Deadly Poison","Flying Knee"],"picked":"Dagger Spray"},{"not_picked":["Phantasmal Killer","Doppelganger"],"picked":"Envenom"},{"not_picked":["Expertise","Heel Hook","Quick Slash"],"picked":"Caltrops"},{"not_picked":["Bane","Deflect","Concentrate"],"picked":"Blade Dance"},{"not_picked":["Endless Agony","Cloak And Dagger","Predator"],"picked":"Blur"},{"not_picked":["All Out Attack","Quick Slash","Bouncing Flask"],"picked":"Dagger Spray"}],"player_experience":182903,"potions_floor_usage":[7,8,8,8,12,14,16,18,18,21,25,28,28,28],"damage_taken":[{"damage":7,"enemies":"Jaw Worm","floor":1,"turns":5},{"damage":1,"enemies":"2 Louse","floor":2,"turns":3},{"damage":0,"enemies":"Cultist","floor":5,"turns":4},{"damage":22,"enemies":"Large Slime","floor":7,"turns":13},{"damage":25,"enemies":"Gremlin Nob","floor":8,"turns":5},{"damage":4,"enemies":"Exordium Thugs","floor":12,"turns":5},{"damage":6,"enemies":"Gremlin Gang","floor":14,"turns":5},{"damage":7,"enemies":"Slime Boss","floor":16,"turns":8},{"damage":23,"enemies":"Spheric Guardian","floor":18,"turns":6},{"damage":15,"enemies":"3 Byrds","floor":21,"turns":4},{"damage":13,"enemies":"Cultist and Chosen","floor":22,"turns":6},{"damage":28,"enemies":"3 Cultists","floor":25,"turns":5},{"damage":34,"enemies":"Gremlin Leader","floor":28,"turns":2}],"event_choices":[{"event_name":"Shining Light","player_choice":"Entered Light","floor":4,"damage_taken":0},{"event_name":"Scrap Ooze","player_choice":"unsuccessful","floor":11,"damage_taken":3},{"event_name":"Upgrade Shrine","player_choice":"Upgraded","floor":19,"damage_taken":0},{"event_name":"Vampires","player_choice":"Became a vampire","floor":20,"damage_taken":0},{"event_name":"Drug Dealer","player_choice":"Ignored","floor":24,"damage_taken":0}],"boss_relics":[{"not_picked":["Calling Bell","Velvet Choker"],"picked":"Question Card"}],"potions_floor_spawned":[1,5,7,21,25],"seed_played":"634934064117319692","killed_by":"Gremlin Leader","ascension_level":2,"is_trial":false}