{"path_per_floor":["M","$","M","$","M","R","E","?","T","?","T","E","$","?","R","B",null,"M","M","?","$","?","R","M","R","T","R","?","T","M","$","R","B",null,"M","M","?","T","$","R","M","M","T","R","$","R","$","M","R","B"],"character_chosen":"THE_SILENT","items_purchased":["Malaise","Prepared","Caltrops","Tough Bandages","Escape Plan","Snake Skull","Noxious Fumes"],"gold_per_floor":[113,35,49,23,43,43,69,19,44,101,186,213,143,143,143,247,247,260,276,276,35,35,35,47,47,47,47,47,47,65,65,65,169,169,183,202,202,202,167,167,180,198,198,198,84,84,52,68,68,68],"floor_reached":51,"campfire_rested":4,"playtime":2632,"current_hp_per_floor":[70,70,70,70,70,70,58,58,58,47,47,32,32,32,53,13,70,58,34,39,39,39,39,36,57,57,57,49,49,50,50,73,65,74,76,70,60,60,60,60,62,64,64,64,64,64,64,50,76,64],"items_purged":[],"gold":68,"score":679,"play_id":"c3bdae29-f07c-4e0f-a1db-97855f7a8bb3","local_time":"20180314123329","is_prod":false,"is_daily":false,"is_ascension_mode":true,"campfire_upgraded":6,"timestamp":1521048809,"path_taken":["M","$","M","$","M","R","E","?","T","?","?","E","?","?","R","BOSS","M","M","?","$","?","R","M","R","T","R","?","?","?","$","R","BOSS","M","M","?","?","$","R","M","M","T","R","$","R","$","M","R","BOSS"],"build_version":"2018-03-09","purchased_purges":2,"victory":true,"master_deck":["Survivor","Neutralize+1","Malaise+1","Dagger Throw+1","Prepared+1","Dagger Spray+1","Prepared+1","Dagger Throw+1","Caltrops+1","Tactician+1","Envenom+1","Noxious Fumes+1","Backstab+1","Reflex+1","Good Instincts+1","Underhanded Strike+1","Storm of Steel+1","Deflect+1","PiercingWail+1","Backflip+1","Blur+1","Leg Sweep+1","Backflip+1","Madness+1","Madness+1","Escape Plan+1","Noxious Fumes","Calculated Gamble+1"],"max_hp_per_floor":[70,70,70,70,70,70,70,70,70,70,70,70,70,70,70,70,70,70,70,70,70,70,70,70,70,70,70,70,70,72,72,74,74,74,76,76,76,76,76,76,78,80,80,80,80,80,80,80,82,82],"relics":["Ring of the Snake","Toxic Egg 2","Art of War","Dream Catcher","Tiny Chest","Toolbox","Astrolabe","Tough Bandages","Singing Bowl","Omamori","Pandora\u0027s Box","Dead Branch","The Courier","Snake Skull"],"card_choices":[{"not_picked":["Outmaneuver","Distraction"],"picked":"Prepared"},{"not_picked":["PiercingWail","Infinite Blades"],"picked":"Dagger Throw"},{"not_picked":["Well Laid Plans","Dodge and Roll"],"picked":"Dagger Spray"},{"not_picked":["Accuracy","Dagger Throw"],"picked":"Prepared"},{"not_picked":["Blade Dance","Burst"],"picked":"Dagger Throw"},{"not_picked":["Storm of Steel","Wraith Form"],"picked":"Tactician"},{"not_picked":["Slice","Crippling Poison"],"picked":"Reflex"},{"not_picked":["PiercingWail","Sucker Punch"],"picked":"Underhanded Strike"},{"not_picked":["Night Terror","A Thousand Cuts"],"picked":"Storm of Steel"},{"not_picked":["Flying Knee","Deflect"],"picked":"Backflip"},{"not_picked":["Outmaneuver","Poisoned Stab"],"picked":"Calculated Gamble"}],"player_experience":176278,"potions_floor_usage":[24,33,36,50,50],"damage_taken":[{"damage":0.0,"enemies":"Small Slimes","floor":1.0,"turns":3.0},{"damage":0.0,"enemies":"2 Louse","floor":3.0,"turns":3.0},{"damage":0.0,"enemies":"Cultist","floor":5.0,"turns":5.0},{"damage":12.0,"enemies":"3 Sentries","floor":7.0,"turns":5.0},{"damage":11.0,"enemies":"3 Sentries","floor":10.0,"turns":9.0},{"damage":27.0,"enemies":"Gremlin Nob","floor":12.0,"turns":6.0},{"damage":55.0,"enemies":"Slime Boss","floor":16.0,"turns":18.0},{"damage":12,"enemies":"Spheric Guardian","floor":18,"turns":7},{"damage":24,"enemies":"Chosen","floor":19,"turns":5},{"damage":3,"enemies":"Centurion and Healer","floor":24,"turns":7},{"damage":1,"enemies":"Slaver and Parasite","floor":30,"turns":4},{"damage":8,"enemies":"Automaton","floor":33,"turns":12},{"damage":0,"enemies":"Orb Walker","floor":35,"turns":4},{"damage":6,"enemies":"3 Shapes","floor":36,"turns":5},{"damage":0,"enemies":"Maw","floor":41,"turns":7},{"damage":0,"enemies":"4 Shapes","floor":42,"turns":5},{"damage":14,"enemies":"3 Darklings","floor":48,"turns":4},{"damage":18,"enemies":"Awakened One","floor":50,"turns":13}],"event_choices":[{"event_name":"The Cleric","player_choice":"Card Removal","floor":8.0,"damage_taken":0.0},{"event_name":"Dead Adventurer","player_choice":"Searched \u00271\u0027 times","floor":10.0,"damage_taken":0.0},{"event_name":"Accursed Blacksmith","player_choice":"Forge","floor":14.0,"damage_taken":0.0},{"event_name":"Bonfire Elementals","player_choice":"COMMON","floor":20,"damage_taken":0},{"event_name":"Match and Keep!","player_choice":"1 cards matched","floor":22,"damage_taken":0},{"event_name":"Knowing Skull","player_choice":"","floor":28,"damage_taken":0},{"event_name":"Winding Halls","player_choice":"Embrace Madness","floor":37,"damage_taken":0}],"boss_relics":[{"not_picked":["Ectoplasm","The Specimen"],"picked":"Astrolabe"},{"not_picked":["Runic Dome","Runic Pyramid"],"picked":"Pandora\u0027s Box"}],"potions_floor_spawned":[3,10,10,12,16,24,30,33,35,41,48],"seed_played":"1992998518965691696","ascension_level":1,"is_trial":false}