{"path_per_floor":["M","$","M","$","?","E","R","E","T","R","E","R","E","M","R","B",null,"M","$","M","?","$","E","R","E","T","$","R","M","M"],"character_chosen":"THE_SILENT","items_purchased":["Footwork","Noxious Fumes","Noxious Fumes"],"gold_per_floor":[112,32,47,47,47,76,76,104,104,104,137,137,167,179,179,278,278,291,144,155,80,1,34,34,60,60,60,60,77,92,92],"floor_reached":31,"campfire_rested":4,"playtime":1320,"current_hp_per_floor":[70,70,70,70,70,70,70,57,57,57,37,58,50,48,69,39,70,70,70,70,70,70,24,45,16,16,16,37,28,2,0],"items_purged":["Strike_G"],"gold":92,"score":356,"play_id":"bffe0071-ea93-42dc-897a-f6b5d5ff801e","local_time":"20180401014802","is_prod":false,"is_daily":false,"is_ascension_mode":true,"campfire_upgraded":2,"timestamp":1522565282,"path_taken":["M","$","M","$","?","E","R","E","T","R","E","R","E","M","R","BOSS","M","$","?","?","$","E","R","E","T","$","R","M","?","?"],"build_version":"2018-03-29v2","purchased_purges":1,"victory":false,"master_deck":["Defend_G","Defend_G","Defend_G","Defend_G","Defend_G","Strike_G+1","Strike_G+1","Survivor","Neutralize+1","Dagger Spray+1","Footwork","Flying Knee","Well Laid Plans","Leg Sweep","Prepared","PiercingWail","Terror","After Image","Backstab","After Image","Caltrops","Caltrops","Noxious Fumes","Noxious Fumes","PiercingWail","Noxious Fumes","Cloak And Dagger","Footwork","Cloak And Dagger","Dagger Spray"],"max_hp_per_floor":[70,70,70,70,70,70,70,70,70,70,70,70,70,70,70,70,70,70,70,70,70,70,70,70,70,70,70,70,70,70,70],"relics":["Ring of the Snake","NeowsBlessing","Bottled Flame","Question Card","Du-Vu Doll","Whetstone","Bottled Lightning","Orrery","Sundial","Shuriken","Kunai"],"card_choices":[{"not_picked":["Bane","Predator"],"picked":"Dagger Spray","floor":1},{"not_picked":["Flechettes","Dagger Throw"],"picked":"Flying Knee","floor":3},{"not_picked":["Outmaneuver","Sucker Punch"],"picked":"Well Laid Plans","floor":6},{"not_picked":["Backstab","Underhanded Strike"],"picked":"Leg Sweep","floor":8},{"not_picked":["Underhanded Strike","Quick Slash","Accuracy"],"picked":"Prepared","floor":11},{"not_picked":["Acrobatics","Poisoned Stab","Flechettes"],"picked":"PiercingWail","floor":13},{"not_picked":["Cloak And Dagger","Poisoned Stab","Accuracy"],"picked":"Terror","floor":14},{"not_picked":["Tools of the Trade","Tactician","Storm of Steel"],"picked":"After Image","floor":16},{"not_picked":["Dagger Spray","Acrobatics","Expertise"],"picked":"Backstab","floor":17},{"not_picked":["Flechettes","Flying Knee","Underhanded Strike"],"picked":"After Image","floor":17},{"not_picked":["Underhanded Strike","Dash","Poisoned Stab"],"picked":"Caltrops","floor":17},{"not_picked":["Poisoned Stab","Flying Knee","Finisher"],"picked":"Caltrops","floor":17},{"not_picked":["Dagger Throw","Bane","Poisoned Stab"],"picked":"Noxious Fumes","floor":17},{"not_picked":["Catalyst","Wraith Form","Cloak And Dagger"],"picked":"PiercingWail","floor":20},{"not_picked":["Prepared","Reflex","All Out Attack"],"picked":"Cloak And Dagger","floor":23},{"not_picked":["Calculated Gamble","Reflex","Accuracy"],"picked":"Footwork","floor":25},{"not_picked":["Bane","Quick Slash","Slice"],"picked":"Cloak And Dagger","floor":29},{"not_picked":["Cloak And Dagger","Expertise","Poisoned Stab"],"picked":"Dagger Spray","floor":30}],"player_experience":221918,"potions_floor_usage":[8,16,18,18,31],"damage_taken":[{"damage":0,"enemies":"Cultist","floor":1,"turns":1},{"damage":0,"enemies":"Small Slimes","floor":3,"turns":1},{"damage":0,"enemies":"Gremlin Nob","floor":6,"turns":1},{"damage":13,"enemies":"Lagavulin","floor":8,"turns":9},{"damage":20,"enemies":"Gremlin Nob","floor":11,"turns":5},{"damage":8,"enemies":"3 Sentries","floor":13,"turns":7},{"damage":2,"enemies":"Jaw Worm","floor":14,"turns":3},{"damage":30,"enemies":"Hexaghost","floor":16,"turns":14},{"damage":0,"enemies":"Chosen","floor":18,"turns":6},{"damage":0,"enemies":"Shell Parasite","floor":20,"turns":6},{"damage":46,"enemies":"Book of Stabbing","floor":23,"turns":7},{"damage":29,"enemies":"Gremlin Leader","floor":25,"turns":8},{"damage":9,"enemies":"Snake Plant","floor":29,"turns":6},{"damage":26,"enemies":"3 Cultists","floor":30,"turns":5},{"damage":6,"enemies":"Sentry and Sphere","floor":31,"turns":2}],"event_choices":[{"event_name":"Bonfire Elementals","player_choice":"BASIC","floor":5,"damage_taken":0},{"event_name":"Beggar","player_choice":"Gave Gold","floor":21,"damage_taken":0}],"boss_relics":[{"not_picked":["Runic Dome","Pandora\u0027s Box"],"picked":"Orrery"}],"potions_floor_spawned":[3,13,14,16,23,30],"seed_played":"-2134483615064436984","killed_by":"Sentry and Sphere","ascension_level":2,"is_trial":false}