{"path_per_floor":["M","M","$","?","?","R","M","R","T","$","?","M","?","M","R","B",null,"M","?","?","?","M","R","M","$","T","?","M","$","M","M","R"],"character_chosen":"THE_SILENT","items_purchased":["Caltrops","Bag of Preparation"],"gold_per_floor":[113,128,51,51,126,126,143,143,143,143,143,160,190,202,202,299,299,239,239,239,239,239,239,239,9,9,9,9,9,9,9,9,9],"floor_reached":33,"campfire_rested":2,"playtime":894,"current_hp_per_floor":[69,69,69,62,51,51,51,51,51,51,37,35,35,31,52,30,70,35,58,49,49,49,49,45,45,45,45,43,43,36,12,26,0],"items_purged":["Flying Knee"],"gold":9,"score":287,"play_id":"7af84fe2-c3cc-4cb7-9871-50bcb1984536","local_time":"20180326235718","is_prod":false,"is_daily":false,"is_ascension_mode":true,"campfire_upgraded":3,"timestamp":1522126638,"path_taken":["M","M","$","?","?","R","M","R","T","$","?","?","?","?","R","BOSS","M","?","?","?","M","R","M","$","T","?","?","$","M","M","R","BOSS"],"build_version":"2018-03-22v2","purchased_purges":1,"victory":false,"master_deck":["Defend_G+1","Defend_G","Defend_G","Defend_G","Defend_G","Survivor","Neutralize+1","Sucker Punch+1","Noxious Fumes","Caltrops+1","Dagger Spray+1","Prepared","Envenom","Bite","Bite+1","Bite","Bite","Bite","Dagger Spray+1","Dagger Throw+1","Expertise","Footwork+1"],"max_hp_per_floor":[70,70,70,70,70,70,70,70,70,70,70,70,70,70,70,70,70,70,70,49,49,49,49,49,49,49,49,49,49,49,49,49,49],"relics":["Ring of the Snake","Tingsha","Ectoplasm","Bag of Preparation","Whetstone"],"card_choices":[{"not_picked":["Endless Agony","PiercingWail"],"picked":"Sucker Punch","floor":1},{"not_picked":["Underhanded Strike","Deadly Poison"],"picked":"Noxious Fumes","floor":2},{"not_picked":["Bouncing Flask","Deadly Poison"],"picked":"Dagger Spray","floor":7},{"not_picked":["All Out Attack","Poisoned Stab"],"picked":"Prepared","floor":12},{"not_picked":["Deflect","Riddle With Holes"],"picked":"Flying Knee","floor":14},{"not_picked":["A Thousand Cuts","Burst"],"picked":"Envenom","floor":16},{"not_picked":["Poisoned Stab","Blur"],"picked":"Dagger Spray","floor":22},{"not_picked":["Dodge and Roll","Deflect"],"picked":"Dagger Throw","floor":24},{"not_picked":["Escape Plan","Slice"],"picked":"Expertise","floor":28},{"not_picked":["Slice","Deflect"],"picked":"Footwork","floor":31}],"player_experience":211996,"potions_floor_usage":[16,24,33],"damage_taken":[{"damage":1,"enemies":"Small Slimes","floor":1,"turns":4},{"damage":0,"enemies":"Jaw Worm","floor":2,"turns":5},{"damage":0,"enemies":"2 Louse","floor":7,"turns":4},{"damage":2,"enemies":"Blue Slaver","floor":12,"turns":4},{"damage":4,"enemies":"2 Fungi Beasts","floor":14,"turns":2},{"damage":22,"enemies":"Slime Boss","floor":16,"turns":8},{"damage":35,"enemies":"2 Thieves","floor":18,"turns":4},{"damage":10,"enemies":"Shell Parasite","floor":22,"turns":5},{"damage":12,"enemies":"Centurion and Healer","floor":24,"turns":4},{"damage":10,"enemies":"Snecko","floor":28,"turns":4},{"damage":14,"enemies":"Snake Plant","floor":30,"turns":5},{"damage":36,"enemies":"Centurion and Healer","floor":31,"turns":5},{"damage":45,"enemies":"Collector","floor":33,"turns":5}],"event_choices":[{"event_name":"Golden Wing","player_choice":"Card Removal","floor":4,"damage_taken":0},{"event_name":"World of Goop","player_choice":"Gather Gold","floor":5,"damage_taken":0},{"event_name":"Shining Light","player_choice":"Entered Light","floor":11,"damage_taken":0},{"event_name":"Dead Adventurer","player_choice":"Searched \u00271\u0027 times","floor":13,"damage_taken":0},{"event_name":"The Library","player_choice":"Heal","floor":19,"damage_taken":0},{"event_name":"Vampires","player_choice":"Became a vampire","floor":20,"damage_taken":0},{"event_name":"Drug Dealer","player_choice":"Ignored","floor":21,"damage_taken":0},{"event_name":"Beggar","player_choice":"Ignored","floor":27,"damage_taken":0}],"boss_relics":[{"not_picked":["Runic Dome","Velvet Choker"],"picked":"Ectoplasm"}],"potions_floor_spawned":[12,14,16,24,30],"seed_played":"5097591035484710464","killed_by":"Collector","ascension_level":2,"is_trial":false}