{"path_per_floor":["M","M","?","M","M","E","R","$","T","R","?","M","?","M","R","B",null,"M","M","M","M","?","R","$","R","T","E","M","$","M","M","R"],"character_chosen":"THE_SILENT","items_purchased":["Juzu Bracelet","Bandage Up"],"gold_per_floor":[111,131,131,142,162,188,188,43,43,43,73,86,86,96,96,200,200,217,235,255,270,270,270,96,96,123,150,166,66,81,98,98,98],"floor_reached":33,"campfire_rested":3,"playtime":1385,"current_hp_per_floor":[70,70,70,70,68,42,63,63,63,63,63,63,63,61,61,43,70,52,51,33,23,23,52,52,60,60,42,26,26,23,1,32,0],"items_purged":["Regret","Pain"],"gold":98,"score":298,"play_id":"ed8621c2-7c61-407d-9fc2-eb6e7679eeeb","local_time":"20180329142638","is_prod":false,"is_daily":false,"is_ascension_mode":true,"campfire_upgraded":3,"timestamp":1522351598,"path_taken":["M","M","?","M","?","E","R","$","T","R","?","M","?","M","R","BOSS","M","M","M","M","?","R","$","R","T","E","M","?","M","M","R","BOSS"],"build_version":"2018-03-22v2","purchased_purges":3,"victory":false,"master_deck":["Defend_G","Defend_G","Defend_G","Defend_G","Defend_G+1","Strike_G","Strike_G","Strike_G","Strike_G","Strike_G","Survivor","Neutralize+1","Riddle With Holes","Acrobatics","Sucker Punch+1","Dagger Spray","Deflect","Terror","Envenom","Acrobatics","Blade Dance","Deflect","Footwork","Bandage Up+1","Footwork+1","Slice","Backflip","Dagger Spray","Deflect+1"],"max_hp_per_floor":[70,70,70,70,70,70,70,70,70,70,70,70,70,70,70,70,70,70,70,70,70,70,70,70,70,70,70,70,70,70,70,70,70],"relics":["Cursed Key","Sundial","Juzu Bracelet","Paper Crane","Eternal Feather","Prayer Wheel","Dream Catcher"],"card_choices":[{"not_picked":["Underhanded Strike","Distraction"],"picked":"Riddle With Holes","floor":1.0},{"not_picked":["Backstab","Endless Agony"],"picked":"Acrobatics","floor":2.0},{"not_picked":["Riddle With Holes","Bane"],"picked":"Sucker Punch","floor":5.0},{"not_picked":["Predator","Concentrate"],"picked":"Dagger Spray","floor":6.0},{"not_picked":["Acrobatics","Predator"],"picked":"Deflect","floor":12},{"not_picked":["Riddle With Holes","Deflect"],"picked":"Terror","floor":14},{"not_picked":["Bullet Time","Burst"],"picked":"Envenom","floor":16},{"not_picked":["Setup","Riddle With Holes"],"picked":"Acrobatics","floor":18},{"not_picked":["All Out Attack","Bane"],"picked":"Blade Dance","floor":19},{"not_picked":["Eviscerate","Dodge and Roll"],"picked":"Deflect","floor":20},{"not_picked":["Flying Knee","Quick Slash"],"picked":"Footwork","floor":21},{"not_picked":["Noxious Fumes","Deflect"],"picked":"Footwork","floor":27},{"not_picked":["Riddle With Holes","Well Laid Plans"],"picked":"Slice","floor":28},{"not_picked":["Poisoned Stab","Accuracy"],"picked":"Backflip","floor":30},{"not_picked":["Die Die Die","Outmaneuver"],"picked":"Dagger Spray","floor":31},{"not_picked":["Escape Plan","Sucker Punch"],"picked":"Deflect","floor":32}],"player_experience":217696,"potions_floor_usage":[12,27,30,30],"damage_taken":[{"damage":0.0,"enemies":"2 Louse","floor":1.0,"turns":3.0},{"damage":0.0,"enemies":"Small Slimes","floor":2.0,"turns":3.0},{"damage":0.0,"enemies":"Cultist","floor":4.0,"turns":3.0},{"damage":2.0,"enemies":"Looter","floor":5.0,"turns":4.0},{"damage":26.0,"enemies":"Lagavulin","floor":6.0,"turns":8.0},{"damage":0,"enemies":"2 Fungi Beasts","floor":12,"turns":2},{"damage":2,"enemies":"Exordium Thugs","floor":14,"turns":4},{"damage":18,"enemies":"Hexaghost","floor":16,"turns":10},{"damage":18,"enemies":"Chosen","floor":18,"turns":7},{"damage":1,"enemies":"3 Byrds","floor":19,"turns":4},{"damage":18,"enemies":"Snake Plant","floor":20,"turns":5},{"damage":10,"enemies":"Snecko","floor":21,"turns":5},{"damage":24,"enemies":"Book of Stabbing","floor":27,"turns":10},{"damage":22,"enemies":"Centurion and Healer","floor":28,"turns":9},{"damage":9,"enemies":"Chosen and Byrds","floor":30,"turns":5},{"damage":28,"enemies":"Cultist and Chosen","floor":31,"turns":10},{"damage":45,"enemies":"Collector","floor":33,"turns":7}],"event_choices":[{"event_name":"Living Wall","player_choice":"Grow","floor":3.0,"damage_taken":0.0},{"event_name":"Dead Adventurer","player_choice":"Searched \u00271\u0027 times","floor":11,"damage_taken":0},{"event_name":"Liars Game","player_choice":"disagreed","floor":13,"damage_taken":0},{"event_name":"Drug Dealer","player_choice":"Ignored","floor":22,"damage_taken":0}],"boss_relics":[{"not_picked":["Runic Dome","Orrery"],"picked":"Eternal Feather"}],"potions_floor_spawned":[4,5,6,14,18,21,28],"seed_played":"-6774459282429710361","killed_by":"Collector","ascension_level":2,"is_trial":false}