{"path_per_floor":["M","M","?","?","?","R","M","M","T","R","$","R","?","M","R","B",null,"M","?","M","M","M","R","E","R","T","$","$","?","M","$","R","B",null,"M","$","M","?","M","M","R","$","T","M","R","M","M","E","R"],"character_chosen":"THE_SILENT","items_purchased":["Adrenaline","Juzu Bracelet","Footwork","Noxious Fumes"],"gold_per_floor":[111,124,124,124,124,124,134,145,172,172,97,97,126,140,140,237,267,252,252,270,284,296,296,323,323,370,197,50,50,70,29,29,128,128,145,107,118,118,134,145,145,20,20,37,37,54,67,94,94,94],"floor_reached":50,"campfire_rested":5,"playtime":1776,"current_hp_per_floor":[70,61,61,47,70,70,66,63,63,63,63,63,44,43,64,53,75,66,50,38,36,29,51,40,62,62,62,62,62,61,61,61,14,75,75,75,75,75,75,64,64,64,64,36,73,67,47,20,57,0],"items_purged":["Strike_G","Strike_G","Strike_G"],"gold":94,"score":582,"play_id":"b45d6679-fa78-45db-ab9a-47e448e3149d","local_time":"20180413001433","is_prod":false,"is_daily":false,"chose_seed":false,"is_ascension_mode":true,"campfire_upgraded":5,"timestamp":1523596473,"path_taken":["M","M","?","?","?","R","M","M","T","R","$","R","?","M","R","BOSS","M","?","M","M","?","R","E","R","T","?","$","?","M","?","R","BOSS","M","$","M","?","M","M","R","$","T","M","R","M","M","E","R","BOSS"],"build_version":"2018-04-12","seed_source_timestamp":2772879941753684,"purchased_purges":3,"victory":false,"master_deck":["Defend_G+1","Defend_G","Defend_G","Defend_G","Defend_G","Strike_G","Strike_G","Survivor","Neutralize+1","Bouncing Flask+1","Flying Knee+1","Poisoned Stab+1","Dagger Throw","Poisoned Stab+1","Backstab","Adrenaline","Bane","Deadly Poison+1","Masterful Stab","Corpse Explosion","Backflip+1","Deadly Poison","Adrenaline","After Image+1","Footwork+1","Footwork","Adrenaline","Calculated Gamble+1","Noxious Fumes","Deadly Poison+1","Prepared+1","Regret","Footwork","Footwork+1","Catalyst"],"max_hp_per_floor":[70,70,70,70,70,70,70,70,70,70,70,70,70,70,70,70,75,75,75,75,75,75,75,75,75,75,75,75,75,75,75,75,75,75,75,75,75,75,75,75,75,75,75,75,75,75,75,75,75,75],"relics":["Ring of the Snake","Bag of Preparation","Odd Mushroom","Tiny House","Enchiridion","Girya","Regal Pillow","Juzu Bracelet","Cursed Key","Torii","Mercury Hourglass"],"card_choices":[{"not_picked":["Prepared","Backflip"],"picked":"Bouncing Flask","floor":1},{"not_picked":["Backflip","Setup"],"picked":"Flying Knee","floor":2},{"not_picked":["Outmaneuver","Blur"],"picked":"Poisoned Stab","floor":7},{"not_picked":["Malaise","Concentrate"],"picked":"Dagger Throw","floor":8},{"not_picked":["Flechettes","Riddle With Holes"],"picked":"Poisoned Stab","floor":13},{"not_picked":["Dodge and Roll","Predator"],"picked":"Backstab","floor":14},{"not_picked":["A Thousand Cuts","Grand Finale"],"picked":"Adrenaline","floor":16},{"not_picked":["Underhanded Strike","Quick Slash"],"picked":"Bane","floor":17},{"not_picked":["Underhanded Strike","PiercingWail"],"picked":"Deadly Poison","floor":18},{"not_picked":["Reflex","Outmaneuver"],"picked":"Masterful Stab","floor":20},{"not_picked":["Riddle With Holes","Prepared"],"picked":"Corpse Explosion","floor":21},{"not_picked":["Outmaneuver","Dodge and Roll"],"picked":"Backflip","floor":22},{"not_picked":["Dash","Quick Slash"],"picked":"Deadly Poison","floor":24},{"not_picked":["Eviscerate","Escape Plan"],"picked":"Footwork","floor":30},{"not_picked":["Envenom","Burst"],"picked":"Adrenaline","floor":33},{"not_picked":["PiercingWail","Cloak And Dagger"],"picked":"Calculated Gamble","floor":35},{"not_picked":["Distraction","Slice"],"picked":"Deadly Poison","floor":37},{"not_picked":["Cloak And Dagger","Bane"],"picked":"Prepared","floor":40},{"not_picked":["Bane","Dodge and Roll"],"picked":"Footwork","floor":44},{"not_picked":["Eviscerate","Outmaneuver"],"picked":"Footwork","floor":46},{"not_picked":["Dash","Outmaneuver"],"picked":"Catalyst","floor":47}],"player_experience":246278,"potions_floor_usage":[20,22,22,24,33,48,50,50],"damage_taken":[{"damage":0,"enemies":"Cultist","floor":1,"turns":3},{"damage":9,"enemies":"Jaw Worm","floor":2,"turns":3},{"damage":4,"enemies":"Small Slimes","floor":7,"turns":3},{"damage":3,"enemies":"Looter","floor":8,"turns":3},{"damage":19,"enemies":"The Mushroom Lair","floor":13,"turns":4},{"damage":1,"enemies":"Large Slime","floor":14,"turns":5},{"damage":11,"enemies":"Slime Boss","floor":16,"turns":9},{"damage":9,"enemies":"2 Thieves","floor":18,"turns":4},{"damage":12,"enemies":"Shell Parasite","floor":20,"turns":3},{"damage":2,"enemies":"Snecko","floor":21,"turns":4},{"damage":13,"enemies":"Sentry and Sphere","floor":22,"turns":5},{"damage":26,"enemies":"Book of Stabbing","floor":24,"turns":5},{"damage":1,"enemies":"Centurion and Healer","floor":30,"turns":4},{"damage":47,"enemies":"Collector","floor":33,"turns":8},{"damage":0,"enemies":"Orb Walker","floor":35,"turns":4},{"damage":0,"enemies":"3 Darklings","floor":37,"turns":5},{"damage":0,"enemies":"Sphere and 2 Shapes","floor":39,"turns":5},{"damage":11,"enemies":"4 Shapes","floor":40,"turns":6},{"damage":28,"enemies":"3 Darklings","floor":44,"turns":5},{"damage":6,"enemies":"Maw","floor":46,"turns":6},{"damage":20,"enemies":"Sphere and 2 Shapes","floor":47,"turns":6},{"damage":27,"enemies":"2 Orb Walkers","floor":48,"turns":5},{"damage":61,"enemies":"Donu and Deca","floor":50,"turns":5}],"event_choices":[{"event_name":"Liars Game","player_choice":"disagreed","floor":3,"damage_taken":0},{"event_name":"Shining Light","player_choice":"Entered Light","floor":4,"damage_taken":0},{"event_name":"Big Fish","player_choice":"Banana","floor":5,"damage_taken":0},{"event_name":"Mushrooms","player_choice":"Fought Mushrooms","floor":13,"damage_taken":0},{"event_name":"Cursed Tome","player_choice":"Obtained Book","floor":19,"damage_taken":0},{"event_name":"The Library","player_choice":"Read","floor":29,"damage_taken":0},{"event_name":"Tomb of Lord Red Mask","player_choice":"Ignored","floor":38,"damage_taken":0}],"boss_relics":[{"not_picked":["Eternal Feather","Lizard Tail"],"picked":"Tiny House"},{"not_picked":["Runic Pyramid","Calling Bell"],"picked":"Cursed Key"}],"potions_floor_spawned":[1,7,16,20,21,30,44,46,48],"seed_played":"4794068065685729757","killed_by":"Donu and Deca","ascension_level":2,"is_trial":false}