{"path_per_floor":["M","M","M","$","?","R","M","M","T","R","M","E","M","M","R","B",null,"M","$","?","M","M","E","R","E","T","$","R","M","M","M","R","B",null,"M","M","$","M","$","R","?","E","T","M","E","?"],"character_chosen":"THE_SILENT","items_purchased":["Footwork","Bottled Tornado","Juzu Bracelet"],"gold_per_floor":[109,123,133,61,61,61,77,94,94,94,105,132,151,164,164,261,261,274,17,17,27,47,74,74,103,103,28,28,46,62,78,78,175,175,191,203,57,73,73,73,0,29,54,73,100,100,100],"floor_reached":47,"campfire_rested":2,"playtime":1669,"current_hp_per_floor":[67,67,58,58,58,58,47,44,44,44,44,44,44,44,65,62,70,59,59,59,59,59,55,55,48,48,48,69,69,55,51,51,40,70,69,60,60,60,60,60,60,60,60,36,17,8,0],"items_purged":["Strike_G"],"gold":100,"score":668,"play_id":"a2aa2e49-eff5-4da1-bd06-3b52f5996dd5","local_time":"20180416171212","is_prod":false,"is_daily":false,"chose_seed":false,"is_ascension_mode":true,"campfire_upgraded":5,"timestamp":1523916732,"path_taken":["M","M","M","$","?","R","M","M","T","R","M","E","?","M","R","BOSS","M","$","?","M","M","E","R","E","T","?","R","?","M","M","R","BOSS","M","M","$","M","$","R","?","E","T","M","E","?","M"],"build_version":"2018-04-12","seed_source_timestamp":74268343918540,"purchased_purges":1,"victory":false,"master_deck":["Defend_G","Defend_G","Defend_G","Defend_G","Defend_G","Strike_G","Strike_G+1","Strike_G","Survivor","Neutralize+1","Leg Sweep","Accuracy+1","Blade Dance+1","Footwork","Backflip","Distraction+1","Well Laid Plans","Cloak And Dagger","Die Die Die","A Thousand Cuts","Accuracy+1","Cloak And Dagger","Cloak And Dagger","Escape Plan+1","Storm of Steel+1","Escape Plan+1","Slice+1","Pain","Accuracy+1","Madness","Madness"],"max_hp_per_floor":[70,70,70,70,70,70,70,70,70,70,70,70,70,70,70,70,70,70,70,70,70,70,70,70,70,70,70,70,70,70,70,70,70,70,70,70,70,70,70,70,70,70,70,70,70,70,70],"relics":["Ring of the Snake","Ninja Scroll","Whetstone","Cursed Key","Bottled Tornado","Oddly Smooth Stone","Shuriken","White Beast Statue","Juzu Bracelet","Red Mask","Dream Catcher","Art of War","Gambling Chip"],"card_choices":[{"not_picked":["Finisher","Cloak And Dagger"],"picked":"Leg Sweep","floor":1},{"not_picked":["Sucker Punch","Flying Knee"],"picked":"Accuracy","floor":2},{"not_picked":["Slice","Deadly Poison"],"picked":"Blade Dance","floor":3},{"not_picked":["Malaise","Skewer"],"picked":"Backflip","floor":7},{"not_picked":["Leg Sweep","Bouncing Flask"],"picked":"Distraction","floor":8},{"not_picked":["Skewer","Poisoned Stab"],"picked":"Well Laid Plans","floor":11},{"not_picked":["All Out Attack","Reflex"],"picked":"Cloak And Dagger","floor":12},{"not_picked":["Endless Agony","Backstab"],"picked":"Die Die Die","floor":14},{"not_picked":["Bullet Time","Corpse Explosion"],"picked":"A Thousand Cuts","floor":16},{"not_picked":["Flying Knee","Slice"],"picked":"Accuracy","floor":18},{"not_picked":["Leg Sweep","Acrobatics"],"picked":"Cloak And Dagger","floor":21},{"not_picked":["Slice","Flying Knee"],"picked":"Cloak And Dagger","floor":30},{"not_picked":["Dash","Distraction"],"picked":"Escape Plan","floor":31},{"not_picked":["Envenom","A Thousand Cuts"],"picked":"Storm of Steel","floor":33},{"not_picked":["Poisoned Stab","Deflect"],"picked":"Escape Plan","floor":35},{"not_picked":["Underhanded Strike","Backflip"],"picked":"Slice","floor":36},{"not_picked":["Acrobatics","Dash"],"picked":"Accuracy","floor":44}],"player_experience":260476,"potions_floor_usage":[2,12,16,16,23,23,30,36,42,44,45,45,47],"damage_taken":[{"damage":3,"enemies":"Cultist","floor":1,"turns":4},{"damage":0,"enemies":"Jaw Worm","floor":2,"turns":3},{"damage":9,"enemies":"Small Slimes","floor":3,"turns":4},{"damage":11,"enemies":"Exordium Wildlife","floor":7,"turns":4},{"damage":3,"enemies":"Exordium Thugs","floor":8,"turns":4},{"damage":0,"enemies":"Red Slaver","floor":11,"turns":1},{"damage":0,"enemies":"Gremlin Nob","floor":12,"turns":3},{"damage":0,"enemies":"3 Louse","floor":13,"turns":2},{"damage":0,"enemies":"Large Slime","floor":14,"turns":3},{"damage":3,"enemies":"The Guardian","floor":16,"turns":10},{"damage":11,"enemies":"Spheric Guardian","floor":18,"turns":5},{"damage":0,"enemies":"Chosen","floor":21,"turns":2},{"damage":0,"enemies":"Centurion and Healer","floor":22,"turns":5},{"damage":4,"enemies":"Book of Stabbing","floor":23,"turns":7},{"damage":7,"enemies":"Slavers","floor":25,"turns":8},{"damage":0,"enemies":"Sentry and Sphere","floor":29,"turns":3},{"damage":14,"enemies":"Chosen and Byrds","floor":30,"turns":4},{"damage":4,"enemies":"Centurion and Healer","floor":31,"turns":5},{"damage":11,"enemies":"Automaton","floor":33,"turns":7},{"damage":1,"enemies":"Orb Walker","floor":35,"turns":3},{"damage":9,"enemies":"3 Darklings","floor":36,"turns":4},{"damage":0,"enemies":"Sphere and 2 Shapes","floor":38,"turns":3},{"damage":0,"enemies":"Giant Head","floor":42,"turns":5},{"damage":24,"enemies":"4 Shapes","floor":44,"turns":4},{"damage":19,"enemies":"Nemesis","floor":45,"turns":5},{"damage":14,"enemies":"Maw","floor":47,"turns":2}],"event_choices":[{"event_name":"Bonfire Elementals","player_choice":"BASIC","floor":5,"damage_taken":0},{"event_name":"Addict","player_choice":"Ignored","floor":20,"damage_taken":0},{"event_name":"Tomb of Lord Red Mask","player_choice":"Paid","floor":41,"damage_taken":0},{"event_name":"Winding Halls","player_choice":"Embrace Madness","floor":46,"damage_taken":0}],"boss_relics":[{"not_picked":["Astrolabe","Snecko Eye"],"picked":"Cursed Key"},{"not_picked":["Calling Bell","Pandora\u0027s Box"],"picked":"White Beast Statue"}],"potions_floor_spawned":[1,8,12,13,14,16,22,25,29,31,35,36,38,42,44,45],"seed_played":"539418152412019674","killed_by":"Maw","ascension_level":3,"is_trial":false}