{"path_per_floor":["M","M","$","M","M","R","M","R","T","M","?","M","M","$","R","B",null],"character_chosen":"THE_SILENT","items_purchased":["Infinite Blades","Noxious Fumes"],"gold_per_floor":[114,126,51,63,73,73,91,91,170,182,182,196,206,59,59,163,163,163],"floor_reached":18,"campfire_rested":2,"playtime":550,"current_hp_per_floor":[70,61,61,54,46,67,61,61,61,53,53,49,34,34,55,31,70,53],"items_purged":["Strike_G"],"gold":163,"score":172,"play_id":"b8941c50-e692-49c7-9ea4-ceedfb43f230","local_time":"20180410232204","is_prod":false,"is_daily":false,"is_ascension_mode":true,"campfire_upgraded":1,"timestamp":1523420524,"path_taken":["M","M","$","M","M","R","M","R","T","M","?","M","M","?","R","BOSS","M"],"build_version":"2018-04-05v2","purchased_purges":1,"victory":false,"master_deck":["Defend_G","Defend_G","Defend_G","Defend_G","Defend_G","Strike_G","Strike_G","Strike_G","Strike_G","Survivor","Neutralize","Dagger Spray","Sucker Punch","Dagger Spray","PiercingWail","Infinite Blades","Backflip","Cloak And Dagger","Infinite Blades+1","Well Laid Plans","Well Laid Plans","Phantasmal Killer","Flying Knee","Slice","Deflect","Noxious Fumes+1","Tools of the Trade+1"],"max_hp_per_floor":[70,70,70,70,70,70,70,70,70,70,70,70,70,70,70,70,70,70],"relics":["Orrery","Frozen Egg 2","Eternal Feather"],"card_choices":[{"not_picked":["Bane","Calculated Gamble"],"picked":"Dagger Spray","floor":0},{"not_picked":["Dodge and Roll","Flechettes"],"picked":"Sucker Punch","floor":0},{"not_picked":["Prepared","Bouncing Flask"],"picked":"Dagger Spray","floor":0},{"not_picked":["Predator","Expertise"],"picked":"PiercingWail","floor":0},{"not_picked":["Concentrate","Poisoned Stab"],"picked":"Infinite Blades","floor":0},{"not_picked":["Slice","Dagger Spray"],"picked":"Backflip","floor":1},{"not_picked":["Expertise","Flechettes"],"picked":"Cloak And Dagger","floor":2},{"not_picked":["Bane","Underhanded Strike"],"picked":"Well Laid Plans","floor":4},{"not_picked":["Heel Hook","Cloak And Dagger"],"picked":"Well Laid Plans","floor":5},{"not_picked":["Finisher","Flying Knee"],"picked":"Phantasmal Killer","floor":7},{"not_picked":["Finisher","Poisoned Stab"],"picked":"Flying Knee","floor":10},{"not_picked":["Dodge and Roll","Dagger Spray"],"picked":"Slice","floor":12},{"not_picked":["Outmaneuver","Heel Hook"],"picked":"Deflect","floor":13},{"not_picked":["Doppelganger","Corpse Explosion"],"picked":"Tools of the Trade","floor":16}],"player_experience":240872,"potions_floor_usage":[13,16,16],"damage_taken":[{"damage":0,"enemies":"2 Louse","floor":1,"turns":2},{"damage":9,"enemies":"Small Slimes","floor":2,"turns":2},{"damage":7,"enemies":"Cultist","floor":4,"turns":4},{"damage":8,"enemies":"Exordium Thugs","floor":5,"turns":4},{"damage":6,"enemies":"Looter","floor":7,"turns":4},{"damage":8,"enemies":"Red Slaver","floor":10,"turns":4},{"damage":4,"enemies":"3 Louse","floor":12,"turns":4},{"damage":15,"enemies":"Gremlin Gang","floor":13,"turns":4},{"damage":24,"enemies":"Slime Boss","floor":16,"turns":5},{"damage":17,"enemies":"Shell Parasite","floor":18,"turns":7}],"event_choices":[{"event_name":"Liars Game","player_choice":"disagreed","floor":11,"damage_taken":0}],"boss_relics":[{"not_picked":["Black Star","Cursed Key"],"picked":"Eternal Feather"}],"potions_floor_spawned":[2,4,10,12],"seed_played":"-8171172908392832098","killed_by":"Shell Parasite","ascension_level":2,"is_trial":false}