{"path_per_floor":["M","M","?","M","M","R","?","R","T","M","T","E","R","M","R","B",null,"M","$","M","M","?","R","?","R","T","?","M","?","R","$","R","B",null,"M","M","?","M","?","R"],"character_chosen":"THE_SILENT","items_purchased":["Noxious Fumes","After Image"],"gold_per_floor":[118,132,82,98,112,112,112,112,139,156,206,238,238,249,249,346,346,356,209,228,240,240,240,165,165,190,190,210,210,210,55,55,154,154,168,185,185,199,199,199,199],"floor_reached":41,"campfire_rested":4,"playtime":1444,"current_hp_per_floor":[70,54,54,54,37,58,58,58,58,56,56,50,50,42,63,36,70,60,60,40,12,12,22,22,22,22,22,22,22,22,22,22,22,35,22,21,21,21,21,31,0],"items_purged":["Strike_G"],"gold":199,"score":586,"play_id":"73246c3b-4eb1-4703-9958-819638be4d2a","local_time":"20180416164413","is_prod":false,"is_daily":false,"chose_seed":false,"is_ascension_mode":true,"campfire_upgraded":5,"timestamp":1523915053,"path_taken":["M","M","?","M","?","R","?","R","T","M","?","E","R","M","R","BOSS","M","$","M","M","?","R","?","R","T","?","M","?","R","$","R","BOSS","M","M","?","M","?","R","E"],"build_version":"2018-04-12","seed_source_timestamp":72813724824911,"purchased_purges":1,"victory":false,"master_deck":["Defend_G","Defend_G","Defend_G+1","Defend_G","Defend_G+1","Strike_G","Strike_G","Survivor","Neutralize+1","Footwork+1","Dagger Spray+1","Deadly Poison","Deflect","Adrenaline+1","Poisoned Stab","Well Laid Plans","Well Laid Plans","A Thousand Cuts","Catalyst+1","Noxious Fumes","Sucker Punch+1","Ghostly+1","Ghostly","Ghostly","Ghostly","Ghostly","Poisoned Stab","Adrenaline+1","Catalyst+1","After Image+1","Wraith Form v2","Regret","Noxious Fumes","Catalyst+1","Deep Breath","Concentrate+1"],"max_hp_per_floor":[70,70,70,70,70,70,70,70,70,70,70,70,70,70,70,70,70,70,70,70,70,35,35,35,35,35,35,35,35,35,35,35,35,35,35,35,35,35,35,35,35],"relics":["Runic Pyramid","Omamori","Juzu Bracelet","Dream Catcher","Sozu","War Paint","Calling Bell","Smiling Mask","Vajra","Mummified Hand"],"card_choices":[{"not_picked":["Flying Knee","Sucker Punch"],"picked":"Footwork","floor":1},{"not_picked":["Bane","Slice"],"picked":"Dagger Spray","floor":2},{"not_picked":["Slice","Crippling Poison"],"picked":"Deadly Poison","floor":4},{"not_picked":["Dodge and Roll","Masterful Stab"],"picked":"Deflect","floor":5},{"not_picked":["Poisoned Stab","Choke"],"picked":"Adrenaline","floor":10},{"not_picked":["Cloak And Dagger","Endless Agony"],"picked":"Poisoned Stab","floor":12},{"not_picked":["Dagger Throw","Accuracy"],"picked":"Well Laid Plans","floor":14},{"not_picked":["Accuracy","Expertise"],"picked":"Well Laid Plans","floor":15},{"not_picked":["Phantasmal Killer","Adrenaline"],"picked":"A Thousand Cuts","floor":16},{"not_picked":["Expertise","Slice"],"picked":"Catalyst","floor":18},{"not_picked":["Crippling Poison","Deflect"],"picked":"Sucker Punch","floor":20},{"not_picked":["Distraction","Flechettes"],"picked":"Poisoned Stab","floor":23},{"not_picked":["Backflip","Underhanded Strike"],"picked":"Catalyst","floor":28},{"not_picked":["Phantasmal Killer","Adrenaline"],"picked":"Wraith Form v2","floor":33},{"not_picked":["Poisoned Stab","Dagger Spray"],"picked":"Noxious Fumes","floor":35},{"not_picked":["Flying Knee","Dagger Spray"],"picked":"Catalyst","floor":36},{"not_picked":["Secret Weapon","Swift Strike"],"picked":"Deep Breath","floor":37},{"not_picked":["Backflip","Dodge and Roll"],"picked":"Concentrate","floor":40}],"player_experience":259032,"potions_floor_usage":[5,5,12,16],"damage_taken":[{"damage":0,"enemies":"2 Louse","floor":1,"turns":2},{"damage":16,"enemies":"Jaw Worm","floor":2,"turns":5},{"damage":0,"enemies":"Cultist","floor":4,"turns":5},{"damage":17,"enemies":"Exordium Wildlife","floor":5,"turns":5},{"damage":2,"enemies":"Looter","floor":10,"turns":4},{"damage":6,"enemies":"3 Sentries","floor":12,"turns":7},{"damage":8,"enemies":"3 Louse","floor":14,"turns":3},{"damage":27,"enemies":"Slime Boss","floor":16,"turns":17},{"damage":10,"enemies":"Shell Parasite","floor":18,"turns":9},{"damage":20,"enemies":"Spheric Guardian","floor":20,"turns":5},{"damage":28,"enemies":"Snake Plant","floor":21,"turns":5},{"damage":0,"enemies":"Centurion and Healer","floor":28,"turns":8},{"damage":0,"enemies":"Automaton","floor":33,"turns":11},{"damage":13,"enemies":"3 Darklings","floor":35,"turns":7},{"damage":1,"enemies":"Orb Walker","floor":36,"turns":6},{"damage":0,"enemies":"3 Darklings","floor":38,"turns":7},{"damage":43,"enemies":"2 Orb Walkers","floor":41,"turns":8}],"event_choices":[{"event_name":"The Cleric","player_choice":"Card Removal","floor":3,"damage_taken":0},{"event_name":"Living Wall","player_choice":"Grow","floor":7,"damage_taken":0},{"event_name":"Ghosts","player_choice":"Became a Ghost","floor":22,"damage_taken":0},{"event_name":"Beggar","player_choice":"Gave Gold","floor":24,"damage_taken":0},{"event_name":"Duplicator","player_choice":"One dupe","floor":27,"damage_taken":0},{"event_name":"Drug Dealer","player_choice":"Ignored","floor":29,"damage_taken":0},{"event_name":"SensoryStone","player_choice":"Memory 1","floor":37,"damage_taken":0},{"event_name":"Mysterious Sphere","player_choice":"Ignore","floor":39,"damage_taken":0}],"boss_relics":[{"not_picked":["Snecko Eye","Tiny House"],"picked":"Sozu"},{"not_picked":["Velvet Choker","Pandora\u0027s Box"],"picked":"Calling Bell"}],"potions_floor_spawned":[1,4,5,10,20,36],"seed_played":"4528786701535143212","killed_by":"2 Orb Walkers","ascension_level":3,"is_trial":false}