{"path_per_floor":["M","M","$","?","M","R","E","R","T","R","T","?","E","M","R","B",null,"M","M","$","M","?","R","E","R","T","R","?","$","E","M","R","B",null,"M","?","?","M","?","R","?","?","T","M","?","R","E","M","R"],"character_chosen":"THE_SILENT","items_purchased":["Masterful Stab","Caltrops","Gremlin Horn"],"gold_per_floor":[141,156,12,112,122,122,150,150,196,196,275,225,257,277,277,374,374,387,371,37,55,55,55,87,87,87,87,87,87,116,133,133,231,231,251,251,251,267,267,267,267,267,293,310,310,310,341,351,351,351],"floor_reached":50,"campfire_rested":5,"playtime":2164,"current_hp_per_floor":[72,67,67,67,63,63,45,45,45,67,67,67,55,55,55,36,75,73,73,73,42,42,64,62,62,62,62,62,62,54,35,57,31,75,75,65,56,47,47,47,47,47,47,33,26,48,18,14,36,0],"items_purged":["Strike_G"],"gold":351,"score":590,"play_id":"d2390e76-8208-45e5-b950-2bb8cd11df32","local_time":"20180410235819","is_prod":false,"is_daily":false,"is_ascension_mode":true,"campfire_upgraded":6,"timestamp":1523422699,"path_taken":["M","M","$","?","M","R","E","R","T","R","?","?","E","M","R","BOSS","M","M","$","M","?","R","E","R","T","R","?","$","E","M","R","BOSS","M","?","?","M","?","R","?","?","T","M","?","R","E","M","R","BOSS"],"build_version":"2018-04-05v2","purchased_purges":1,"victory":false,"master_deck":["Defend_G+1","Defend_G+1","Defend_G+1","Defend_G+1","Defend_G+1","Strike_G+1","Strike_G+1","Strike_G+1","Survivor","Neutralize+1","Poisoned Stab","Caltrops+1","Backflip","Masterful Stab+1","PiercingWail","Prepared+1","Sucker Punch+1","Dagger Spray+1","Storm of Steel+1","Blur","Caltrops+1","Dagger Spray+1","Acrobatics+1","Cloak And Dagger","Venomology","Distraction+1","Dramatic Entrance","Blind","Flash of Steel","Madness","Madness","Endless Agony+1","Blur+1","Caltrops+1","Deflect+1"],"max_hp_per_floor":[75,75,75,75,75,75,75,75,75,75,75,75,75,75,75,75,75,75,75,75,75,75,75,75,75,75,75,75,75,75,75,75,75,75,75,75,75,75,75,75,75,75,75,75,75,75,75,75,75,75],"relics":["Tiny House","Thread and Needle","Juzu Bracelet","Bottled Lightning","Vajra","Sozu","Gremlin Horn","Bronze Scales","Unceasing Top","Whetstone","Black Star","Bag of Preparation","The Courier","Centennial Puzzle"],"card_choices":[{"not_picked":["Slice","Outmaneuver"],"picked":"Poisoned Stab","floor":0},{"not_picked":["Sucker Punch","Dash"],"picked":"Caltrops","floor":1},{"not_picked":["Finisher","Dagger Spray"],"picked":"Backflip","floor":2},{"not_picked":["Terror","Outmaneuver"],"picked":"PiercingWail","floor":5},{"not_picked":["Malaise","Flying Knee"],"picked":"Prepared","floor":7},{"not_picked":["Dash","Blade Dance"],"picked":"Sucker Punch","floor":13},{"not_picked":["Choke","Quick Slash"],"picked":"Dagger Spray","floor":14},{"not_picked":["Corpse Explosion","Doppelganger"],"picked":"Storm of Steel","floor":16},{"not_picked":["Skewer","Catalyst"],"picked":"Escape Plan","floor":18},{"not_picked":["Masterful Stab","PiercingWail"],"picked":"Blur","floor":19},{"not_picked":["Deadly Poison","Setup"],"picked":"Dagger Spray","floor":24},{"not_picked":["Bane","Dodge and Roll"],"picked":"Acrobatics","floor":30},{"not_picked":["Acrobatics","Deadly Poison"],"picked":"Cloak And Dagger","floor":31},{"not_picked":["Night Terror","Unload"],"picked":"Venomology","floor":33},{"not_picked":["Blur","Bane"],"picked":"Distraction","floor":35},{"not_picked":["Blind","Swift Strike"],"picked":"Dramatic Entrance","floor":36},{"not_picked":["Thinking Ahead","Deep Breath"],"picked":"Blind","floor":36},{"not_picked":["Mind Blast","Purity"],"picked":"Flash of Steel","floor":36},{"not_picked":["Dagger Spray","Outmaneuver"],"picked":"Endless Agony","floor":38},{"not_picked":["Flying Knee","Cloak And Dagger"],"picked":"Blur","floor":44},{"not_picked":["Dagger Throw","Flying Knee"],"picked":"Caltrops","floor":47},{"not_picked":["Blur","Outmaneuver"],"picked":"Deflect","floor":48}],"player_experience":241422,"potions_floor_usage":[7,7,50],"damage_taken":[{"damage":3,"enemies":"Small Slimes","floor":1,"turns":4},{"damage":5,"enemies":"Cultist","floor":2,"turns":4},{"damage":4,"enemies":"Jaw Worm","floor":5,"turns":3},{"damage":18,"enemies":"3 Sentries","floor":7,"turns":8},{"damage":12,"enemies":"Lagavulin","floor":13,"turns":6},{"damage":0,"enemies":"Exordium Wildlife","floor":14,"turns":3},{"damage":19,"enemies":"Slime Boss","floor":16,"turns":11},{"damage":2,"enemies":"3 Byrds","floor":18,"turns":3},{"damage":0,"enemies":"2 Thieves","floor":19,"turns":4},{"damage":31,"enemies":"3 Cultists","floor":21,"turns":6},{"damage":2,"enemies":"Book of Stabbing","floor":24,"turns":6},{"damage":8,"enemies":"Gremlin Leader","floor":30,"turns":5},{"damage":19,"enemies":"Centurion and Healer","floor":31,"turns":3},{"damage":26,"enemies":"Collector","floor":33,"turns":12},{"damage":0,"enemies":"3 Darklings","floor":35,"turns":4},{"damage":9,"enemies":"Orb Walker","floor":38,"turns":4},{"damage":14,"enemies":"Sphere and 2 Shapes","floor":44,"turns":5},{"damage":30,"enemies":"Giant Head","floor":47,"turns":10},{"damage":4,"enemies":"4 Shapes","floor":48,"turns":5},{"damage":41,"enemies":"Donu and Deca","floor":50,"turns":6}],"event_choices":[{"event_name":"Wheel of Change","player_choice":"Gold","floor":4,"damage_taken":0},{"event_name":"The Cleric","player_choice":"Card Removal","floor":12,"damage_taken":0},{"event_name":"Drug Dealer","player_choice":"Ignored","floor":22,"damage_taken":0},{"event_name":"Back to Basics","player_choice":"Simplicity","floor":28,"damage_taken":0},{"event_name":"SensoryStone","player_choice":"Memory 3","floor":36,"damage_taken":0},{"event_name":"Winding Halls","player_choice":"Embrace Madness","floor":37,"damage_taken":0},{"event_name":"Mysterious Sphere","player_choice":"Ignore","floor":41,"damage_taken":0},{"event_name":"Tomb of Lord Red Mask","player_choice":"Ignored","floor":42,"damage_taken":0},{"event_name":"Wheel of Change","player_choice":"Damage","floor":45,"damage_taken":0}],"boss_relics":[{"not_picked":["Pandora\u0027s Box","Orrery"],"picked":"Sozu"},{"not_picked":["Snecko Eye","Calling Bell"],"picked":"Black Star"}],"potions_floor_spawned":[2,5,16,18,19,30,35,38,44,47],"seed_played":"4910500923046924085","killed_by":"Donu and Deca","ascension_level":2,"is_trial":false}