{"path_per_floor":["M","?","?","M","?","R","E","R","T","R","M","?","M","M","R","B",null,"M","$","?","$","?","R","?","R","T","R","$","?","M","M","R","B",null,"M","?","$","?","M","R","E","R","T","?","$","M","R","M","R"],"character_chosen":"THE_SILENT","items_purchased":["Torii","Infinite Blades","War Paint","Infinite Blades","PiercingWail"],"gold_per_floor":[117,117,117,130,130,130,203,203,271,271,289,239,259,282,282,407,407,423,61,61,61,61,61,61,61,85,85,13,13,38,53,53,182,182,202,202,102,435,454,454,482,482,482,482,112,126,126,141,141,141],"floor_reached":50,"campfire_rested":8,"playtime":1469,"current_hp_per_floor":[68,51,37,36,36,57,29,50,50,50,50,50,50,42,63,26,70,70,70,70,70,70,70,70,70,70,70,70,70,47,39,66,38,70,42,42,42,42,23,52,18,47,47,38,38,8,39,28,59,0],"items_purged":["Strike_G","Concentrate","Madness"],"gold":141,"score":582,"play_id":"9bcd0af6-0e08-4341-8ef7-4c0196ffbaef","local_time":"20180420024501","is_prod":false,"is_daily":false,"chose_seed":false,"is_ascension_mode":true,"campfire_upgraded":4,"timestamp":1524210301,"path_taken":["M","?","?","M","?","R","E","R","T","R","?","?","M","M","R","BOSS","M","$","?","$","?","R","?","R","T","R","?","?","M","M","R","BOSS","M","?","$","?","M","R","E","R","T","?","$","M","R","M","R","BOSS"],"build_version":"2018-04-19","seed_source_timestamp":44177973064421,"purchased_purges":3,"victory":false,"master_deck":["Defend_G","Defend_G","Defend_G","Defend_G+1","Defend_G+1","Survivor","Neutralize+1","Deadly Poison","Blur+1","Die Die Die","Cloak And Dagger+1","Dagger Spray","Adrenaline+1","Dagger Spray","Infinite Blades+1","Blade Dance+1","Storm of Steel","Sucker Punch+1","Poisoned Stab+1","Cloak And Dagger+1","Dodge and Roll+1","Madness","Infinite Blades","PiercingWail","Deadly Poison+1"],"max_hp_per_floor":[70,70,70,70,70,70,70,70,70,70,70,70,70,70,70,70,70,70,70,70,70,70,70,70,70,70,70,70,70,70,70,70,70,70,70,70,70,70,70,70,70,70,70,70,70,70,70,70,70,70],"relics":["White Beast Statue","Shuriken","Eternal Feather","Torii","Nloth\u0027s Gift","Bag of Marbles","Astrolabe","Du-Vu Doll","Paper Crane","War Paint"],"card_choices":[{"not_picked":["Deflect","Underhanded Strike"],"picked":"Deadly Poison","floor":1},{"not_picked":["Prepared","Backflip"],"picked":"Blur","floor":4},{"not_picked":["Finisher","Skewer"],"picked":"Die Die Die","floor":7},{"not_picked":["Bane","Slice"],"picked":"Cloak And Dagger","floor":11},{"not_picked":["Sucker Punch","Choke"],"picked":"Dagger Spray","floor":13},{"not_picked":["Storm of Steel","Envenom"],"picked":"Adrenaline","floor":16},{"not_picked":["Dodge and Roll","Masterful Stab"],"picked":"Dagger Spray","floor":18},{"not_picked":["Quick Slash","Setup"],"picked":"Blade Dance","floor":31},{"not_picked":["Venomology","Grand Finale"],"picked":"Storm of Steel","floor":33},{"not_picked":["Flechettes","Terror"],"picked":"Cloak And Dagger","floor":35},{"not_picked":["Dagger Throw","PiercingWail"],"picked":"Dodge and Roll","floor":41},{"not_picked":["Dagger Throw","Dagger Spray"],"picked":"Deadly Poison","floor":46}],"player_experience":273347,"potions_floor_usage":[7,11,16,16,16,31,33,33,33,39,41,46,50,50,50],"damage_taken":[{"damage":2,"enemies":"Small Slimes","floor":1,"turns":5},{"damage":1,"enemies":"2 Louse","floor":4,"turns":4},{"damage":28,"enemies":"Gremlin Nob","floor":7,"turns":5},{"damage":0,"enemies":"Jaw Worm","floor":11,"turns":3},{"damage":0,"enemies":"Gremlin Gang","floor":13,"turns":1},{"damage":8,"enemies":"Blue Slaver","floor":14,"turns":3},{"damage":37,"enemies":"Hexaghost","floor":16,"turns":10},{"damage":0,"enemies":"3 Byrds","floor":18,"turns":4},{"damage":23,"enemies":"2 Thieves","floor":30,"turns":4},{"damage":8,"enemies":"Centurion and Healer","floor":31,"turns":5},{"damage":28,"enemies":"Automaton","floor":33,"turns":8},{"damage":28,"enemies":"3 Darklings","floor":35,"turns":4},{"damage":19,"enemies":"3 Shapes","floor":39,"turns":6},{"damage":34,"enemies":"Nemesis","floor":41,"turns":7},{"damage":30,"enemies":"Sphere and 2 Shapes","floor":46,"turns":4},{"damage":11,"enemies":"4 Shapes","floor":48,"turns":6},{"damage":59,"enemies":"Awakened One","floor":50,"turns":4}],"event_choices":[{"event_name":"Golden Idol","player_choice":"Take Damage","floor":2,"damage_taken":0},{"event_name":"Shining Light","player_choice":"Entered Light","floor":3,"damage_taken":0},{"event_name":"Liars Game","player_choice":"disagreed","floor":5,"damage_taken":0},{"event_name":"The Cleric","player_choice":"Card Removal","floor":12,"damage_taken":0},{"event_name":"Drug Dealer","player_choice":"Ignored","floor":20,"damage_taken":0},{"event_name":"N\u0027loth","player_choice":"Traded a Tiny Chest","floor":22,"damage_taken":0},{"event_name":"Beggar","player_choice":"Ignored","floor":24,"damage_taken":0},{"event_name":"Upgrade Shrine","player_choice":"Upgraded","floor":29,"damage_taken":0},{"event_name":"Tomb of Lord Red Mask","player_choice":"Ignored","floor":36,"damage_taken":0},{"event_name":"The Moai Head","player_choice":"Gave Idol","floor":38,"damage_taken":0},{"event_name":"Winding Halls","player_choice":"Embrace Madness","floor":44,"damage_taken":0}],"boss_relics":[{"not_picked":["Calling Bell","Velvet Choker"],"picked":"Eternal Feather"},{"not_picked":["Black Star","Tiny House"],"picked":"Astrolabe"}],"potions_floor_spawned":[1,4,7,11,13,14,16,18,30,31,33,35,39,41,46,48],"seed_played":"-3659314798605145702","killed_by":"Awakened One","ascension_level":4,"is_trial":false}