{"path_per_floor":["M","M","M","M","M","R","E","R","T","E","T","$","M","M","R","B",null,"M","M","$","?","$","R","T","E","T","E","R","E","M","M","R","B",null,"M","M","?","?","M","R","$","M","T","M","M","?","?","M","R","B"],"character_chosen":"THE_SILENT","items_purchased":["Vajra","Blur","Backflip","Caltrops","Lantern"],"gold_per_floor":[119,138,151,168,178,178,203,203,230,264,294,145,156,172,172,270,270,260,271,96,96,96,96,96,131,156,191,191,220,237,250,250,351,381,399,409,409,409,429,429,96,114,114,134,154,154,154,167,167,167],"floor_reached":51,"campfire_rested":1,"playtime":2305,"current_hp_per_floor":[64,64,64,64,63,63,44,65,65,62,62,62,62,62,62,25,70,55,55,55,55,55,55,55,62,62,58,58,58,58,58,58,51,82,82,82,82,82,78,78,78,74,74,74,74,74,74,74,74,82],"items_purged":["Corpse Explosion","Strike_G"],"gold":167,"score":937,"play_id":"f85093c2-fc2a-4212-9b69-cd8bd1397865","local_time":"20180419182456","is_prod":false,"is_daily":false,"chose_seed":false,"is_ascension_mode":true,"campfire_upgraded":5,"timestamp":1524180296,"path_taken":["M","M","M","M","M","R","E","R","T","E","?","$","M","M","R","BOSS","M","?","$","?","$","R","?","E","T","E","R","E","M","M","R","BOSS","M","M","?","?","M","R","$","M","T","M","?","?","?","M","R","BOSS"],"build_version":"2018-04-12","seed_source_timestamp":13332039829030,"purchased_purges":4,"victory":true,"master_deck":["Defend_G","Defend_G","Defend_G+1","Defend_G","Survivor","Neutralize+1","Footwork+1","Flying Knee","Backstab","Glass Knife+1","Caltrops+1","Adrenaline+1","Acrobatics+1","Leg Sweep+1","Dagger Spray+1","Blur+1","Backflip","Escape Plan","Adrenaline","Backflip","Footwork+1","Prepared+1","Deflect+1","Noxious Fumes+1","Blade Dance+1","Apotheosis","Caltrops","Backflip+1"],"max_hp_per_floor":[70,70,70,70,70,70,70,70,70,70,70,70,70,70,70,70,70,70,70,70,70,70,70,70,77,77,77,77,77,77,77,77,77,82,82,82,82,82,82,82,82,82,82,82,82,82,82,82,82,82],"relics":["Ring of the Snake","Paper Crane","Whetstone","Anchor","Tiny Chest","Vajra","Astrolabe","Toolbox","Strawberry","Oddly Smooth Stone","Mummified Hand","Peace Pipe","Tiny House","Lantern","Gambling Chip"],"card_choices":[{"not_picked":["Reflex","All Out Attack"],"picked":"Footwork","floor":1},{"not_picked":["Acrobatics","Dagger Spray"],"picked":"Flying Knee","floor":2},{"not_picked":["Expertise","Deadly Poison"],"picked":"Backstab","floor":3},{"not_picked":["Slice","Dodge and Roll"],"picked":"Glass Knife","floor":7},{"not_picked":["Finisher","Bouncing Flask"],"picked":"Caltrops","floor":13},{"not_picked":["Storm of Steel","Grand Finale"],"picked":"Adrenaline","floor":16},{"not_picked":["Dodge and Roll","Bane"],"picked":"Dagger Spray","floor":18},{"not_picked":["Acrobatics","Poisoned Stab"],"picked":"Escape Plan","floor":25},{"not_picked":["Accuracy","Backflip"],"picked":"Adrenaline","floor":27},{"not_picked":["Sucker Punch","Bullet Time"],"picked":"Backflip","floor":29},{"not_picked":["Dagger Spray","Dodge and Roll"],"picked":"Footwork","floor":30},{"not_picked":["PiercingWail","Expertise"],"picked":"Prepared","floor":31},{"not_picked":["Night Terror","Corpse Explosion"],"picked":"Glass Knife","floor":33},{"not_picked":["Dagger Spray","Well Laid Plans"],"picked":"Deflect","floor":34},{"not_picked":["Setup","Quick Slash"],"picked":"Noxious Fumes","floor":35},{"not_picked":["Dagger Throw","PiercingWail"],"picked":"Blade Dance","floor":36},{"not_picked":["Panacea","Blind"],"picked":"Apotheosis","floor":37},{"not_picked":["Dagger Throw","Concentrate"],"picked":"Backflip","floor":45}],"player_experience":270391,"potions_floor_usage":[3,3,27,31,42,48,50,50],"damage_taken":[{"damage":6,"enemies":"Cultist","floor":1,"turns":5},{"damage":0,"enemies":"Jaw Worm","floor":2,"turns":6},{"damage":0,"enemies":"Small Slimes","floor":3,"turns":4},{"damage":0,"enemies":"2 Fungi Beasts","floor":4,"turns":4},{"damage":1,"enemies":"Blue Slaver","floor":5,"turns":5},{"damage":19,"enemies":"3 Sentries","floor":7,"turns":10},{"damage":3,"enemies":"Lagavulin","floor":10,"turns":6},{"damage":0,"enemies":"Exordium Thugs","floor":13,"turns":3},{"damage":0,"enemies":"Gremlin Gang","floor":14,"turns":2},{"damage":37,"enemies":"Hexaghost","floor":16,"turns":10},{"damage":15,"enemies":"2 Thieves","floor":18,"turns":4},{"damage":0,"enemies":"Spheric Guardian","floor":19,"turns":1},{"damage":0,"enemies":"Book of Stabbing","floor":25,"turns":7},{"damage":4,"enemies":"Slavers","floor":27,"turns":7},{"damage":0,"enemies":"Book of Stabbing","floor":29,"turns":4},{"damage":0,"enemies":"Snake Plant","floor":30,"turns":2},{"damage":0,"enemies":"Chosen and Byrds","floor":31,"turns":5},{"damage":7,"enemies":"Collector","floor":33,"turns":20},{"damage":0,"enemies":"3 Shapes","floor":35,"turns":8},{"damage":0,"enemies":"3 Darklings","floor":36,"turns":5},{"damage":4,"enemies":"4 Shapes","floor":39,"turns":6},{"damage":4,"enemies":"Sphere and 2 Shapes","floor":42,"turns":4},{"damage":0,"enemies":"Maw","floor":44,"turns":8},{"damage":0,"enemies":"3 Darklings","floor":45,"turns":3},{"damage":0,"enemies":"Sphere and 2 Shapes","floor":48,"turns":4},{"damage":0,"enemies":"Donu and Deca","floor":50,"turns":10}],"event_choices":[{"event_name":"Accursed Blacksmith","player_choice":"Forge","floor":21,"damage_taken":0},{"event_name":"SensoryStone","player_choice":"Memory 1","floor":37,"damage_taken":0},{"event_name":"The Lab","player_choice":"Got Potions","floor":38,"damage_taken":0},{"event_name":"Mysterious Sphere","player_choice":"Ignore","floor":47,"damage_taken":0}],"boss_relics":[{"not_picked":["White Beast Statue","Black Star"],"picked":"Astrolabe"},{"not_picked":["Lizard Tail","Runic Dome"],"picked":"Tiny House"}],"potions_floor_spawned":[1,2,5,25,29,30,31,36,42,44],"seed_played":"-1266541295324678269","ascension_level":3,"is_trial":false}