{"path_per_floor":["M","M","$","T","$","R","E","R","T","M","?","R","M","M","R","B",null,"M","?","$","M","M","R","T","R","T","M","M","R","M","M","R","B",null,"M","?","M","?","M","R","M","R","T","R","M","?","$","T","R","B"],"character_chosen":"THE_SILENT","items_purchased":["Noxious Fumes","Calculated Gamble","Thread and Needle","Paper Crane"],"gold_per_floor":[113,124,47,47,18,18,53,53,77,93,150,150,170,185,185,281,281,301,301,53,65,83,83,110,110,137,150,162,162,180,198,198,302,302,318,318,334,334,344,344,355,355,380,380,397,397,130,130,130,130],"floor_reached":51,"campfire_rested":4,"playtime":1686,"current_hp_per_floor":[70,70,70,70,70,70,70,70,70,70,50,50,47,47,68,47,70,69,69,69,65,65,65,65,65,65,65,57,57,53,53,70,70,70,70,70,70,70,70,70,59,59,59,70,70,61,61,61,70,70],"items_purged":["Decay"],"gold":130,"score":969,"play_id":"050b5cf1-0859-4521-a137-05f2b8f43ba1","local_time":"20180420031324","is_prod":false,"is_daily":false,"chose_seed":false,"is_ascension_mode":true,"campfire_upgraded":8,"timestamp":1524212004,"path_taken":["M","M","$","?","$","R","E","R","T","M","?","R","M","?","R","BOSS","M","?","$","M","M","R","?","R","T","M","M","R","M","M","R","BOSS","M","?","M","?","M","R","?","R","T","R","M","?","$","?","R","BOSS"],"build_version":"2018-04-19","seed_source_timestamp":45658487472762,"purchased_purges":1,"victory":true,"master_deck":["Defend_G+1","Defend_G+1","Defend_G+1","Defend_G+1","Defend_G+1","Strike_G+1","Strike_G+1","Strike_G+1","Strike_G+1","Strike_G+1","Survivor+1","Neutralize+1","Backflip+1","Dagger Throw+1","Noxious Fumes+1","Calculated Gamble+1","Crippling Poison+1","Blur+1","Noxious Fumes+1","Blur+1","Blur+1","Sucker Punch+1","Deep Breath+1","Cloak And Dagger+1","Footwork+1","Madness","Madness","Decay"],"max_hp_per_floor":[70,70,70,70,70,70,70,70,70,70,70,70,70,70,70,70,70,70,70,70,70,70,70,70,70,70,70,70,70,70,70,70,70,70,70,70,70,70,70,70,70,70,70,70,70,70,70,70,70,70],"relics":["Ring of the Snake","NeowsBlessing","The Courier","Pen Nib","Omamori","Snake Skull","Cursed Key","Thread and Needle","War Paint","Oddly Smooth Stone","White Beast Statue","Whetstone","Paper Crane","Bottled Tornado"],"card_choices":[{"not_picked":["Concentrate","Prepared"],"picked":"Backflip","floor":1},{"not_picked":["Reflex","Deflect"],"picked":"Dagger Throw","floor":2},{"not_picked":["Bouncing Flask","Slice"],"picked":"Crippling Poison","floor":10},{"not_picked":["Poisoned Stab","Caltrops"],"picked":"Blur","floor":11},{"not_picked":["Backflip","Reflex"],"picked":"Noxious Fumes","floor":14},{"not_picked":["Slice","Bouncing Flask"],"picked":"Blur","floor":18},{"not_picked":["Endless Agony","Quick Slash"],"picked":"Blur","floor":27},{"not_picked":["Catalyst","Skewer"],"picked":"Sucker Punch","floor":35},{"not_picked":["Skewer","Deadly Poison"],"picked":"Cloak And Dagger","floor":37},{"not_picked":["Flying Knee","Quick Slash"],"picked":"Footwork","floor":45}],"player_experience":274816,"potions_floor_usage":[11,11,16,27,28,33,39,50,50],"damage_taken":[{"damage":0,"enemies":"Cultist","floor":1,"turns":1},{"damage":0,"enemies":"Jaw Worm","floor":2,"turns":1},{"damage":0,"enemies":"3 Sentries","floor":7,"turns":1},{"damage":0,"enemies":"Small Slimes","floor":10,"turns":2},{"damage":20,"enemies":"Lagavulin Event","floor":11,"turns":6},{"damage":3,"enemies":"Looter","floor":13,"turns":3},{"damage":0,"enemies":"Large Slime","floor":14,"turns":4},{"damage":21,"enemies":"Hexaghost","floor":16,"turns":8},{"damage":1,"enemies":"Shell Parasite","floor":18,"turns":6},{"damage":4,"enemies":"3 Byrds","floor":21,"turns":3},{"damage":0,"enemies":"Centurion and Healer","floor":22,"turns":4},{"damage":0,"enemies":"Slaver and Parasite","floor":27,"turns":5},{"damage":8,"enemies":"Cultist and Chosen","floor":28,"turns":5},{"damage":4,"enemies":"Chosen and Byrds","floor":30,"turns":5},{"damage":0,"enemies":"Centurion and Healer","floor":31,"turns":5},{"damage":0,"enemies":"Collector","floor":33,"turns":9},{"damage":0,"enemies":"3 Shapes","floor":35,"turns":5},{"damage":0,"enemies":"3 Darklings","floor":37,"turns":5},{"damage":0,"enemies":"Maw","floor":39,"turns":9},{"damage":11,"enemies":"Sphere and 2 Shapes","floor":41,"turns":6},{"damage":0,"enemies":"3 Darklings","floor":45,"turns":5},{"damage":0,"enemies":"Time Eater","floor":50,"turns":17}],"event_choices":[{"event_name":"Dead Adventurer","player_choice":"Searched \u00271\u0027 times","floor":11,"damage_taken":0},{"event_name":"Back to Basics","player_choice":"Simplicity","floor":19,"damage_taken":0},{"event_name":"Match and Keep!","player_choice":"1 cards matched","floor":36,"damage_taken":0},{"event_name":"Tomb of Lord Red Mask","player_choice":"Ignored","floor":38,"damage_taken":0},{"event_name":"Winding Halls","player_choice":"Embrace Madness","floor":46,"damage_taken":0}],"boss_relics":[{"not_picked":["Calling Bell","Eternal Feather"],"picked":"Cursed Key"},{"not_picked":["Pandora\u0027s Box","Runic Dome"],"picked":"White Beast Statue"}],"potions_floor_spawned":[1,7,13,14,16,18,21,28,35,37,39,41,45],"seed_played":"-5119479712974053149","ascension_level":4,"is_trial":false}