{"path_per_floor":["M","?","?","$","?","M","R","M","T","R","T","$","M","E","R","B",null,"M","?","?","?","M","R","$","R","T","E","?","M","M","?","R","B",null,"M","$","?","?","$"],"character_chosen":"IRONCLAD","items_purchased":["Whirlwind","Swift Potion","Finesse"],"gold_per_floor":[119,119,119,9,0,20,20,33,57,57,84,34,45,72,72,175,175,185,185,185,110,121,121,21,21,21,49,49,65,80,80,80,179,179,190,98,98,0,0,0],"floor_reached":40,"campfire_rested":2,"playtime":2967,"current_hp_per_floor":[46,90,90,90,90,90,90,90,90,90,90,90,76,56,83,26,90,90,72,72,72,60,60,60,60,60,75,75,62,43,43,74,26,105,90,90,77,77,77,0],"items_purged":["Strike_R","Heavy Blade"],"gold":0,"score":423,"play_id":"87bdc32f-fb23-4331-954e-78aebfddda5e","local_time":"20180324215229","is_prod":false,"is_daily":false,"is_ascension_mode":false,"campfire_upgraded":4,"timestamp":1521942749,"path_taken":["M","?","?","$","?","?","R","M","T","R","?","?","M","E","R","BOSS","M","?","?","?","M","R","?","R","T","E","?","M","M","?","R","BOSS","M","$","?","?","$","E"],"build_version":"2018-03-22v2","purchased_purges":3,"victory":false,"master_deck":["Defend_R+1","Defend_R+1","Defend_R+1","Defend_R+1","Bash+1","Whirlwind+1","Thunderclap+1","Rampage+1","Impervious+1","Ghostly Armor+1","Corruption+1","True Grit+1","Headbutt","Disarm+1","Double Tap","Pommel Strike+1","Finesse","Madness","Madness"],"max_hp_per_floor":[80,90,90,90,90,90,90,90,90,90,90,90,90,90,90,90,90,90,95,95,95,95,95,95,95,95,105,105,105,105,105,105,105,105,105,105,105,105,105,105],"relics":["Burning Blood","Juzu Bracelet","Ancient Tea Set","Astrolabe","Nloth\u0027s Gift","Orichalcum","Pear","Red Mask"],"card_choices":[{"not_picked":["Shrug It Off","Reckless Charge"],"picked":"Twin Strike","floor":1},{"not_picked":["Shrug It Off","Uppercut"],"picked":"Thunderclap","floor":6},{"not_picked":["Ghostly Armor","Clothesline"],"picked":"Rampage","floor":8},{"not_picked":["Barricade","Berserk"],"picked":"Demon Form","floor":16},{"not_picked":["Sever Soul","Cleave"],"picked":"True Grit","floor":22},{"not_picked":["Armaments","Berserk"],"picked":"Headbutt","floor":27},{"not_picked":["Clothesline","Pummel"],"picked":"Disarm","floor":29},{"not_picked":["Reaper","Limit Break"],"picked":"Double Tap","floor":33},{"not_picked":["Bloodletting","Clothesline"],"picked":"Pommel Strike","floor":35}],"player_experience":6411,"potions_floor_usage":[33,33,33],"damage_taken":[{"damage":0,"enemies":"Small Slimes","floor":1,"turns":3},{"damage":0,"enemies":"Cultist","floor":6,"turns":2},{"damage":6,"enemies":"2 Louse","floor":8,"turns":3},{"damage":20,"enemies":"Exordium Wildlife","floor":13,"turns":5},{"damage":26,"enemies":"Lagavulin","floor":14,"turns":5},{"damage":63,"enemies":"Hexaghost","floor":16,"turns":9},{"damage":6,"enemies":"3 Byrds","floor":18,"turns":5},{"damage":18,"enemies":"Spheric Guardian","floor":22,"turns":6},{"damage":1,"enemies":"Slavers","floor":27,"turns":3},{"damage":19,"enemies":"Centurion and Healer","floor":29,"turns":7},{"damage":25,"enemies":"3 Cultists","floor":30,"turns":5},{"damage":54,"enemies":"Automaton","floor":33,"turns":12},{"damage":21,"enemies":"3 Darklings","floor":35,"turns":8},{"damage":81,"enemies":"Nemesis","floor":40,"turns":7}],"event_choices":[{"event_name":"Bonfire Elementals","player_choice":"RARE","floor":2,"damage_taken":0},{"event_name":"Transmorgrifier","player_choice":"Transform","floor":3,"damage_taken":0},{"event_name":"World of Goop","player_choice":"Left","floor":5,"damage_taken":0},{"event_name":"Forgotten Altar","player_choice":"Shed Blood","floor":19,"damage_taken":0},{"event_name":"N\u0027loth","player_choice":"Traded a Molten Egg 2","floor":20,"damage_taken":0},{"event_name":"Beggar","player_choice":"Gave Gold","floor":21,"damage_taken":0},{"event_name":"Vampires","player_choice":"Ignored","floor":28,"damage_taken":0},{"event_name":"Back to Basics","player_choice":"Simplicity","floor":31,"damage_taken":0},{"event_name":"Winding Halls","player_choice":"Embrace Madness","floor":37,"damage_taken":0},{"event_name":"Tomb of Lord Red Mask","player_choice":"Paid","floor":38,"damage_taken":0}],"boss_relics":[{"not_picked":["Mark of Pain","Black Star"],"picked":"Astrolabe"},{"not_picked":["Snecko Eye","Runic Pyramid","Philosopher\u0027s Stone"]}],"potions_floor_spawned":[6,14,22,30,33],"seed_played":"-4127507220624559382","killed_by":"Nemesis","ascension_level":0,"is_trial":false}