{"path_per_floor":["M","?","M","M","?","R","M","M","T","?","M","M","M","E","R","B",null,"M","?","$","?","M"],"character_chosen":"IRONCLAD","items_purchased":["Orichalcum","Happy Flower","Pen Nib"],"gold_per_floor":[115,65,75,94,269,269,283,300,300,375,385,404,415,448,448,547,547,567,567,117,117,130,130],"floor_reached":23,"campfire_rested":1,"playtime":1166,"current_hp_per_floor":[80,80,80,80,80,80,76,62,62,51,51,52,45,26,50,13,80,57,56,56,40,33,0],"items_purged":[],"gold":130,"score":221,"play_id":"36c4adbf-3113-425e-a739-a73f6d4943cd","local_time":"20180325020959","is_prod":false,"is_daily":false,"is_ascension_mode":false,"campfire_upgraded":1,"timestamp":1521958199,"path_taken":["M","?","?","M","?","R","?","M","T","?","?","?","M","E","R","BOSS","M","?","?","?","M","E"],"build_version":"2018-03-22v2","purchased_purges":0,"victory":false,"master_deck":["Defend_R","Defend_R","Defend_R","Defend_R","Bash","Armaments+1","Flex","Headbutt","Doubt","Rampage","Seeing Red","Reaper","Body Slam","Bite","Bite","Bite","Bite","Bite","Necronomicurse"],"max_hp_per_floor":[80,80,80,80,80,80,80,80,80,80,80,80,80,80,80,80,80,80,56,56,56,56,56],"relics":["Burning Blood","Du-Vu Doll","Anchor","Black Star","Orichalcum","Happy Flower","Pen Nib","Necronomicon"],"card_choices":[{"not_picked":["Thunderclap","Disarm"],"picked":"Armaments","floor":1},{"not_picked":["Pommel Strike","Anger"],"picked":"Flex","floor":3},{"not_picked":["Dropkick","Corruption"],"picked":"Headbutt","floor":4},{"not_picked":["Bludgeon","Flex"],"picked":"Rampage","floor":11},{"not_picked":["Warcry","Fire Breathing"],"picked":"Seeing Red","floor":13},{"not_picked":["Fiend Fire","Bludgeon"],"picked":"Reaper","floor":16},{"not_picked":["Entrench","Power Through"],"picked":"Body Slam","floor":18}],"player_experience":16602,"potions_floor_usage":[14,16,16],"damage_taken":[{"damage":6,"enemies":"Jaw Worm","floor":1,"turns":4},{"damage":4,"enemies":"Small Slimes","floor":3,"turns":4},{"damage":6,"enemies":"Cultist","floor":4,"turns":3},{"damage":10,"enemies":"Exordium Thugs","floor":7,"turns":5},{"damage":20,"enemies":"3 Louse","floor":8,"turns":3},{"damage":6,"enemies":"Gremlin Gang","floor":11,"turns":6},{"damage":5,"enemies":"Looter","floor":12,"turns":3},{"damage":13,"enemies":"3 Louse","floor":13,"turns":4},{"damage":31,"enemies":"Lagavulin","floor":14,"turns":5},{"damage":43,"enemies":"The Guardian","floor":16,"turns":8},{"damage":29,"enemies":"Shell Parasite","floor":18,"turns":7},{"damage":21,"enemies":"Spheric Guardian","floor":22,"turns":4},{"damage":45,"enemies":"Slavers","floor":23,"turns":3}],"event_choices":[{"event_name":"The Cleric","player_choice":"Card Removal","floor":2,"damage_taken":0},{"event_name":"Liars Game","player_choice":"agreed","floor":5,"damage_taken":0},{"event_name":"World of Goop","player_choice":"Gather Gold","floor":10,"damage_taken":0},{"event_name":"Vampires","player_choice":"Became a vampire","floor":19,"damage_taken":0},{"event_name":"Cursed Tome","player_choice":"Obtained Book","floor":21,"damage_taken":0}],"boss_relics":[{"not_picked":["Philosopher\u0027s Stone","Orrery"],"picked":"Black Star"}],"potions_floor_spawned":[4,7,11],"seed_played":"-4379903026925843234","killed_by":"Slavers","ascension_level":0,"is_trial":false}