{"path_per_floor":["M","$","M","M","M","R","E","R","T","?","?","M","R","E","R","B",null,"M","$","M","?","T","E","R","E","T","E","M","M","$","M","R","B",null,"M","$","?","?","M","E","?","E","T","R","T","M","E","M","R","B"],"character_chosen":"IRONCLAD","items_purchased":["Clash","Juzu Bracelet","Battle Trance","Pen Nib"],"gold_per_floor":[113,38,56,75,88,88,115,115,115,115,115,135,135,165,165,266,266,276,127,137,137,137,172,172,198,198,256,270,280,123,136,136,231,231,244,63,0,0,11,40,40,67,92,92,117,128,158,173,173,173],"floor_reached":51,"campfire_rested":6,"playtime":2741,"current_hp_per_floor":[76,76,75,73,73,73,53,53,53,53,53,53,80,47,80,46,80,71,71,71,71,71,31,70,56,56,47,36,34,34,34,73,17,80,75,75,75,75,72,64,54,47,47,80,80,82,67,67,83,2],"items_purged":["Dark Embrace","Normality"],"gold":173,"score":868,"play_id":"216ec28b-c2c0-4bec-b186-8d8d802f765f","local_time":"20180326204033","is_prod":false,"is_daily":false,"is_ascension_mode":true,"campfire_upgraded":2,"timestamp":1522111233,"path_taken":["M","$","M","?","M","R","E","R","T","?","?","M","R","E","R","BOSS","M","$","M","?","?","E","R","E","T","E","?","M","$","M","R","BOSS","M","$","?","?","M","E","?","E","T","R","?","M","E","M","R","BOSS"],"build_version":"2018-03-22v2","purchased_purges":3,"victory":true,"master_deck":["Strike_R","Strike_R","Defend_R","Defend_R","Defend_R+1","Defend_R","Bash","Burning Pact+1","Perfected Strike+1","Armaments+1","Clash+1","Flex+1","Anger","Shrug It Off","Clash","Sever Soul","Clash","Dual Wield+1","Battle Trance","Clash+1","Madness","Madness","Feed","Intimidate+1","Warcry+1","Pommel Strike+1"],"max_hp_per_floor":[80,80,80,80,80,80,80,80,80,80,80,80,80,80,80,80,80,80,80,80,80,80,80,80,80,80,80,80,80,80,80,80,80,80,80,80,80,80,80,80,80,80,80,80,80,83,83,83,83,83],"relics":["Astrolabe","Shuriken","Prayer Wheel","Lantern","Regal Pillow","War Paint","Sozu","Ice Cream","Bag of Marbles","Mummified Hand","Art of War","Tiny Chest","Juzu Bracelet","Lizard Tail","Pen Nib","Red Mask","Dream Catcher","Torii","Ancient Tea Set","Bag of Preparation","Vajra"],"card_choices":[{"not_picked":["Reaper","Shockwave"],"picked":"Armaments","floor":1},{"not_picked":["Shrug It Off","Wild Strike"],"picked":"Clash","floor":4},{"not_picked":["Demon Form","Twin Strike"],"picked":"Flex","floor":5},{"not_picked":["Warcry","Reckless Charge"],"picked":"Anger","floor":12},{"not_picked":["Dual Wield","Searing Blow"],"picked":"Shrug It Off","floor":14},{"not_picked":["Ghostly Armor","Headbutt"],"picked":"Sever Soul","floor":23},{"not_picked":["Fiend Fire","Blood for Blood"],"picked":"Clash","floor":28},{"not_picked":["True Grit","Heavy Blade"],"picked":"Dual Wield","floor":29},{"not_picked":["Second Wind","Wild Strike"],"picked":"Clash","floor":39},{"not_picked":["Shockwave","Clothesline"],"picked":"Feed","floor":42},{"not_picked":["Anger","Heavy Blade"],"picked":"Intimidate","floor":44},{"not_picked":["Fire Breathing","Heavy Blade"],"picked":"Warcry","floor":45},{"not_picked":["Clothesline","Entrench"],"picked":"Pommel Strike","floor":46}],"player_experience":100560,"potions_floor_usage":[7,7,14,18,42],"damage_taken":[{"damage":4,"enemies":"Cultist","floor":1,"turns":4},{"damage":1,"enemies":"2 Louse","floor":3,"turns":2},{"damage":2,"enemies":"Jaw Worm","floor":4,"turns":4},{"damage":0,"enemies":"Looter","floor":5,"turns":4},{"damage":20,"enemies":"3 Sentries","floor":7,"turns":11},{"damage":0,"enemies":"3 Louse","floor":12,"turns":5},{"damage":33,"enemies":"Lagavulin","floor":14,"turns":6},{"damage":34,"enemies":"Hexaghost","floor":16,"turns":8},{"damage":9,"enemies":"2 Thieves","floor":18,"turns":4},{"damage":0,"enemies":"Shell Parasite","floor":20,"turns":3},{"damage":40,"enemies":"Book of Stabbing","floor":23,"turns":5},{"damage":14,"enemies":"Gremlin Leader","floor":25,"turns":6},{"damage":9,"enemies":"Slavers","floor":27,"turns":4},{"damage":11,"enemies":"Snake Plant","floor":28,"turns":2},{"damage":2,"enemies":"Snecko","floor":29,"turns":4},{"damage":0,"enemies":"Centurion and Healer","floor":31,"turns":3},{"damage":56,"enemies":"Collector","floor":33,"turns":7},{"damage":5,"enemies":"Orb Walker","floor":35,"turns":3},{"damage":3,"enemies":"3 Shapes","floor":39,"turns":3},{"damage":8,"enemies":"Giant Head","floor":40,"turns":4},{"damage":7,"enemies":"Nemesis","floor":42,"turns":3},{"damage":1,"enemies":"Sphere and 2 Shapes","floor":46,"turns":3},{"damage":15,"enemies":"2 Orb Walkers","floor":47,"turns":4},{"damage":0,"enemies":"3 Darklings","floor":48,"turns":3},{"damage":81,"enemies":"Awakened One","floor":50,"turns":8}],"event_choices":[{"event_name":"Dead Adventurer","player_choice":"Searched \u00272\u0027 times","floor":10,"damage_taken":0},{"event_name":"Accursed Blacksmith","player_choice":"Rummage","floor":11,"damage_taken":0},{"event_name":"Drug Dealer","player_choice":"Ignored","floor":21,"damage_taken":0},{"event_name":"Tomb of Lord Red Mask","player_choice":"Paid","floor":37,"damage_taken":0},{"event_name":"Mysterious Sphere","player_choice":"Ignore","floor":38,"damage_taken":0},{"event_name":"Winding Halls","player_choice":"Embrace Madness","floor":41,"damage_taken":0}],"boss_relics":[{"not_picked":["Runic Pyramid","Cursed Key"],"picked":"Sozu"},{"not_picked":["Orrery","Snecko Eye"],"picked":"Lizard Tail"}],"potions_floor_spawned":[1,4,5,12,16,20,23,28,31,39,40,48],"seed_played":"9150822014397787893","ascension_level":1,"is_trial":false}