{"path_per_floor":["M","?","?","M","$","E","R","M","T","?","M","R","E","M","R","B",null,"M","M","M","?","?","E","M","?","T","R","M","M","R","E","R","B",null,"M","M","?","$","?","E","R","?","T","T","M","R","?","M","R","B"],"character_chosen":"IRONCLAD","items_purchased":["Sever Soul","Anchor","Mango"],"gold_per_floor":[110,110,110,131,54,93,93,113,113,113,128,128,169,183,183,309,309,332,348,363,363,278,317,342,342,342,342,365,385,385,418,418,539,539,562,585,585,74,0,40,40,373,454,454,474,474,522,539,539,539],"floor_reached":51,"campfire_rested":6,"playtime":2321,"current_hp_per_floor":[71,51,51,51,51,32,58,57,57,32,32,58,44,47,47,61,93,96,64,76,76,76,49,46,46,46,77,77,55,86,66,97,58,105,108,108,108,122,122,109,117,117,117,117,117,122,100,90,122,65],"items_purged":["Strike_R"],"gold":539,"score":826,"play_id":"9bf37fc2-7e55-4c24-8fd9-a184afb3c98b","local_time":"20180327113605","is_prod":false,"is_daily":false,"is_ascension_mode":false,"campfire_upgraded":3,"timestamp":1522164965,"path_taken":["M","?","?","M","$","E","R","M","T","?","M","R","E","M","R","BOSS","M","?","M","?","?","E","M","?","T","R","M","M","R","E","R","BOSS","M","M","?","$","?","E","R","?","T","?","M","R","?","M","R","BOSS"],"build_version":"2018-03-22v2","purchased_purges":1,"victory":true,"master_deck":["Strike_R","Strike_R","Strike_R","Strike_R","Defend_R","Defend_R","Defend_R+1","Defend_R","Bash","Sever Soul","Perfected Strike+1","Searing Blow+1","Feed","Pommel Strike","Impervious+1","Perfected Strike","Demon Form+1","Perfected Strike+1","Reaper","Perfected Strike","Pommel Strike+1"],"max_hp_per_floor":[80,80,80,80,80,87,87,87,87,87,87,87,87,90,90,93,93,96,99,102,102,102,102,105,105,105,105,105,105,105,105,105,105,105,108,108,108,122,122,122,122,122,122,122,122,122,122,122,122,122],"relics":["Snecko Eye","Strawberry","Pantograph","Gambling Chip","Kunai","White Beast Statue","Juzu Bracelet","Calipers","Magic Flower","War Paint","Eternal Feather","Anchor","Mango","Red Mask","Red Skull","Paper Frog","Blue Candle","Dead Branch"],"card_choices":[{"not_picked":["Power Through","Ghostly Armor"],"picked":"Perfected Strike","floor":8},{"not_picked":["Hemokinesis","Twin Strike"],"picked":"Searing Blow","floor":11},{"not_picked":["Clash","Armaments"],"picked":"Feed","floor":13},{"not_picked":["Armaments","Clash"],"picked":"Pommel Strike","floor":14},{"not_picked":["Double Tap","Brutality"],"picked":"Impervious","floor":16},{"not_picked":["Body Slam","Rampage"],"picked":"Perfected Strike","floor":20},{"not_picked":["Blood for Blood","Thunderclap"],"picked":"Demon Form","floor":23},{"not_picked":["Fiend Fire","Thunderclap"],"picked":"Perfected Strike","floor":31},{"not_picked":["Dark Embrace","Barricade"],"picked":"Reaper","floor":33},{"not_picked":["Carnage","Sword Boomerang"],"picked":"Perfected Strike","floor":35},{"not_picked":["Whirlwind","Blood for Blood"],"picked":"Pommel Strike","floor":36}],"player_experience":112603,"potions_floor_usage":[18,20,23,23,24,24,29,29,31],"damage_taken":[{"damage":9,"enemies":"2 Louse","floor":1,"turns":3},{"damage":0,"enemies":"Small Slimes","floor":4,"turns":3},{"damage":26,"enemies":"Lagavulin","floor":6,"turns":4},{"damage":1,"enemies":"Cultist","floor":8,"turns":3},{"damage":0,"enemies":"Blue Slaver","floor":11,"turns":1},{"damage":14,"enemies":"3 Sentries","floor":13,"turns":5},{"damage":0,"enemies":"2 Fungi Beasts","floor":14,"turns":2},{"damage":14,"enemies":"Slime Boss","floor":16,"turns":6},{"damage":0,"enemies":"2 Thieves","floor":18,"turns":2},{"damage":35,"enemies":"3 Byrds","floor":19,"turns":6},{"damage":6,"enemies":"Centurion and Healer","floor":20,"turns":6},{"damage":27,"enemies":"Gremlin Leader","floor":23,"turns":6},{"damage":6,"enemies":"Chosen and Byrds","floor":24,"turns":4},{"damage":0,"enemies":"Snecko","floor":28,"turns":2},{"damage":22,"enemies":"3 Cultists","floor":29,"turns":6},{"damage":20,"enemies":"Book of Stabbing","floor":31,"turns":3},{"damage":47,"enemies":"Collector","floor":33,"turns":6},{"damage":0,"enemies":"3 Shapes","floor":35,"turns":4},{"damage":13,"enemies":"3 Darklings","floor":36,"turns":6},{"damage":13,"enemies":"Giant Head","floor":40,"turns":5},{"damage":0,"enemies":"4 Shapes","floor":45,"turns":3},{"damage":22,"enemies":"Mysterious Sphere","floor":47,"turns":3},{"damage":10,"enemies":"Sphere and 2 Shapes","floor":48,"turns":3},{"damage":57,"enemies":"Donu and Deca","floor":50,"turns":6}],"event_choices":[{"event_name":"Golden Idol","player_choice":"Take Damage","floor":2,"damage_taken":0},{"event_name":"Golden Wing","player_choice":"Ignored","floor":3,"damage_taken":0},{"event_name":"Scrap Ooze","player_choice":"success","floor":10,"damage_taken":25},{"event_name":"Drug Dealer","player_choice":"Ignored","floor":21,"damage_taken":0},{"event_name":"Addict","player_choice":"Obtained Relic","floor":22,"damage_taken":0},{"event_name":"Upgrade Shrine","player_choice":"Upgraded","floor":25,"damage_taken":0},{"event_name":"The Woman in Blue","player_choice":"Bought 0 Potions","floor":37,"damage_taken":0},{"event_name":"Tomb of Lord Red Mask","player_choice":"Paid","floor":39,"damage_taken":0},{"event_name":"The Moai Head","player_choice":"Gave Idol","floor":42,"damage_taken":0},{"event_name":"Mysterious Sphere","player_choice":"Fight","floor":47,"damage_taken":0}],"boss_relics":[{"not_picked":["Runic Pyramid","Astrolabe"],"picked":"White Beast Statue"},{"not_picked":["Question Card","Mark of Pain"],"picked":"Eternal Feather"}],"potions_floor_spawned":[6,11,13,14,18,19,20,23,24,28,29,31,33,35,36,40,45,47,48],"seed_played":"173973287817366517","ascension_level":0,"is_trial":false}