{"path_per_floor":["M","M","?","M","M","E","R","M","T","?","$","M","$","M","R","B",null,"M","?","M","$","M"],"character_chosen":"IRONCLAD","items_purchased":["Flash of Steel"],"gold_per_floor":[109,119,119,133,143,176,176,194,263,263,188,206,11,21,21,117,117,130,130,150,25,40,40],"floor_reached":23,"campfire_rested":2,"playtime":1356,"current_hp_per_floor":[80,80,80,73,71,36,60,62,62,62,62,58,58,64,80,74,80,80,80,80,80,72,8],"items_purged":["Strike_R","Strike_R","Strike_R"],"gold":40,"score":194,"play_id":"50a8ca3f-cc8c-4ea9-8a12-f06d95f1a9dc","local_time":"20180327183932","is_prod":false,"is_daily":false,"is_ascension_mode":false,"campfire_upgraded":0,"timestamp":1522190372,"path_taken":["M","?","?","M","M","E","R","M","T","?","?","?","$","M","R","BOSS","M","?","?","$","M","E"],"build_version":"2018-03-22v2","purchased_purges":4,"victory":false,"master_deck":["Strike_R","Defend_R","Defend_R","Defend_R","Defend_R","Bash","Pommel Strike","Pommel Strike","Flash of Steel","Burning Pact"],"max_hp_per_floor":[80,80,80,80,80,80,80,80,80,80,80,80,80,80,80,80,80,80,80,80,80,80,80],"relics":["Burning Blood","Oddly Smooth Stone","Toolbox","Dodecahedron","Spirit Poop","Black Star"],"card_choices":[{"not_picked":["Havoc","Berserk"],"picked":"Pommel Strike","floor":5},{"not_picked":["Sword Boomerang","Impervious"],"picked":"Pommel Strike","floor":6},{"not_picked":["Bloodletting","Combust"],"picked":"Burning Pact","floor":22}],"player_experience":118297,"potions_floor_usage":[6,16,20,22,22,23],"damage_taken":[{"damage":6,"enemies":"Cultist","floor":1,"turns":3},{"damage":5,"enemies":"Small Slimes","floor":2,"turns":3},{"damage":13,"enemies":"Jaw Worm","floor":4,"turns":3},{"damage":8,"enemies":"Red Slaver","floor":5,"turns":5},{"damage":41,"enemies":"3 Sentries","floor":6,"turns":11},{"damage":4,"enemies":"Looter","floor":8,"turns":2},{"damage":10,"enemies":"Lots of Slimes","floor":12,"turns":6},{"damage":0,"enemies":"Exordium Thugs","floor":14,"turns":4},{"damage":12,"enemies":"Slime Boss","floor":16,"turns":10},{"damage":0,"enemies":"Shell Parasite","floor":18,"turns":5},{"damage":0,"enemies":"Spheric Guardian","floor":20,"turns":5},{"damage":14,"enemies":"Snake Plant","floor":22,"turns":6},{"damage":78,"enemies":"Book of Stabbing","floor":23,"turns":7}],"event_choices":[{"event_name":"Big Fish","player_choice":"Box","floor":3,"damage_taken":0},{"event_name":"Bonfire Elementals","player_choice":"CURSE","floor":10,"damage_taken":0},{"event_name":"Purifier","player_choice":"One Purge","floor":19,"damage_taken":0}],"boss_relics":[{"not_picked":["Runic Pyramid","Snecko Eye"],"picked":"Black Star"}],"potions_floor_spawned":[2,5,12,14,16,20],"seed_played":"-163222663217529627","killed_by":"Book of Stabbing","ascension_level":0,"is_trial":false}