{"path_per_floor":["M","M","?","M","?","R","?","M","T","M","E","$","M","M","R","B",null,"M","M","?","?","?","R","M","M","T","M","M","?","M","M","R","B",null,"M","M","?","M","M","R","M","R","T","M","$","E","M","$","R","B"],"character_chosen":"IRONCLAD","items_purchased":["Anchor","Whirlwind","Pen Nib","Master of Strategy","Lantern"],"gold_per_floor":[113,132,207,219,219,219,169,185,185,203,237,19,31,43,43,142,142,158,176,176,91,91,91,101,115,115,134,145,70,85,97,97,192,192,209,221,566,578,596,596,609,609,609,620,140,173,187,37,37,37],"floor_reached":51,"campfire_rested":0,"playtime":2223,"current_hp_per_floor":[80,80,69,75,42,42,42,38,38,44,41,41,47,51,51,39,87,87,86,86,86,86,86,87,87,87,87,80,80,78,67,67,19,87,87,75,56,54,58,58,57,57,57,55,55,61,58,58,58,44],"items_purged":["Strike_R","Strike_R"],"gold":37,"score":790,"play_id":"8d83b0e1-4078-44db-b696-9eeeecfa0ce4","local_time":"20180328122007","is_prod":false,"is_daily":false,"is_ascension_mode":false,"campfire_upgraded":7,"timestamp":1522254007,"path_taken":["M","?","?","?","?","R","?","M","T","?","E","?","M","M","R","BOSS","M","M","?","?","?","R","M","M","T","M","M","?","M","M","R","BOSS","M","M","?","M","M","R","M","R","T","M","$","E","M","$","R","BOSS"],"build_version":"2018-03-22v2","purchased_purges":2,"victory":true,"master_deck":["Strike_R","Defend_R","Defend_R","Defend_R+1","Defend_R+1","Flex+1","Flex+1","Sword Boomerang","Flex+1","Heavy Blade+1","Heavy Blade","Thunderclap","Inflame+1","Limit Break","Flex","Double Tap+1","Thunderclap+1","Flex+1","Inflame+1","Pommel Strike+1","Whirlwind+1","Master of Strategy"],"max_hp_per_floor":[80,80,80,80,80,80,80,80,80,80,87,87,87,87,87,87,87,87,87,87,87,87,87,87,87,87,87,87,87,87,87,87,87,87,87,87,87,87,87,87,87,87,87,87,87,87,87,87,87,87],"relics":["Burning Blood","NeowsBlessing","War Paint","Ice Cream","Strawberry","Anchor","White Beast Statue","Bag of Marbles","Champion Belt","Runic Pyramid","Old Coin","Toolbox","Pen Nib","Vajra","Lantern"],"card_choices":[{"not_picked":["Iron Wave","Armaments"],"picked":"Flex","floor":1.0},{"not_picked":["Thunderclap","Reckless Charge"],"picked":"Flex","floor":8.0},{"not_picked":["Warcry","Armaments"],"picked":"Sword Boomerang","floor":10.0},{"not_picked":["Infernal Blade","Cleave"],"picked":"Flex","floor":13.0},{"not_picked":["Havoc","Dark Embrace"],"picked":"Heavy Blade","floor":14.0},{"not_picked":["Havoc","Warcry"],"picked":"Heavy Blade","floor":18.0},{"not_picked":["Seeing Red","Wild Strike"],"picked":"Thunderclap","floor":25.0},{"not_picked":["Anger","Rupture"],"picked":"Inflame","floor":27.0},{"not_picked":["Sword Boomerang","Perfected Strike"],"picked":"Limit Break","floor":28.0},{"not_picked":["Feel No Pain","Wild Strike"],"picked":"Flex","floor":30.0},{"not_picked":["Feed","Berserk"],"picked":"Double Tap","floor":33.0},{"not_picked":["True Grit","Cleave"],"picked":"Thunderclap","floor":35.0},{"not_picked":["Burning Pact","Wild Strike"],"picked":"Flex","floor":37.0},{"not_picked":["Shrug It Off","Infernal Blade"],"picked":"Inflame","floor":38.0},{"not_picked":["Clothesline","True Grit"],"picked":"Pommel Strike","floor":39.0}],"player_experience":142205,"potions_floor_usage":[50,50,50],"damage_taken":[{"damage":0.0,"enemies":"Cultist","floor":1.0,"turns":1.0},{"damage":0.0,"enemies":"2 Louse","floor":2.0,"turns":1.0},{"damage":0.0,"enemies":"Jaw Worm","floor":4.0,"turns":1.0},{"damage":10.0,"enemies":"2 Fungi Beasts","floor":8.0,"turns":3.0},{"damage":0.0,"enemies":"Gremlin Gang","floor":10.0,"turns":5.0},{"damage":16.0,"enemies":"Gremlin Nob","floor":11.0,"turns":3.0},{"damage":0.0,"enemies":"3 Louse","floor":13.0,"turns":4.0},{"damage":2.0,"enemies":"Blue Slaver","floor":14.0,"turns":3.0},{"damage":18.0,"enemies":"The Guardian","floor":16.0,"turns":6.0},{"damage":2.0,"enemies":"Spheric Guardian","floor":18.0,"turns":3.0},{"damage":7.0,"enemies":"2 Thieves","floor":19.0,"turns":5.0},{"damage":3.0,"enemies":"Snake Plant","floor":24.0,"turns":3.0},{"damage":0.0,"enemies":"Snecko","floor":25.0,"turns":2.0},{"damage":4.0,"enemies":"Centurion and Healer","floor":27.0,"turns":4.0},{"damage":13.0,"enemies":"Cultist and Chosen","floor":28.0,"turns":4.0},{"damage":8.0,"enemies":"3 Cultists","floor":30.0,"turns":5.0},{"damage":23.0,"enemies":"Snecko","floor":31.0,"turns":4.0},{"damage":54.0,"enemies":"Champ","floor":33.0,"turns":7.0},{"damage":6.0,"enemies":"3 Shapes","floor":35.0,"turns":3.0},{"damage":18.0,"enemies":"Orb Walker","floor":36.0,"turns":4.0},{"damage":31.0,"enemies":"Mysterious Sphere","floor":37.0,"turns":5.0},{"damage":8.0,"enemies":"3 Darklings","floor":38.0,"turns":3.0},{"damage":2.0,"enemies":"4 Shapes","floor":39.0,"turns":7.0},{"damage":7.0,"enemies":"Maw","floor":41.0,"turns":4.0},{"damage":8.0,"enemies":"3 Darklings","floor":44.0,"turns":3.0},{"damage":0.0,"enemies":"Giant Head","floor":46.0,"turns":2.0},{"damage":9.0,"enemies":"Sphere and 2 Shapes","floor":47.0,"turns":2.0},{"damage":24,"enemies":"Donu and Deca","floor":50,"turns":4}],"event_choices":[{"event_name":"World of Goop","player_choice":"Gather Gold","floor":3.0,"damage_taken":0.0},{"event_name":"Scrap Ooze","player_choice":"success","floor":5.0,"damage_taken":33.0},{"event_name":"The Cleric","player_choice":"Card Removal","floor":7.0,"damage_taken":0.0},{"event_name":"Bonfire Elementals","player_choice":"BASIC","floor":20.0,"damage_taken":0.0},{"event_name":"Addict","player_choice":"Obtained Relic","floor":21.0,"damage_taken":0.0},{"event_name":"Drug Dealer","player_choice":"Ignored","floor":22.0,"damage_taken":0.0},{"event_name":"Beggar","player_choice":"Gave Gold","floor":29.0,"damage_taken":0.0},{"event_name":"Mysterious Sphere","player_choice":"Fight","floor":37.0,"damage_taken":0.0}],"boss_relics":[],"potions_floor_spawned":[4,10,11,16,18,19,24,25,27,28,30,31,33,35,36,37,38,39,41,44,46,47],"seed_played":"7260166333631721974","ascension_level":0,"is_trial":false}