{"path_per_floor":["M","?","T","$","M","R","M","E","T","M","M","R","T","M","R","B",null,"M","?","?","$","?","R","M","$","T","R","M","E","R","M","R","B",null,"M","?","$","?","$","E","R","M","T","R","T","R","$","M","R","B"],"character_chosen":"IRONCLAD","items_purchased":["Whetstone","Madness","Ancient Tea Set","Meat on the Bone"],"gold_per_floor":[113,113,113,113,134,134,148,183,236,252,275,275,355,375,375,495,533,553,468,468,249,199,199,217,15,39,39,62,96,96,116,116,242,242,263,263,115,115,115,150,150,168,220,220,290,290,34,55,55,55],"floor_reached":51,"campfire_rested":2,"playtime":1539,"current_hp_per_floor":[80,60,60,60,60,60,48,38,38,29,28,28,28,30,55,21,95,86,86,86,86,86,86,88,88,88,88,90,73,73,75,75,28,117,94,94,94,94,94,20,20,22,22,22,22,22,22,32,69,24],"items_purged":["Defend_R","Bash"],"gold":55,"score":833,"play_id":"7358ba4f-6519-49f7-93b1-8ab76239be22","local_time":"20180330011345","is_prod":false,"is_daily":false,"is_ascension_mode":true,"campfire_upgraded":9,"timestamp":1522386825,"path_taken":["M","?","?","$","?","R","?","E","T","M","M","R","?","M","R","BOSS","M","?","?","?","?","R","M","$","T","R","M","E","R","M","R","BOSS","M","?","$","?","$","E","R","M","T","R","?","R","$","M","R","BOSS"],"build_version":"2018-03-29","purchased_purges":2,"victory":true,"master_deck":["Strike_R+1","Strike_R+1","Defend_R","Defend_R","Defend_R","Sever Soul+1","Searing Blow+11","Thunderclap+1","Searing Blow+3","Madness","Secret Weapon"],"max_hp_per_floor":[80,80,80,80,80,80,80,80,80,82,84,84,84,86,86,88,95,97,97,97,97,97,97,99,99,99,99,101,103,103,105,105,107,117,119,119,119,119,119,121,121,123,123,123,123,123,123,125,125,125],"relics":["Astrolabe","Golden Idol","Torii","Happy Flower","Singing Bowl","Self Forming Clay","Tiny House","Bag of Marbles","Whetstone","Orichalcum","Omamori","Orrery","Ancient Tea Set","Centennial Puzzle","Bronze Scales","Letter Opener","Meat on the Bone"],"card_choices":[{"not_picked":["Swift Strike","Dark Shackles"],"picked":"Secret Weapon","floor":36}],"player_experience":177028,"potions_floor_usage":[8,10,18,24,29,33,33,48],"damage_taken":[{"damage":0,"enemies":"2 Louse","floor":1,"turns":2},{"damage":0,"enemies":"Small Slimes","floor":5,"turns":2},{"damage":12,"enemies":"Jaw Worm","floor":7,"turns":2},{"damage":10,"enemies":"3 Sentries","floor":8,"turns":5},{"damage":11,"enemies":"Exordium Thugs","floor":10,"turns":2},{"damage":3,"enemies":"Lots of Slimes","floor":11,"turns":3},{"damage":0,"enemies":"Exordium Wildlife","floor":14,"turns":2},{"damage":36,"enemies":"Slime Boss","floor":16,"turns":7},{"damage":11,"enemies":"Spheric Guardian","floor":18,"turns":3},{"damage":0,"enemies":"2 Thieves","floor":24,"turns":1},{"damage":0,"enemies":"Snake Plant","floor":28,"turns":1},{"damage":19,"enemies":"Gremlin Leader","floor":29,"turns":3},{"damage":0,"enemies":"Snecko","floor":31,"turns":2},{"damage":64,"enemies":"Automaton","floor":33,"turns":7},{"damage":25,"enemies":"3 Shapes","floor":35,"turns":3},{"damage":76,"enemies":"Giant Head","floor":40,"turns":7},{"damage":0,"enemies":"Orb Walker","floor":42,"turns":1},{"damage":10,"enemies":"3 Darklings","floor":48,"turns":3},{"damage":57,"enemies":"Time Eater","floor":50,"turns":6}],"event_choices":[{"event_name":"Golden Idol","player_choice":"Take Damage","floor":2,"damage_taken":0},{"event_name":"Addict","player_choice":"Obtained Relic","floor":19,"damage_taken":0},{"event_name":"Duplicator","player_choice":"One dupe","floor":20,"damage_taken":0},{"event_name":"The Joust","player_choice":"Bet on Murderer","floor":22,"damage_taken":0},{"event_name":"SensoryStone","player_choice":"Memory 1","floor":36,"damage_taken":0},{"event_name":"Match and Keep!","player_choice":"0 cards matched","floor":38,"damage_taken":0}],"boss_relics":[{"not_picked":["Runic Pyramid","Eternal Feather"],"picked":"Tiny House"},{"not_picked":["Runic Cube","Cursed Key"],"picked":"Orrery"}],"potions_floor_spawned":[7,8,10,14,18,28,40],"seed_played":"3986514425447554312","ascension_level":2,"is_trial":false}