{"path_per_floor":["M","M","$","M","M","E","R","?","T","M","M","R","M","M","R","B",null,"M","?","?","M","$","R","M","M","T","R","M","M","M","M","R"],"character_chosen":"IRONCLAD","items_purchased":["Flex","Ice Cream"],"gold_per_floor":[113,132,106,124,144,177,177,127,201,221,234,234,254,264,264,365,365,379,379,379,392,21,21,34,46,46,46,59,78,94,105,105,105],"floor_reached":33,"campfire_rested":2,"playtime":1196,"current_hp_per_floor":[80,80,80,80,80,72,72,72,72,78,80,80,80,80,80,58,80,67,51,51,47,47,47,38,32,32,56,44,31,35,18,42,0],"items_purged":["Strike_R"],"gold":105,"score":257,"play_id":"4b522ef2-03e6-449b-b070-f53fa0d2f096","local_time":"20180327234802","is_prod":false,"is_daily":false,"is_ascension_mode":false,"campfire_upgraded":4,"timestamp":1522208882,"path_taken":["M","M","$","?","M","E","R","?","T","?","?","R","M","M","R","BOSS","M","?","?","M","$","R","?","?","T","R","M","M","M","M","R","BOSS"],"build_version":"2018-03-22v2","purchased_purges":3,"victory":false,"master_deck":["Strike_R","Strike_R","Defend_R","Defend_R","Defend_R","Defend_R+1","Bash","Clash+1","Flex+1","Limit Break+1","Clash+1","Double Tap"],"max_hp_per_floor":[80,80,80,80,80,80,80,80,80,80,80,80,80,80,80,80,80,80,80,80,80,80,80,80,80,80,80,80,80,80,80,80,80],"relics":["Burning Blood","Lantern","Matryoshka","Philosopher\u0027s Stone","Enchiridion","Ice Cream","Bag of Preparation","Thread and Needle"],"card_choices":[{"not_picked":["Heavy Blade","Perfected Strike"],"picked":"Clash","floor":1},{"not_picked":["Pommel Strike","Iron Wave"],"picked":"Limit Break","floor":11},{"not_picked":["Warcry","Clothesline"],"picked":"Clash","floor":28},{"not_picked":["Headbutt","Reckless Charge"],"picked":"Double Tap","floor":31}],"player_experience":135556,"potions_floor_usage":[6,11,18,21,24],"damage_taken":[{"damage":6,"enemies":"Cultist","floor":1,"turns":3},{"damage":0,"enemies":"Small Slimes","floor":2,"turns":2},{"damage":2,"enemies":"2 Louse","floor":4,"turns":2},{"damage":5,"enemies":"Large Slime","floor":5,"turns":5},{"damage":14,"enemies":"Gremlin Nob","floor":6,"turns":3},{"damage":0,"enemies":"Lots of Slimes","floor":10,"turns":3},{"damage":3,"enemies":"Red Slaver","floor":11,"turns":3},{"damage":1,"enemies":"2 Fungi Beasts","floor":13,"turns":3},{"damage":1,"enemies":"3 Louse","floor":14,"turns":4},{"damage":28,"enemies":"The Guardian","floor":16,"turns":6},{"damage":19,"enemies":"Shell Parasite","floor":18,"turns":4},{"damage":10,"enemies":"Chosen","floor":21,"turns":4},{"damage":15,"enemies":"Slaver and Parasite","floor":24,"turns":5},{"damage":12,"enemies":"Cultist and Chosen","floor":25,"turns":4},{"damage":18,"enemies":"Snecko","floor":28,"turns":5},{"damage":19,"enemies":"Snake Plant","floor":29,"turns":3},{"damage":2,"enemies":"Sentry and Sphere","floor":30,"turns":3},{"damage":23,"enemies":"Snecko","floor":31,"turns":7},{"damage":46,"enemies":"Collector","floor":33,"turns":3}],"event_choices":[{"event_name":"The Cleric","player_choice":"Card Removal","floor":8,"damage_taken":0},{"event_name":"Cursed Tome","player_choice":"Obtained Book","floor":19,"damage_taken":0},{"event_name":"Back to Basics","player_choice":"Elegance","floor":20,"damage_taken":0}],"boss_relics":[{"not_picked":["Runic Pyramid","Mark of Pain"],"picked":"Philosopher\u0027s Stone"}],"potions_floor_spawned":[2,5,10,13,16,21,28,30,31],"seed_played":"-598084957096545892","killed_by":"Collector","ascension_level":0,"is_trial":false}