{"path_per_floor":["M","M","M","?","M","R","$","T","T","R","E","$","E","M","R","B",null,"M","M","?","$","M","R","?","R","T","M","M","M","?","M","R","B",null,"M","T","M","$","?"],"character_chosen":"IRONCLAD","items_purchased":["Lantern","Vajra"],"gold_per_floor":[140,156,166,166,179,179,26,52,76,76,101,26,58,71,71,166,166,182,196,196,41,54,54,54,54,54,72,84,100,100,120,120,218,218,237,237,247,147,147,147],"floor_reached":40,"campfire_rested":3,"playtime":1391,"current_hp_per_floor":[80,80,80,80,75,75,75,75,75,75,59,59,59,58,80,31,80,78,80,64,64,50,50,35,60,60,44,53,47,47,22,47,35,85,81,81,57,57,46,0],"items_purged":["Strike_R","Regret"],"gold":147,"score":423,"play_id":"cc61407c-8e6b-42b5-ac0d-f11a121ae6bb","local_time":"20180328131952","is_prod":false,"is_daily":false,"is_ascension_mode":false,"campfire_upgraded":3,"timestamp":1522257592,"path_taken":["M","M","M","?","M","R","?","?","T","R","E","$","E","M","R","BOSS","M","M","?","$","M","R","?","R","T","?","?","M","?","M","R","BOSS","M","?","M","$","?","E"],"build_version":"2018-03-22v2","purchased_purges":2,"victory":false,"master_deck":["Strike_R","Strike_R","Strike_R","Defend_R","Defend_R","Defend_R","Defend_R","Bash+1","Flex+1","Limit Break+1","Fiend Fire","Dual Wield","Battle Trance","Limit Break+1","Double Tap","Flex","Madness","Madness"],"max_hp_per_floor":[80,80,80,80,80,80,80,80,80,80,80,80,80,80,80,80,80,80,80,80,80,80,80,85,85,85,85,85,85,85,85,85,85,85,85,85,85,85,85,85],"relics":["Burning Blood","Tiny Chest","Lantern","Blood Vial","Oddly Smooth Stone","Meat on the Bone","Prayer Wheel","Cursed Key","Enchiridion","Vajra","Philosopher\u0027s Stone","Bird Faced Urn"],"card_choices":[{"not_picked":["Havoc","True Grit"],"picked":"Flex","floor":2},{"not_picked":["Dark Embrace","Demon Form"],"picked":"Limit Break","floor":16},{"not_picked":["Inflame","Rupture"],"picked":"Fiend Fire","floor":27},{"not_picked":["Body Slam","Clash"],"picked":"Dual Wield","floor":28},{"not_picked":["True Grit","Twin Strike"],"picked":"Battle Trance","floor":29},{"not_picked":["Brutality","Limit Break"],"picked":"Double Tap","floor":33},{"not_picked":["Intimidate","Cleave"],"picked":"Flex","floor":36}],"player_experience":146502,"potions_floor_usage":[13,18,19,31,40,40],"damage_taken":[{"damage":6,"enemies":"Jaw Worm","floor":1,"turns":3},{"damage":6,"enemies":"Cultist","floor":2,"turns":3},{"damage":0,"enemies":"Small Slimes","floor":3,"turns":2},{"damage":11,"enemies":"Blue Slaver","floor":5,"turns":4},{"damage":24,"enemies":"Lagavulin","floor":11,"turns":5},{"damage":8,"enemies":"Gremlin Nob","floor":13,"turns":3},{"damage":9,"enemies":"Red Slaver","floor":14,"turns":3},{"damage":67,"enemies":"The Guardian","floor":16,"turns":15},{"damage":8,"enemies":"2 Thieves","floor":18,"turns":4},{"damage":5,"enemies":"Chosen","floor":19,"turns":5},{"damage":34,"enemies":"Centurion and Healer","floor":22,"turns":5},{"damage":36,"enemies":"Snake Plant","floor":27,"turns":3},{"damage":11,"enemies":"3 Cultists","floor":28,"turns":7},{"damage":26,"enemies":"Sentry and Sphere","floor":29,"turns":4},{"damage":45,"enemies":"Slaver and Parasite","floor":31,"turns":4},{"damage":32,"enemies":"Automaton","floor":33,"turns":6},{"damage":10,"enemies":"Orb Walker","floor":35,"turns":3},{"damage":46,"enemies":"3 Darklings","floor":37,"turns":7},{"damage":63,"enemies":"2 Orb Walkers","floor":40,"turns":3}],"event_choices":[{"event_name":"Living Wall","player_choice":"Forget","floor":4,"damage_taken":0},{"event_name":"Cursed Tome","player_choice":"Obtained Book","floor":20,"damage_taken":0},{"event_name":"Forgotten Altar","player_choice":"Shed Blood","floor":24,"damage_taken":0},{"event_name":"Duplicator","player_choice":"One dupe","floor":30,"damage_taken":0},{"event_name":"Winding Halls","player_choice":"Embrace Madness","floor":39,"damage_taken":0}],"boss_relics":[{"not_picked":["White Beast Statue","Ectoplasm"],"picked":"Cursed Key"},{"not_picked":["Runic Cube","Lizard Tail"],"picked":"Philosopher\u0027s Stone"}],"potions_floor_spawned":[1,2,14,16,19,22,33],"seed_played":"-432154662463577579","killed_by":"2 Orb Walkers","ascension_level":0,"is_trial":false}