{"path_per_floor":["M","?","$","?","M","E","R","E","T","E","?","M","E","?","R","B",null,"M","?","$","?","?","E","M","E","T","E","R","M","M","?","R","B",null,"M","?","M","?","?"],"character_chosen":"IRONCLAD","items_purchased":["Lantern"],"gold_per_floor":[12,12,12,12,29,55,55,89,89,119,189,209,241,241,241,345,345,363,363,136,136,136,162,176,203,254,283,283,299,312,237,237,338,338,352,352,371,371,371,371],"floor_reached":40,"campfire_rested":1,"playtime":1767,"current_hp_per_floor":[74,74,74,74,80,72,72,47,47,50,50,54,54,54,54,35,80,71,56,56,56,56,63,63,33,33,36,66,69,60,60,60,45,102,102,102,99,86,86,0],"items_purged":["Bash"],"gold":371,"score":595,"play_id":"a3085796-ea7a-4c1f-a56a-efb66444f5c3","local_time":"20180403002224","is_prod":false,"is_daily":false,"is_ascension_mode":true,"campfire_upgraded":3,"timestamp":1522729344,"path_taken":["M","?","$","?","M","E","R","E","T","E","?","?","E","?","R","BOSS","M","?","$","?","?","E","?","E","T","E","R","M","M","?","R","BOSS","M","?","M","?","?","E"],"build_version":"2018-03-29v2","purchased_purges":1,"victory":false,"master_deck":["Defend_R+1","Defend_R+1","Clash+1","Bludgeon+1","Iron Wave+1","Thunderclap+1","Seeing Red+1","Anger+1","Immolate+1","Bloodletting+1","Intimidate","Rage+1","Dual Wield+1","Flex+1","True Grit+1","Reaper+1","Limit Break+1","Flex+1","Shrug It Off+1","Thunderclap+1","Madness","Madness","Flex+1"],"max_hp_per_floor":[80,80,80,80,80,80,80,80,80,80,80,80,80,80,80,80,80,80,85,85,85,85,95,95,95,95,102,102,102,102,102,102,102,102,102,102,102,102,102,102],"relics":["Burning Blood","Molten Egg 2","War Paint","Unceasing Top","Question Card","Oddly Smooth Stone","Black Star","Lantern","Pear","Smiling Mask","Darkstone Periapt","Letter Opener","Ancient Tea Set","Juzu Bracelet","Strawberry","Astrolabe"],"card_choices":[{"not_picked":["Sword Boomerang","Infernal Blade"],"picked":"Iron Wave","floor":1},{"not_picked":["Flex","Fire Breathing"],"picked":"Thunderclap","floor":8},{"not_picked":["Whirlwind","Anger"],"picked":"Seeing Red","floor":10},{"not_picked":["Shrug It Off","Twin Strike","Rage"],"picked":"Anger","floor":12},{"not_picked":["Demon Form","Berserk","Dark Embrace"],"picked":"Immolate","floor":16},{"not_picked":["True Grit","Warcry","Disarm"],"picked":"Bloodletting","floor":18},{"not_picked":["Impervious","Sever Soul","Wild Strike"],"picked":"Rage","floor":24},{"not_picked":["Heavy Blade","Entrench","Shrug It Off"],"picked":"Dual Wield","floor":25},{"not_picked":["Body Slam","Sentinel","Cleave"],"picked":"Flex","floor":27},{"not_picked":["Wild Strike","Feel No Pain","Infernal Blade"],"picked":"True Grit","floor":29},{"not_picked":["Bludgeon","Immolate","Dark Embrace"],"picked":"Reaper","floor":33},{"not_picked":["Reckless Charge","Disarm","Ghostly Armor"],"picked":"Thunderclap","floor":35}],"player_experience":104057,"potions_floor_usage":[16,27,27],"damage_taken":[{"damage":12,"enemies":"Jaw Worm","floor":1,"turns":2},{"damage":0,"enemies":"2 Louse","floor":5,"turns":2},{"damage":14,"enemies":"Gremlin Nob","floor":6,"turns":3},{"damage":31,"enemies":"Lagavulin","floor":8,"turns":4},{"damage":3,"enemies":"3 Sentries","floor":10,"turns":6},{"damage":2,"enemies":"Small Slimes","floor":12,"turns":3},{"damage":6,"enemies":"Gremlin Nob","floor":13,"turns":3},{"damage":25,"enemies":"The Guardian","floor":16,"turns":6},{"damage":15,"enemies":"3 Byrds","floor":18,"turns":5},{"damage":9,"enemies":"Gremlin Leader","floor":23,"turns":5},{"damage":6,"enemies":"Shell Parasite","floor":24,"turns":2},{"damage":36,"enemies":"Book of Stabbing","floor":25,"turns":4},{"damage":10,"enemies":"Slavers","floor":27,"turns":3},{"damage":3,"enemies":"Snecko","floor":29,"turns":2},{"damage":15,"enemies":"Chosen and Byrds","floor":30,"turns":3},{"damage":21,"enemies":"Automaton","floor":33,"turns":6},{"damage":3,"enemies":"Orb Walker","floor":35,"turns":3},{"damage":9,"enemies":"3 Darklings","floor":37,"turns":4},{"damage":88,"enemies":"Nemesis","floor":40,"turns":6}],"event_choices":[{"event_name":"Living Wall","player_choice":"Grow","floor":2,"damage_taken":0},{"event_name":"Purifier","player_choice":"One Purge","floor":4,"damage_taken":0},{"event_name":"Golden Wing","player_choice":"Gained Gold","floor":11,"damage_taken":0},{"event_name":"Accursed Blacksmith","player_choice":"Forge","floor":14,"damage_taken":0},{"event_name":"Forgotten Altar","player_choice":"Shed Blood","floor":19,"damage_taken":0},{"event_name":"Ghosts","player_choice":"Ignored","floor":21,"damage_taken":0},{"event_name":"The Library","player_choice":"Read","floor":22,"damage_taken":0},{"event_name":"Beggar","player_choice":"Gave Gold","floor":31,"damage_taken":0},{"event_name":"Mysterious Sphere","player_choice":"Ignore","floor":36,"damage_taken":0},{"event_name":"Winding Halls","player_choice":"Embrace Madness","floor":38,"damage_taken":0},{"event_name":"Duplicator","player_choice":"One dupe","floor":39,"damage_taken":0}],"boss_relics":[{"not_picked":["Philosopher\u0027s Stone","Black Blood"],"picked":"Black Star"},{"not_picked":["Snecko Eye","White Beast Statue"],"picked":"Astrolabe"}],"potions_floor_spawned":[5,10,13,23,27,30],"seed_played":"-4949989540943910096","killed_by":"Nemesis","ascension_level":2,"is_trial":false}