{"path_per_floor":["M","M","M","M","$","E","?","E","T","?","M","?","$","?","R","B",null,"M","?","?","?","?","E","R","E","T","?","?","R","E","M","R"],"character_chosen":"IRONCLAD","items_purchased":["Offering","Ancient Tea Set"],"gold_per_floor":[115,129,149,167,26,51,51,78,126,126,140,315,97,97,97,200,200,211,211,211,126,126,152,152,183,210,210,210,210,244,264,264,264],"floor_reached":33,"campfire_rested":3,"playtime":1945,"current_hp_per_floor":[78,77,77,69,69,80,80,58,58,42,42,42,42,42,66,62,80,76,61,61,61,61,25,65,50,50,50,50,50,20,29,59,0],"items_purged":["Doubt"],"gold":264,"score":403,"play_id":"fa814796-bf40-488a-81e2-7eec0c458173","local_time":"20180326191515","is_prod":false,"is_daily":false,"is_ascension_mode":true,"campfire_upgraded":1,"timestamp":1522106115,"path_taken":["M","M","M","M","$","E","?","E","T","?","M","?","$","?","R","BOSS","M","?","?","?","?","E","R","E","T","?","?","R","E","M","R","BOSS"],"build_version":"2018-03-22v2","purchased_purges":1,"victory":false,"master_deck":["Defend_R+1","Defend_R","Defend_R","Defend_R","Bash+1","Perfected Strike+1","Pommel Strike+1","Shrug It Off","Havoc","Offering+1","Armaments+1","Immolate","Writhe","Battle Trance+1","Bite","Bite","Bite","Bite","Bite","Cleave+1"],"max_hp_per_floor":[80,80,80,80,80,80,80,80,80,80,80,80,80,80,80,80,80,80,85,85,85,85,85,85,85,85,85,59,59,59,59,59,59],"relics":["Mark of Pain","Juzu Bracelet","Dream Catcher","Orichalcum","Ancient Tea Set","Lizard Tail","Toxic Egg 2","Dodecahedron","Mummified Hand","Regal Pillow","War Paint","Bronze Scales","Gremlin Horn"],"card_choices":[{"not_picked":["Corruption","Infernal Blade"],"picked":"Perfected Strike","floor":1},{"not_picked":["Havoc","Infernal Blade"],"picked":"Pommel Strike","floor":2},{"not_picked":["Clothesline","Heavy Blade"],"picked":"Shrug It Off","floor":3},{"not_picked":["Cleave","Warcry"],"picked":"Havoc","floor":4},{"not_picked":["Shrug It Off","Iron Wave"],"picked":"Armaments","floor":15},{"not_picked":["Berserk","Feed"],"picked":"Immolate","floor":16},{"not_picked":["Flex","Iron Wave"],"picked":"Battle Trance","floor":23},{"not_picked":["Carnage","Corruption"],"picked":"Cleave","floor":32}],"player_experience":96341,"potions_floor_usage":[4,6,6,16,18,23,33],"damage_taken":[{"damage":2,"enemies":"Jaw Worm","floor":1,"turns":3},{"damage":1,"enemies":"Cultist","floor":2,"turns":3},{"damage":0,"enemies":"2 Louse","floor":3,"turns":2},{"damage":8,"enemies":"Exordium Wildlife","floor":4,"turns":4},{"damage":3,"enemies":"3 Sentries","floor":6,"turns":6},{"damage":22,"enemies":"Lagavulin","floor":8,"turns":5},{"damage":0,"enemies":"3 Louse","floor":11,"turns":3},{"damage":4,"enemies":"Slime Boss","floor":16,"turns":5},{"damage":4,"enemies":"Spheric Guardian","floor":18,"turns":4},{"damage":36,"enemies":"Book of Stabbing","floor":23,"turns":5},{"damage":15,"enemies":"Slavers","floor":25,"turns":4},{"damage":113,"enemies":"Gremlin Leader","floor":30,"turns":11},{"damage":9,"enemies":"2 Thieves","floor":31,"turns":4},{"damage":129,"enemies":"Champ","floor":33,"turns":18}],"event_choices":[{"event_name":"The Lab","player_choice":"Got Potions","floor":7,"damage_taken":0},{"event_name":"Shining Light","player_choice":"Entered Light","floor":10,"damage_taken":0},{"event_name":"Liars Game","player_choice":"agreed","floor":12,"damage_taken":0},{"event_name":"Living Wall","player_choice":"Grow","floor":14,"damage_taken":0},{"event_name":"Forgotten Altar","player_choice":"Shed Blood","floor":19,"damage_taken":0},{"event_name":"Accursed Blacksmith","player_choice":"Rummage","floor":20,"damage_taken":0},{"event_name":"Addict","player_choice":"Obtained Relic","floor":21,"damage_taken":0},{"event_name":"The Mausoleum","player_choice":"Yes","floor":22,"damage_taken":0},{"event_name":"Drug Dealer","player_choice":"Ignored","floor":27,"damage_taken":0},{"event_name":"Vampires","player_choice":"Became a vampire","floor":28,"damage_taken":0}],"boss_relics":[{"not_picked":["Runic Dome","Astrolabe"],"picked":"Lizard Tail"}],"potions_floor_spawned":[2,3,4,8,25],"seed_played":"514547057081277966","killed_by":"Champ","ascension_level":1,"is_trial":false}