{"path_per_floor":["M","?","M","$","?","E","M","R","T","?","?","M","T","$","R","B",null,"M","T","$","?","T","M","M","?","T"],"character_chosen":"IRONCLAD","items_purchased":["Tiny Chest","Flex"],"gold_per_floor":[212,212,222,24,24,53,72,72,72,22,22,36,36,13,13,114,114,132,157,57,57,57,67,81,531,531,531],"floor_reached":27,"campfire_rested":1,"playtime":544,"current_hp_per_floor":[80,73,79,79,79,49,43,67,81,81,63,63,63,63,63,29,94,92,92,92,92,92,74,65,17,17,0],"items_purged":["Strike_R","Strike_R"],"gold":531,"score":234,"play_id":"351a553d-faec-4751-b089-cb68ecdb883e","local_time":"20180329190922","is_prod":false,"is_daily":false,"is_ascension_mode":false,"campfire_upgraded":1,"timestamp":1522364962,"path_taken":["M","?","M","$","?","E","M","R","T","?","?","M","?","?","R","BOSS","M","?","$","?","?","M","M","?","T","M"],"build_version":"2018-03-22v2","purchased_purges":2,"victory":false,"master_deck":["Strike_R","Strike_R","Strike_R","Defend_R+1","Defend_R+1","Bash","Pommel Strike+1","Flex+1","Flex"],"max_hp_per_floor":[80,80,80,80,80,80,80,80,94,94,94,94,94,94,94,94,94,94,94,94,94,94,94,94,94,94,97],"relics":["Burning Blood","Tiny Chest","Juzu Bracelet","Mango","Toolbox","Orichalcum","Black Star","War Paint","Dead Branch","Unceasing Top"],"card_choices":[{"not_picked":["Iron Wave","Body Slam"],"picked":"Pommel Strike","floor":3}],"player_experience":167712,"potions_floor_usage":[16,18],"damage_taken":[{"damage":6,"enemies":"Cultist","floor":1,"turns":3},{"damage":0,"enemies":"2 Louse","floor":3,"turns":3},{"damage":36,"enemies":"Lagavulin","floor":6,"turns":6},{"damage":12,"enemies":"Small Slimes","floor":7,"turns":3},{"damage":6,"enemies":"3 Louse","floor":12,"turns":3},{"damage":40,"enemies":"Hexaghost","floor":16,"turns":8},{"damage":8,"enemies":"2 Thieves","floor":18,"turns":3},{"damage":24,"enemies":"Shell Parasite","floor":23,"turns":4},{"damage":15,"enemies":"Snake Plant","floor":24,"turns":3},{"damage":22,"enemies":"Sentry and Sphere","floor":27,"turns":5}],"event_choices":[{"event_name":"Golden Wing","player_choice":"Card Removal","floor":2,"damage_taken":0},{"event_name":"Upgrade Shrine","player_choice":"Upgraded","floor":5,"damage_taken":0},{"event_name":"The Cleric","player_choice":"Card Removal","floor":10,"damage_taken":0},{"event_name":"Scrap Ooze","player_choice":"success","floor":11,"damage_taken":18},{"event_name":"The Library","player_choice":"Read","floor":21,"damage_taken":0},{"event_name":"Knowing Skull","player_choice":"GOLD GOLD GOLD GOLD GOLD ","floor":25,"damage_taken":0}],"boss_relics":[{"not_picked":["Black Blood","Ectoplasm"],"picked":"Black Star"}],"potions_floor_spawned":[6,12,16],"seed_played":"526382684549332916","killed_by":"Sentry and Sphere","ascension_level":0,"is_trial":false}