{"path_per_floor":["M","?","?","M","$","E","$","?","T","R","M","E","M","?","R","B",null,"M","$","M","T","$","?","R","M","T","E","$","M","M","?","R","B",null,"M","M","M","M","?","E","M","E","T","E","?","M","E","T","R","B"],"character_chosen":"IRONCLAD","items_purchased":["Vajra","Pommel Strike","Perfected Strike","Dream Catcher","Anchor","Perfected Strike","Wild Strike","Weak Potion"],"gold_per_floor":[117,117,192,206,60,124,76,76,128,128,146,175,185,285,285,388,388,398,49,61,86,86,86,86,97,97,127,4,19,33,33,33,138,138,149,159,179,194,194,226,236,268,568,594,594,609,635,635,635,635],"floor_reached":51,"campfire_rested":2,"playtime":1532,"current_hp_per_floor":[80,80,69,74,74,53,53,53,53,53,59,47,46,46,70,20,80,66,66,68,68,68,68,68,70,70,63,63,69,75,75,75,55,80,80,80,76,71,71,63,65,53,53,56,56,59,61,71,97,17],"items_purged":[],"gold":635,"score":921,"play_id":"c455eabe-b32c-4b20-a841-d070e89a1ebc","local_time":"20180328015732","is_prod":false,"is_daily":false,"is_ascension_mode":false,"campfire_upgraded":3,"timestamp":1522216652,"path_taken":["M","?","?","?","$","E","$","?","T","R","M","E","M","?","R","BOSS","M","$","M","?","$","?","R","M","T","E","?","M","?","?","R","BOSS","M","?","?","M","?","E","M","E","T","E","?","M","E","?","R","BOSS"],"build_version":"2018-03-22v2","purchased_purges":1,"victory":true,"master_deck":["Strike_R+1","Strike_R+1","Strike_R+1","Strike_R+1","Strike_R+1","Defend_R+1","Defend_R+1","Defend_R+1","Defend_R+1","Bash+1","Perfected Strike+1","Twin Strike","Clash+1","Pommel Strike+1","Offering+1","Twin Strike+1","Dual Wield+1","Perfected Strike+1","Wild Strike+1","Perfected Strike+1","Wild Strike+1","Clash+1","Battle Trance+1","Perfected Strike+1","Wild Strike+1"],"max_hp_per_floor":[80,80,80,80,80,80,80,80,80,80,80,80,80,80,80,80,80,80,80,80,80,80,80,80,80,80,80,80,80,80,80,80,80,80,80,80,80,80,80,80,80,80,80,87,87,87,87,97,97,97],"relics":["Burning Blood","Vajra","Tiny Chest","Ancient Tea Set","Molten Egg 2","Orrery","Dream Catcher","Anchor","Whetstone","Letter Opener","Dead Branch","Sozu","Bird Faced Urn","Darkstone Periapt","Old Coin","Strawberry","Pantograph","Pear"],"card_choices":[{"not_picked":["Headbutt","Clothesline"],"picked":"Perfected Strike","floor":1},{"not_picked":["Ghostly Armor","Body Slam"],"picked":"Twin Strike","floor":4},{"not_picked":["True Grit","Bloodletting"],"picked":"Clash","floor":6},{"not_picked":["Headbutt","Dual Wield"],"picked":"Offering","floor":12},{"not_picked":["Battle Trance","Heavy Blade"],"picked":"Twin Strike","floor":17},{"not_picked":["Pummel","Havoc"],"picked":"Dual Wield","floor":17},{"not_picked":["Havoc","Flex"],"picked":"Wild Strike","floor":20},{"not_picked":["Combust","Uppercut"],"picked":"Clash","floor":30},{"not_picked":["Body Slam","Clothesline"],"picked":"Battle Trance","floor":37},{"not_picked":["Clash","Iron Wave"],"picked":"Perfected Strike","floor":40},{"not_picked":["Blood for Blood","Twin Strike"],"picked":"Wild Strike","floor":42}],"player_experience":140673,"potions_floor_usage":[27,42,50],"damage_taken":[{"damage":5,"enemies":"Small Slimes","floor":1,"turns":4},{"damage":1,"enemies":"Cultist","floor":4,"turns":4},{"damage":27,"enemies":"Gremlin Nob","floor":6,"turns":4},{"damage":0,"enemies":"2 Louse","floor":11,"turns":1},{"damage":18,"enemies":"Lagavulin","floor":12,"turns":4},{"damage":7,"enemies":"Red Slaver","floor":13,"turns":2},{"damage":56,"enemies":"Hexaghost","floor":16,"turns":5},{"damage":20,"enemies":"2 Thieves","floor":18,"turns":3},{"damage":4,"enemies":"Shell Parasite","floor":20,"turns":2},{"damage":4,"enemies":"Centurion and Healer","floor":25,"turns":2},{"damage":13,"enemies":"Slavers","floor":27,"turns":3},{"damage":0,"enemies":"Snecko","floor":29,"turns":2},{"damage":0,"enemies":"Sentry and Sphere","floor":30,"turns":2},{"damage":26,"enemies":"Automaton","floor":33,"turns":4},{"damage":2,"enemies":"3 Shapes","floor":35,"turns":3},{"damage":4,"enemies":"Orb Walker","floor":36,"turns":1},{"damage":10,"enemies":"4 Shapes","floor":37,"turns":4},{"damage":11,"enemies":"3 Darklings","floor":38,"turns":3},{"damage":14,"enemies":"Nemesis","floor":40,"turns":4},{"damage":4,"enemies":"Sphere and 2 Shapes","floor":41,"turns":3},{"damage":18,"enemies":"2 Orb Walkers","floor":42,"turns":3},{"damage":10,"enemies":"Nemesis","floor":44,"turns":3},{"damage":3,"enemies":"4 Shapes","floor":46,"turns":3},{"damage":4,"enemies":"2 Orb Walkers","floor":47,"turns":2},{"damage":88,"enemies":"Donu and Deca","floor":50,"turns":7}],"event_choices":[{"event_name":"Accursed Blacksmith","player_choice":"Forge","floor":2,"damage_taken":0},{"event_name":"World of Goop","player_choice":"Gather Gold","floor":3,"damage_taken":0},{"event_name":"Upgrade Shrine","player_choice":"Upgraded","floor":8,"damage_taken":0},{"event_name":"Wheel of Change","player_choice":"Gold","floor":14,"damage_taken":0},{"event_name":"Back to Basics","player_choice":"Simplicity","floor":23,"damage_taken":0},{"event_name":"The Library","player_choice":"Read","floor":31,"damage_taken":0},{"event_name":"Match and Keep!","player_choice":"0 cards matched","floor":45,"damage_taken":0}],"boss_relics":[{"not_picked":["Runic Pyramid","Velvet Choker"],"picked":"Orrery"},{"not_picked":["Calling Bell","Lizard Tail"],"picked":"Sozu"}],"potions_floor_spawned":[4,11,16,20,29,30,33,37,42,44,46],"seed_played":"6449424472219554378","ascension_level":0,"is_trial":false}