{"path_per_floor":["M","?","M","?","M","R","?","?","T","M","M","M","R","M","R","B",null,"M","T","?"],"character_chosen":"IRONCLAD","items_purchased":[],"gold_per_floor":[115,115,125,125,141,141,141,91,91,104,124,140,140,155,155,255,285,275,275,200,200],"floor_reached":21,"campfire_rested":1,"playtime":731,"current_hp_per_floor":[74,67,55,55,53,57,77,77,77,66,36,30,34,20,47,36,77,48,48,48,2],"items_purged":[],"gold":200,"score":188,"play_id":"4f2605c6-24af-4a82-b736-338c7397e046","local_time":"20180330004720","is_prod":false,"is_daily":false,"is_ascension_mode":true,"campfire_upgraded":2,"timestamp":1522385240,"path_taken":["M","?","M","?","?","R","?","?","T","M","?","?","R","M","R","BOSS","M","?","?","M"],"build_version":"2018-03-29","purchased_purges":0,"victory":false,"master_deck":["Strike_R","Strike_R","Strike_R","Strike_R","Defend_R","Defend_R","Defend_R","Defend_R","Bash","Cleave+1","Inflame","Flex+1","Thunderclap","Limit Break","Doubt","Doubt"],"max_hp_per_floor":[80,80,80,80,80,80,80,77,77,77,77,77,77,77,77,77,77,77,77,77,77],"relics":["Eternal Feather","Pen Nib","Unceasing Top","Calling Bell","Sundial","Tiny Chest","Lantern","Darkstone Periapt"],"card_choices":[{"not_picked":["Entrench","Warcry"],"picked":"Cleave","floor":1},{"not_picked":["Thunderclap","Shrug It Off"],"picked":"Flex","floor":10},{"not_picked":["Twin Strike","Iron Wave"],"picked":"Thunderclap","floor":14},{"not_picked":["Double Tap","Offering"],"picked":"Limit Break","floor":16}],"player_experience":176297,"potions_floor_usage":[16,16],"damage_taken":[{"damage":6,"enemies":"Cultist","floor":1,"turns":3},{"damage":12,"enemies":"Jaw Worm","floor":3,"turns":2},{"damage":2,"enemies":"2 Louse","floor":5,"turns":2},{"damage":11,"enemies":"Looter","floor":10,"turns":2},{"damage":30,"enemies":"Exordium Wildlife","floor":11,"turns":4},{"damage":6,"enemies":"3 Louse","floor":12,"turns":2},{"damage":14,"enemies":"Red Slaver","floor":14,"turns":2},{"damage":26,"enemies":"Slime Boss","floor":16,"turns":8},{"damage":29,"enemies":"2 Thieves","floor":18,"turns":4},{"damage":46,"enemies":"Shell Parasite","floor":21,"turns":5}],"event_choices":[{"event_name":"Scrap Ooze","player_choice":"success","floor":2,"damage_taken":7},{"event_name":"Living Wall","player_choice":"Change","floor":4,"damage_taken":0},{"event_name":"Mushrooms","player_choice":"Healed and dodged fight","floor":7,"damage_taken":0},{"event_name":"The Cleric","player_choice":"Card Removal","floor":8,"damage_taken":0},{"event_name":"Beggar","player_choice":"Gave Gold","floor":20,"damage_taken":0}],"boss_relics":[{"not_picked":["Runic Cube","Black Star"],"picked":"Calling Bell"}],"potions_floor_spawned":[1,11,12],"seed_played":"1646905165648163304","killed_by":"Shell Parasite","ascension_level":2,"is_trial":false}