{"path_per_floor":["M","?","?","$","M","R","M","R","T","M","?","M","M","M","R","B",null,"M","M","$","M","M","R"],"character_chosen":"IRONCLAD","items_purchased":["Flex","Shrug It Off","Master of Strategy","Happy Flower"],"gold_per_floor":[112,112,112,40,54,54,69,69,121,141,316,326,336,348,348,443,443,461,476,55,70,89,89,89],"floor_reached":24,"campfire_rested":1,"playtime":1121,"current_hp_per_floor":[72,72,72,72,72,72,72,72,72,72,72,72,72,70,70,68,72,61,57,57,45,32,53,0],"items_purged":["Doubt"],"gold":89,"score":217,"play_id":"dd992d9d-a218-484c-9bc9-e2d74bf67e97","local_time":"20180325164437","is_prod":false,"is_daily":false,"is_ascension_mode":false,"campfire_upgraded":3,"timestamp":1522010677,"path_taken":["M","?","?","$","M","R","?","R","T","M","?","M","M","M","R","BOSS","M","M","$","M","M","R","E"],"build_version":"2018-03-22v2","purchased_purges":1,"victory":false,"master_deck":["Defend_R","Defend_R","Defend_R","Defend_R","Bash","Sword Boomerang+1","Intimidate","Limit Break+1","Flex+1","Shrug It Off","Twin Strike","Inflame+1","Limit Break+1","Double Tap+1","Limit Break+1","Master of Strategy","Battle Trance","Inflame+1"],"max_hp_per_floor":[72,72,72,72,72,72,72,72,72,72,72,72,72,72,72,72,72,72,72,72,72,72,72,72],"relics":["Burning Blood","Dream Catcher","Astrolabe","Happy Flower"],"card_choices":[{"not_picked":["Warcry","Wild Strike"],"picked":"Sword Boomerang","floor":1},{"not_picked":["Rampage","Dropkick"],"picked":"Twin Strike","floor":5},{"not_picked":["Pommel Strike","Twin Strike"],"picked":"Inflame","floor":10},{"not_picked":["Rupture","Rage"],"picked":"Battle Trance","floor":22},{"not_picked":["Rampage","Anger"],"picked":"Inflame","floor":23}],"player_experience":46015,"potions_floor_usage":[19,22,22],"damage_taken":[{"damage":0,"enemies":"2 Louse","floor":1,"turns":3},{"damage":0,"enemies":"Cultist","floor":5,"turns":3},{"damage":2,"enemies":"Jaw Worm","floor":7,"turns":4},{"damage":6,"enemies":"Exordium Wildlife","floor":10,"turns":6},{"damage":5,"enemies":"Exordium Thugs","floor":12,"turns":5},{"damage":0,"enemies":"Gremlin Gang","floor":13,"turns":4},{"damage":8,"enemies":"Red Slaver","floor":14,"turns":2},{"damage":8,"enemies":"The Guardian","floor":16,"turns":7},{"damage":17,"enemies":"2 Thieves","floor":18,"turns":3},{"damage":10,"enemies":"Spheric Guardian","floor":19,"turns":3},{"damage":18,"enemies":"Centurion and Healer","floor":21,"turns":3},{"damage":28,"enemies":"3 Cultists","floor":22,"turns":4},{"damage":70,"enemies":"Slavers","floor":24,"turns":4}],"event_choices":[{"event_name":"Upgrade Shrine","player_choice":"Upgraded","floor":2,"damage_taken":0},{"event_name":"Match and Keep!","player_choice":"2 cards matched","floor":3,"damage_taken":0},{"event_name":"Liars Game","player_choice":"agreed","floor":11,"damage_taken":0}],"boss_relics":[{"not_picked":["Runic Dome","Snecko Eye"],"picked":"Astrolabe"}],"potions_floor_spawned":[10,12,13,18],"seed_played":"5116269811455443381","killed_by":"Slavers","ascension_level":0,"is_trial":false}