{"path_per_floor":["M","?","$","M","?","E","$","E","T","?","R","M","$","?","R","B",null,"M","?","$","M","M","E","?","?","T"],"character_chosen":"IRONCLAD","items_purchased":["Flex"],"gold_per_floor":[119,69,22,33,33,59,59,84,109,165,165,183,108,108,108,206,206,171,171,71,90,108,137,137,137,137,137],"floor_reached":27,"campfire_rested":0,"playtime":701,"current_hp_per_floor":[80,80,80,80,85,60,60,38,38,38,38,44,44,41,41,14,85,75,75,75,81,84,26,10,10,10,0],"items_purged":["Strike_R","Strike_R"],"gold":137,"score":262,"play_id":"8435fa05-ea6a-418b-b2d6-2b6272c3d192","local_time":"20180410153225","is_prod":false,"is_daily":false,"is_ascension_mode":false,"campfire_upgraded":2,"timestamp":1523388745,"path_taken":["M","?","?","?","?","E","?","E","T","?","R","M","$","?","R","BOSS","M","?","$","M","M","E","?","?","T","?"],"build_version":"2018-04-05v2","purchased_purges":2,"victory":false,"master_deck":["Strike_R","Strike_R","Defend_R+1","Defend_R+1","Defend_R","Bash","Demon Form+1","Flex","Thunderclap","Heavy Blade+1","Metallicize+1","Shrug It Off","Clash","Whirlwind","Seeing Red"],"max_hp_per_floor":[80,80,80,80,85,85,85,85,85,85,85,85,85,85,85,85,85,85,85,85,85,85,85,90,90,90,90],"relics":["Burning Blood","Frozen Egg 2","Darkstone Periapt","War Paint","Omamori","Sozu","Peace Pipe","Ginger"],"card_choices":[{"not_picked":["Perfected Strike","Metallicize"],"picked":"Thunderclap","floor":4},{"not_picked":["Metallicize","Double Tap"],"picked":"Heavy Blade","floor":6},{"not_picked":["Cleave","Flame Barrier"],"picked":"Metallicize","floor":8},{"not_picked":["Anger","Thunderclap"],"picked":"Shrug It Off","floor":12},{"not_picked":["Cleave","Armaments"],"picked":"Clash","floor":21},{"not_picked":["Clash","Sword Boomerang"],"picked":"Whirlwind","floor":22},{"not_picked":["Twin Strike","Flex"],"picked":"Seeing Red","floor":23}],"player_experience":256541,"potions_floor_usage":[],"damage_taken":[{"damage":6,"enemies":"Jaw Worm","floor":1,"turns":3},{"damage":0,"enemies":"2 Louse","floor":4,"turns":2},{"damage":31,"enemies":"Lagavulin","floor":6,"turns":7},{"damage":28,"enemies":"Gremlin Nob","floor":8,"turns":4},{"damage":0,"enemies":"Cultist","floor":12,"turns":3},{"damage":33,"enemies":"The Guardian","floor":16,"turns":7},{"damage":16,"enemies":"2 Thieves","floor":18,"turns":5},{"damage":0,"enemies":"Chosen","floor":21,"turns":5},{"damage":3,"enemies":"Snecko","floor":22,"turns":3},{"damage":64,"enemies":"Slavers","floor":23,"turns":4},{"damage":10,"enemies":"Sentry and Sphere","floor":27,"turns":2}],"event_choices":[{"event_name":"The Cleric","player_choice":"Card Removal","floor":2,"damage_taken":0},{"event_name":"Big Fish","player_choice":"Donut","floor":5,"damage_taken":0},{"event_name":"Golden Wing","player_choice":"Gained Gold","floor":10,"damage_taken":0},{"event_name":"Scrap Ooze","player_choice":"success","floor":14,"damage_taken":3},{"event_name":"Back to Basics","player_choice":"Elegance","floor":19,"damage_taken":0},{"event_name":"Forgotten Altar","player_choice":"Shed Blood","floor":24,"damage_taken":0},{"event_name":"Vampires","player_choice":"Ignored","floor":25,"damage_taken":0}],"boss_relics":[{"not_picked":["Eternal Feather","Astrolabe"],"picked":"Sozu"}],"potions_floor_spawned":[1,8,18,21,22],"seed_played":"4250500664916577982","killed_by":"Sentry and Sphere","ascension_level":0,"is_trial":false}