{"path_per_floor":["M","$","?","M","M","R","E","?","T","E","?","E","M","$","R","B",null,"M","M","?","M","$","R","E","T","T","R","$","R","?","E","R"],"character_chosen":"IRONCLAD","items_purchased":["Disarm"],"gold_per_floor":[118,36,36,47,58,58,88,88,88,121,121,147,160,85,85,184,184,196,215,215,231,131,131,158,158,158,158,33,33,33,58,58,58],"floor_reached":33,"campfire_rested":2,"playtime":1566,"current_hp_per_floor":[34,34,18,23,20,44,25,25,35,24,100,90,86,86,86,16,82,84,38,73,55,55,61,31,31,31,37,37,43,43,15,52,0],"items_purged":["Strike_R","Strike_R","Defend_R"],"gold":58,"score":513,"play_id":"9e8bc1f5-4172-422a-84cc-fdddd3e94f4f","local_time":"20180411190538","is_prod":false,"is_daily":false,"is_ascension_mode":true,"campfire_upgraded":2,"timestamp":1523487938,"path_taken":["M","$","?","M","?","R","E","?","T","E","?","E","M","$","R","BOSS","M","M","?","?","$","R","E","?","T","R","?","R","?","E","R","BOSS"],"build_version":"2018-04-05v2","purchased_purges":4,"victory":false,"master_deck":["Strike_R+1","Strike_R+1","Bash","AscendersBane","Whirlwind+1","Metallicize","Flex+1","Disarm","Flex+1","Shrug It Off","Corruption","Reaper","True Grit+1","Flex+1"],"max_hp_per_floor":[80,80,80,80,80,80,80,80,90,90,100,102,104,104,104,104,104,104,106,106,106,106,106,108,108,108,108,108,108,108,110,110,110],"relics":["Burning Blood","Toxic Egg 2","Pear","Unceasing Top","Singing Bowl","Eternal Feather","Mercury Hourglass","Peace Pipe","Orichalcum","Letter Opener"],"card_choices":[{"not_picked":["Burning Pact","Reckless Charge"],"picked":"Flex","floor":1},{"not_picked":["Rage","Intimidate"],"picked":"Flex","floor":4},{"not_picked":["Whirlwind","Second Wind"],"picked":"Shrug It Off","floor":5},{"not_picked":["Warcry","Hemokinesis"],"picked":"Bludgeon","floor":7},{"not_picked":["Whirlwind","Pommel Strike"],"picked":"Corruption","floor":10},{"not_picked":["Bludgeon","Demon Form"],"picked":"Reaper","floor":16},{"not_picked":["Body Slam","Pommel Strike"],"picked":"True Grit","floor":18},{"not_picked":["Twin Strike","Feel No Pain"],"picked":"Flex","floor":21}],"player_experience":296717,"potions_floor_usage":[5,16,19,31,31,31,33],"damage_taken":[{"damage":8,"enemies":"Small Slimes","floor":1,"turns":4},{"damage":1,"enemies":"Cultist","floor":4,"turns":3},{"damage":9,"enemies":"Jaw Worm","floor":5,"turns":3},{"damage":25,"enemies":"Gremlin Nob","floor":7,"turns":5},{"damage":17,"enemies":"Lagavulin","floor":10,"turns":7},{"damage":18,"enemies":"3 Sentries","floor":12,"turns":4},{"damage":12,"enemies":"Large Slime","floor":13,"turns":4},{"damage":76,"enemies":"Hexaghost","floor":16,"turns":14},{"damage":5,"enemies":"3 Byrds","floor":18,"turns":6},{"damage":57,"enemies":"Spheric Guardian","floor":19,"turns":8},{"damage":28,"enemies":"Snecko","floor":21,"turns":6},{"damage":44,"enemies":"Slavers","floor":24,"turns":5},{"damage":36,"enemies":"Book of Stabbing","floor":31,"turns":5},{"damage":78,"enemies":"Champ","floor":33,"turns":13}],"event_choices":[{"event_name":"Shining Light","player_choice":"Entered Light","floor":3,"damage_taken":0},{"event_name":"Liars Game","player_choice":"disagreed","floor":8,"damage_taken":0},{"event_name":"Bonfire Elementals","player_choice":"RARE","floor":11,"damage_taken":0},{"event_name":"The Library","player_choice":"Heal","floor":20,"damage_taken":0},{"event_name":"Upgrade Shrine","player_choice":"Upgraded","floor":30,"damage_taken":0}],"boss_relics":[{"not_picked":["Runic Cube","Calling Bell"],"picked":"Eternal Feather"}],"potions_floor_spawned":[4,7,13,16,18,21,24,31],"seed_played":"6426345769392577271","killed_by":"Champ","ascension_level":11,"is_trial":false}