{"path_per_floor":["M","?","?","M","M","E","M","M","T","M","T","?","$","E","R","B",null,"M","?","$","M","?","E","R"],"character_chosen":"IRONCLAD","items_purchased":["Clash","Dual Wield"],"gold_per_floor":[116,116,66,78,95,125,137,151,151,166,221,221,146,174,174,279,279,294,294,77,94,94,119,119,119],"floor_reached":25,"campfire_rested":0,"playtime":853,"current_hp_per_floor":[77,77,77,71,71,31,24,15,15,15,15,80,80,73,73,73,80,54,54,54,52,37,37,37,0],"items_purged":["Defend_R","Defend_R"],"gold":119,"score":321,"play_id":"a2a495bc-f36e-4ff7-b65a-64467e12a5dd","local_time":"20180410221407","is_prod":false,"is_daily":false,"is_ascension_mode":true,"campfire_upgraded":2,"timestamp":1523412847,"path_taken":["M","?","?","M","M","E","M","?","T","M","?","?","?","E","R","BOSS","M","?","$","M","?","E","R","E"],"build_version":"2018-04-05v2","purchased_purges":2,"victory":false,"master_deck":["Strike_R","Strike_R","Strike_R","Strike_R","Strike_R","Defend_R","Bash","Abandon+1","Clash","Double Tap","Thunderclap","Clash","Dual Wield+1"],"max_hp_per_floor":[80,80,80,80,80,80,80,80,80,80,80,80,80,80,80,80,80,80,80,80,80,85,85,85,85],"relics":["Philosopher\u0027s Stone","Omamori","Du-Vu Doll","Bronze Scales","Bottled Flame","Sozu","Pantograph"],"card_choices":[{"not_picked":["Iron Wave","Shrug It Off"],"picked":"Abandon","floor":1},{"not_picked":["True Grit","Rampage"],"picked":"Clash","floor":4},{"not_picked":["Inflame","Power Through"],"picked":"Double Tap","floor":6},{"not_picked":["Sentinel","Armaments"],"picked":"Carnage","floor":10},{"not_picked":["Iron Wave","Perfected Strike"],"picked":"Thunderclap","floor":14}],"player_experience":279888,"potions_floor_usage":[8,8,21,23],"damage_taken":[{"damage":3,"enemies":"Cultist","floor":1,"turns":3},{"damage":6,"enemies":"Jaw Worm","floor":4,"turns":2},{"damage":0,"enemies":"Small Slimes","floor":5,"turns":2},{"damage":40,"enemies":"Lagavulin","floor":6,"turns":6},{"damage":7,"enemies":"Looter","floor":7,"turns":2},{"damage":9,"enemies":"Exordium Thugs","floor":8,"turns":3},{"damage":0,"enemies":"Exordium Wildlife","floor":10,"turns":3},{"damage":7,"enemies":"Gremlin Nob","floor":14,"turns":3},{"damage":0,"enemies":"Slime Boss","floor":16,"turns":6},{"damage":26,"enemies":"Shell Parasite","floor":18,"turns":3},{"damage":2,"enemies":"2 Thieves","floor":21,"turns":2},{"damage":0,"enemies":"Gremlin Leader","floor":23,"turns":4},{"damage":39,"enemies":"Book of Stabbing","floor":25,"turns":2}],"event_choices":[{"event_name":"The Lab","player_choice":"Got Potions","floor":2,"damage_taken":0},{"event_name":"The Cleric","player_choice":"Card Removal","floor":3,"damage_taken":0},{"event_name":"Bonfire Elementals","player_choice":"UNCOMMON","floor":12,"damage_taken":0},{"event_name":"Drug Dealer","player_choice":"Ignored","floor":19,"damage_taken":0},{"event_name":"Forgotten Altar","player_choice":"Shed Blood","floor":22,"damage_taken":0}],"boss_relics":[{"not_picked":["Ooze Armor","Snecko Eye"],"picked":"Sozu"}],"potions_floor_spawned":[4,7,8,14,18,21,23],"seed_played":"-4266405686645380846","killed_by":"Book of Stabbing","ascension_level":1,"is_trial":false}