{"path_per_floor":["M","?","?","$","?","R","E","T","T","M","M","R","$","E","R","B",null,"M","?","M","?","M","E","R","$","T","M","E","?","E","M","R","B",null,"M","?","?","?","M","R","E","R","T","R","$","?","$","M","R","B"],"character_chosen":"IRONCLAD","items_purchased":["Apotheosis","Flex","Matryoshka","Bag of Preparation"],"gold_per_floor":[119,294,294,20,20,20,52,77,145,163,178,178,26,55,55,159,159,178,178,190,190,210,269,269,9,9,26,54,54,80,95,95,190,190,204,259,259,259,272,272,304,304,304,304,34,34,34,46,46,46],"floor_reached":51,"campfire_rested":0,"playtime":2367,"current_hp_per_floor":[80,80,80,80,80,80,80,80,80,80,80,80,80,73,73,79,80,80,40,40,40,40,40,40,40,40,40,40,40,35,40,40,26,40,40,40,40,35,40,40,40,40,40,40,40,40,40,40,40,40],"items_purged":["Defend_R","Regret","Normality"],"gold":46,"score":1006,"play_id":"792a9f35-5e4f-4264-86ba-7bc5ab38fcfd","local_time":"20180408032215","is_prod":false,"is_daily":false,"is_ascension_mode":true,"campfire_upgraded":6,"timestamp":1523172135,"path_taken":["M","?","?","$","?","R","E","?","T","M","?","R","$","E","R","BOSS","M","?","?","?","M","E","R","$","T","M","E","?","E","?","R","BOSS","M","?","?","?","M","R","E","R","T","R","$","?","?","M","R","BOSS"],"build_version":"2018-04-05v2","purchased_purges":3,"victory":true,"master_deck":["Clash","Apotheosis+1","Thunderclap","Infernal Blade+1","Flex+1","Reaper","Fiend Fire","Iron Wave","Dual Wield","Whirlwind","Wild Strike","Sever Soul","Flame Barrier","Sword Boomerang","Dual Wield+1","Ghostly+1","Ghostly","Ghostly","Ghostly+1","Ghostly","Flex","Pommel Strike+1","Limit Break+1","Madness","Madness","Battle Trance","Flex"],"max_hp_per_floor":[80,80,80,80,80,80,80,80,80,80,80,80,80,80,80,80,80,80,40,40,40,40,40,40,40,40,40,40,40,40,40,40,40,40,40,40,40,40,40,40,40,40,40,40,40,40,40,40,40,40],"relics":["Burning Blood","NeowsBlessing","Mercury Hourglass","Bronze Scales","Art of War","Meat on the Bone","Thread and Needle","Pandora\u0027s Box","Tiny Chest","Matryoshka","Paper Frog","Regal Pillow","Ancient Tea Set","Prayer Wheel","Lizard Tail","Gambling Chip","War Paint","Shovel","Dream Catcher","Blood Vial","Unceasing Top","Letter Opener","Bag of Preparation","Ginger"],"card_choices":[{"not_picked":["Burning Pact","Spot Weakness"],"picked":"Clash","floor":1},{"not_picked":["Clothesline","Uppercut"],"picked":"Thunderclap","floor":7},{"not_picked":["Warcry","Flame Barrier"],"picked":"Infernal Blade","floor":10},{"not_picked":["Perfected Strike","Sword Boomerang"],"picked":"Reaper","floor":14},{"not_picked":["Exhume","Demon Form"],"picked":"Fiend Fire","floor":16},{"not_picked":["Power Through","Shrug It Off"],"picked":"Flex","floor":27},{"not_picked":["Evolve","Clothesline"],"picked":"Pommel Strike","floor":31},{"not_picked":["Double Tap","Offering"],"picked":"Limit Break","floor":33},{"not_picked":["Thunderclap","Flex"],"picked":"Battle Trance","floor":39},{"not_picked":["Clothesline","Second Wind"],"picked":"Flex","floor":43}],"player_experience":204935,"potions_floor_usage":[30,36,36,50,50],"damage_taken":[{"damage":0,"enemies":"Small Slimes","floor":1,"turns":1},{"damage":0,"enemies":"3 Sentries","floor":7,"turns":1},{"damage":0,"enemies":"Jaw Worm","floor":10,"turns":1},{"damage":0,"enemies":"2 Louse","floor":11,"turns":2},{"damage":13,"enemies":"Lagavulin","floor":14,"turns":3},{"damage":0,"enemies":"Slime Boss","floor":16,"turns":3},{"damage":5,"enemies":"Spheric Guardian","floor":18,"turns":3},{"damage":0,"enemies":"Chosen","floor":20,"turns":4},{"damage":0,"enemies":"Snake Plant","floor":22,"turns":3},{"damage":1,"enemies":"Book of Stabbing","floor":23,"turns":5},{"damage":0,"enemies":"Slaver and Parasite","floor":27,"turns":6},{"damage":0,"enemies":"Slavers","floor":28,"turns":5},{"damage":16,"enemies":"Gremlin Leader","floor":30,"turns":7},{"damage":1,"enemies":"Centurion and Healer","floor":31,"turns":6},{"damage":32,"enemies":"Champ","floor":33,"turns":14},{"damage":0,"enemies":"3 Darklings","floor":35,"turns":4},{"damage":2,"enemies":"Mysterious Sphere","floor":36,"turns":5},{"damage":0,"enemies":"Orb Walker","floor":39,"turns":3},{"damage":0,"enemies":"Giant Head","floor":41,"turns":7},{"damage":0,"enemies":"3 Darklings","floor":48,"turns":1},{"damage":0,"enemies":"Awakened One","floor":50,"turns":8}],"event_choices":[{"event_name":"Liars Game","player_choice":"agreed","floor":2,"damage_taken":0},{"event_name":"Living Wall","player_choice":"Forget","floor":3,"damage_taken":0},{"event_name":"Big Fish","player_choice":"Box","floor":5,"damage_taken":0},{"event_name":"Ghosts","player_choice":"Became a Ghost","floor":19,"damage_taken":0},{"event_name":"Vampires","player_choice":"Ignored","floor":21,"damage_taken":0},{"event_name":"Addict","player_choice":"Ignored","floor":29,"damage_taken":0},{"event_name":"Mysterious Sphere","player_choice":"Fight","floor":36,"damage_taken":0},{"event_name":"Accursed Blacksmith","player_choice":"Rummage","floor":37,"damage_taken":0},{"event_name":"Winding Halls","player_choice":"Embrace Madness","floor":38,"damage_taken":0}],"boss_relics":[{"not_picked":["Velvet Choker","Runic Pyramid"],"picked":"Pandora\u0027s Box"},{"not_picked":["Black Blood","Runic Dome"],"picked":"Lizard Tail"}],"potions_floor_spawned":[1,10,16,22,27,30,33,35,36,41],"seed_played":"-6920318993333553216","ascension_level":1,"is_trial":false}