{"path_per_floor":["M","M","?","$","M","E","?","M","T","R","?","$","M","?","R","B",null,"M","M","M","M","T","R","?","R","T","M","$","M","M","M","R","B",null,"M","M","$","?","M","R","M","E","T","M","?","?","R","M","R","B"],"character_chosen":"IRONCLAD","items_purchased":["Blood Vial","Twin Strike","Bag of Marbles"],"gold_per_floor":[118,132,132,57,73,130,130,147,199,199,199,99,112,112,112,231,231,251,274,288,309,336,336,336,336,336,359,81,96,119,138,138,262,262,286,305,108,108,131,131,155,188,212,232,0,0,0,20,20,20],"floor_reached":51,"campfire_rested":2,"playtime":1161,"current_hp_per_floor":[67,68,68,68,72,72,72,66,66,66,52,52,39,39,39,45,67,67,60,46,22,22,22,22,22,22,28,28,32,40,48,48,39,67,67,59,59,51,59,59,46,7,7,15,15,15,35,37,57,33],"items_purged":["Defend_R","Decay","Defend_R"],"gold":20,"score":783,"play_id":"b0668dea-5ad2-4e22-b2d1-428a65d13137","local_time":"20180414234236","is_prod":false,"is_daily":false,"chose_seed":false,"is_ascension_mode":false,"campfire_upgraded":6,"timestamp":1523763756,"path_taken":["M","M","?","$","M","E","?","M","T","R","?","$","?","?","R","BOSS","M","M","M","M","?","R","?","R","T","M","?","?","M","M","R","BOSS","M","M","$","?","M","R","M","E","T","?","?","?","R","M","R","BOSS"],"build_version":"2018-04-13","seed_source_timestamp":20843401139367,"purchased_purges":3,"victory":true,"master_deck":["Strike_R","Strike_R","Strike_R+1","Strike_R","Strike_R","Defend_R+1","Bash+1","Perfected Strike+1","Pommel Strike+1","Thunderclap+1","Pommel Strike+1","Clash+1","Pommel Strike+1","Perfected Strike+1","Perfected Strike+1","Twin Strike","Offering","Twin Strike+1","Madness","Madness","Perfected Strike+1","Twin Strike+1"],"max_hp_per_floor":[72,72,72,72,72,72,72,72,72,72,72,72,72,67,67,67,67,67,67,67,67,67,67,67,67,67,67,67,67,67,67,67,67,67,67,67,67,67,67,67,67,67,67,67,67,67,67,67,67,67],"relics":["Burning Blood","Red Skull","Tiny Chest","Dream Catcher","Golden Idol","Velvet Choker","Bag of Preparation","Ornamental Fan","Blood Vial","Sozu","Bag of Marbles","Pen Nib","Whetstone","Red Mask"],"card_choices":[{"not_picked":["Body Slam","Heavy Blade"],"picked":"Perfected Strike","floor":1},{"not_picked":["Warcry","Armaments"],"picked":"Pommel Strike","floor":2},{"not_picked":["Sever Soul","Warcry"],"picked":"Thunderclap","floor":5},{"not_picked":["Reckless Charge","Cleave"],"picked":"Pommel Strike","floor":8},{"not_picked":["Flex","Thunderclap"],"picked":"Clash","floor":19},{"not_picked":["Anger","Carnage"],"picked":"Pommel Strike","floor":27},{"not_picked":["Hemokinesis","Rage"],"picked":"Perfected Strike","floor":29},{"not_picked":["Spot Weakness","Uppercut"],"picked":"Perfected Strike","floor":30},{"not_picked":["Sword Boomerang","Demon Form"],"picked":"Twin Strike","floor":31},{"not_picked":["Feed","Bludgeon"],"picked":"Offering","floor":33},{"not_picked":["Clash","Cleave"],"picked":"Perfected Strike","floor":41},{"not_picked":["Iron Wave","Cleave"],"picked":"Twin Strike","floor":49}],"player_experience":10260,"potions_floor_usage":[16,31,33,42],"damage_taken":[{"damage":11,"enemies":"Jaw Worm","floor":1,"turns":3},{"damage":5,"enemies":"2 Louse","floor":2,"turns":2},{"damage":1,"enemies":"Cultist","floor":5,"turns":3},{"damage":6,"enemies":"Gremlin Nob","floor":6,"turns":3},{"damage":12,"enemies":"2 Fungi Beasts","floor":8,"turns":2},{"damage":19,"enemies":"Large Slime","floor":13,"turns":4},{"damage":0,"enemies":"Slime Boss","floor":16,"turns":6},{"damage":0,"enemies":"Chosen","floor":18,"turns":3},{"damage":13,"enemies":"3 Byrds","floor":19,"turns":4},{"damage":20,"enemies":"Centurion and Healer","floor":20,"turns":3},{"damage":30,"enemies":"Sentry and Sphere","floor":21,"turns":4},{"damage":0,"enemies":"Snake Plant","floor":27,"turns":1},{"damage":4,"enemies":"Snecko","floor":29,"turns":3},{"damage":0,"enemies":"Centurion and Healer","floor":30,"turns":2},{"damage":0,"enemies":"Snake Plant","floor":31,"turns":2},{"damage":17,"enemies":"Champ","floor":33,"turns":5},{"damage":4,"enemies":"Orb Walker","floor":35,"turns":1},{"damage":14,"enemies":"3 Shapes","floor":36,"turns":2},{"damage":0,"enemies":"3 Darklings","floor":39,"turns":2},{"damage":21,"enemies":"Maw","floor":41,"turns":4},{"damage":50,"enemies":"Nemesis","floor":42,"turns":3},{"damage":0,"enemies":"Flame Bruiser 2 Orb","floor":44,"turns":2},{"damage":6,"enemies":"Sphere and 2 Shapes","floor":48,"turns":2},{"damage":32,"enemies":"Time Eater","floor":50,"turns":3}],"event_choices":[{"event_name":"Living Wall","player_choice":"Forget","floor":3,"damage_taken":0},{"event_name":"Wheel of Change","player_choice":"Curse","floor":7,"damage_taken":0},{"event_name":"Shining Light","player_choice":"Entered Light","floor":11,"damage_taken":0},{"event_name":"Golden Idol","player_choice":"Lose Max HP","floor":14,"damage_taken":0},{"event_name":"Upgrade Shrine","player_choice":"Upgraded","floor":24,"damage_taken":0},{"event_name":"Winding Halls","player_choice":"Embrace Madness","floor":38,"damage_taken":0},{"event_name":"Tomb of Lord Red Mask","player_choice":"Paid","floor":45,"damage_taken":0},{"event_name":"Accursed Blacksmith","player_choice":"Forge","floor":46,"damage_taken":0}],"boss_relics":[{"not_picked":["Cursed Key","Black Star"],"picked":"Velvet Choker"},{"not_picked":["Black Blood","Orrery"],"picked":"Sozu"}],"potions_floor_spawned":[2,5,6,18,21,29,33,36,39,44,48],"seed_played":"6681058000057672004","ascension_level":0,"is_trial":false}