{"path_per_floor":["M","M","?","M","$","R","E","R","T","?","M","R","?","E","R","B",null,"M","$","M","$","?","E","R","M","T","T","M","R","M","?","R","B",null,"M","M","$","M","?","R","?","B"],"character_chosen":"IRONCLAD","items_purchased":["True Grit","Art of War","Toolbox"],"gold_per_floor":[19,35,35,52,0,0,25,25,51,51,65,65,65,95,95,190,190,202,127,143,43,43,78,78,92,117,117,135,135,148,508,508,605,605,617,633,123,142,195,195,195,195],"floor_reached":43,"campfire_rested":1,"playtime":2004,"current_hp_per_floor":[79,80,73,73,73,73,41,41,41,67,72,72,56,46,46,55,80,76,76,80,80,80,76,76,74,74,74,80,80,80,40,79,55,80,80,80,80,80,80,80,80,80],"items_purged":["Strike_R","Strike_R","Strike_R"],"gold":195,"score":754,"play_id":"138a0167-2000-42df-aab7-fc85254fcc33","local_time":"20180416233754","is_prod":false,"is_daily":false,"chose_seed":false,"is_ascension_mode":false,"campfire_upgraded":7,"timestamp":1523936274,"path_taken":["M","M","?","?","?","R","E","R","T","?","?","R","?","E","R","BOSS","M","$","M","$","?","E","R","M","T","?","M","R","M","?","R","BOSS","M","M","$","M","?","R","?","BOSS"],"build_version":"2018-04-13","seed_source_timestamp":192528650644758,"purchased_purges":3,"victory":true,"master_deck":["Strike_R","Strike_R+1","Defend_R+1","Defend_R+1","Bash+1","Headbutt+1","Barricade+1","True Grit+1","True Grit+1","Body Slam+1","Battle Trance+1","Feel No Pain+1","Dual Wield+1","Offering+1","Shrug It Off+1"],"max_hp_per_floor":[80,80,80,80,80,80,80,80,80,80,80,80,80,80,80,80,80,80,80,80,80,80,80,80,80,80,80,80,80,80,80,80,80,80,80,80,80,80,80,80,80,80],"relics":["Burning Blood","Toxic Egg 2","Magic Flower","Bag of Preparation","Vajra","White Beast Statue","Kunai","Lantern","Regal Pillow","Cursed Key","Art of War","Toolbox","Charon\u0027s Ashes"],"card_choices":[{"not_picked":["Thunderclap","Cleave"],"picked":"True Grit","floor":2},{"not_picked":["Warcry","Searing Blow"],"picked":"Body Slam","floor":11},{"not_picked":["Flex","Heavy Blade"],"picked":"Battle Trance","floor":14},{"not_picked":["Headbutt","Immolate"],"picked":"Feel No Pain","floor":23},{"not_picked":["Perfected Strike","Corruption"],"picked":"Dual Wield","floor":28},{"not_picked":["Reaper","Barricade"],"picked":"Offering","floor":33},{"not_picked":["Headbutt","Evolve"],"picked":"Shrug It Off","floor":35}],"player_experience":37678,"potions_floor_usage":[23],"damage_taken":[{"damage":7,"enemies":"2 Louse","floor":1,"turns":3},{"damage":5,"enemies":"Small Slimes","floor":2,"turns":3},{"damage":6,"enemies":"Cultist","floor":4,"turns":3},{"damage":38,"enemies":"Lagavulin","floor":7,"turns":10},{"damage":4,"enemies":"Exordium Thugs","floor":11,"turns":7},{"damage":19,"enemies":"3 Sentries","floor":14,"turns":9},{"damage":0,"enemies":"The Guardian","floor":16,"turns":8},{"damage":13,"enemies":"3 Byrds","floor":18,"turns":6},{"damage":0,"enemies":"Spheric Guardian","floor":20,"turns":5},{"damage":13,"enemies":"Book of Stabbing","floor":23,"turns":6},{"damage":11,"enemies":"Centurion and Healer","floor":25,"turns":6},{"damage":0,"enemies":"3 Cultists","floor":28,"turns":5},{"damage":3,"enemies":"Snake Plant","floor":30,"turns":4},{"damage":33,"enemies":"Collector","floor":33,"turns":9},{"damage":4,"enemies":"Flame Bruiser 1 Orb","floor":35,"turns":3},{"damage":4,"enemies":"3 Shapes","floor":36,"turns":4},{"damage":4,"enemies":"Maw","floor":38,"turns":4},{"damage":4,"enemies":"Mysterious Sphere","floor":39,"turns":2},{"damage":4,"enemies":"Donu and Deca","floor":42,"turns":4}],"event_choices":[{"event_name":"Scrap Ooze","player_choice":"success","floor":3,"damage_taken":7},{"event_name":"Big Fish","player_choice":"Banana","floor":10,"damage_taken":0},{"event_name":"Shining Light","player_choice":"Entered Light","floor":13,"damage_taken":0},{"event_name":"Ghosts","player_choice":"Ignored","floor":22,"damage_taken":0},{"event_name":"Knowing Skull","player_choice":"GOLD GOLD GOLD GOLD ","floor":31,"damage_taken":0},{"event_name":"Mysterious Sphere","player_choice":"Fight","floor":39,"damage_taken":0},{"event_name":"SecretPortal","player_choice":"Took Portal.","floor":41,"damage_taken":0}],"boss_relics":[{"not_picked":["Eternal Feather","Black Blood"],"picked":"White Beast Statue"},{"not_picked":["Sozu","Tiny House"],"picked":"Cursed Key"}],"potions_floor_spawned":[1,2,14,18,20,23,25,28,30,33,35,36,38,39],"seed_played":"306964042629451607","ascension_level":0,"is_trial":false}