{"path_per_floor":["M","M","M","?","?","E","$","R","T","M","E","R","M","E","R","B",null,"M","?","?","M","$","E","M","R","T","E","?","M","E","$","R","B",null,"M","$","?","?","M","E","R","E","T","M","E","?","M","M","R","B"],"character_chosen":"IRONCLAD","items_purchased":["Clash","Bag of Marbles","Bag of Preparation"],"gold_per_floor":[112,131,141,141,141,170,68,68,68,88,121,121,136,169,169,268,268,280,280,205,215,58,87,100,100,100,128,128,139,171,71,71,169,169,185,42,42,94,105,134,134,162,162,172,206,206,217,235,235,235],"floor_reached":51,"campfire_rested":0,"playtime":1986,"current_hp_per_floor":[80,80,80,80,80,46,46,46,46,52,44,44,50,65,65,71,90,93,93,93,86,86,88,103,103,103,104,104,101,114,114,114,94,114,108,108,100,105,129,123,123,139,139,144,147,147,144,146,146,157],"items_purged":["Defend_R","Defend_R"],"gold":235,"score":1137,"play_id":"3ace0353-2a58-4d90-a053-1bd108e74b23","local_time":"20180410182725","is_prod":false,"is_daily":false,"is_ascension_mode":true,"campfire_upgraded":3,"timestamp":1523399245,"path_taken":["M","M","M","?","?","E","$","R","T","M","E","R","?","E","R","BOSS","M","?","?","M","$","E","M","R","T","E","?","M","E","$","R","BOSS","M","$","?","?","?","E","R","E","T","M","E","?","M","M","R","BOSS"],"build_version":"2018-04-05v2","purchased_purges":2,"victory":true,"master_deck":["Strike_R","Strike_R","Strike_R","Strike_R","Strike_R","Defend_R","Spot Weakness","Iron Wave","Cleave","Neutralize+1","Survivor","Clash","Clash","Thunderclap","Feed","Rage","Pommel Strike+1","Reaper","Offering","Limit Break+1","Limit Break+1","Master of Strategy","Flash of Steel","Doubt","Offering","Injury"],"max_hp_per_floor":[80,80,80,80,80,80,80,80,80,80,80,80,80,90,90,90,90,93,93,93,96,96,99,104,104,104,104,104,109,114,114,114,114,114,117,117,119,124,129,134,134,139,139,144,147,147,152,154,154,157],"relics":["Girya","Torii","Ginger","Pear","Sozu","Nloth\u0027s Gift","Bag of Marbles","Singing Bowl","Gambling Chip","Onion Ring","Oddly Smooth Stone","Cursed Key","Bag of Preparation","Red Skull","Letter Opener","Orichalcum","Calipers","Shovel","Darkstone Periapt"],"card_choices":[{"not_picked":["Evolve","Blood for Blood"],"picked":"Spot Weakness","floor":1},{"not_picked":["Headbutt","Clothesline"],"picked":"Iron Wave","floor":2},{"not_picked":["Wild Strike","Second Wind"],"picked":"Cleave","floor":3},{"not_picked":["Twin Strike","Carnage"],"picked":"Clash","floor":6},{"not_picked":["Headbutt","Cleave"],"picked":"Thunderclap","floor":10},{"not_picked":["Immolate","Bludgeon"],"picked":"Feed","floor":16},{"not_picked":["Flex","Shrug It Off"],"picked":"Rage","floor":18},{"not_picked":["Cleave","Inflame"],"picked":"Pommel Strike","floor":21},{"not_picked":["Offering","Cleave"],"picked":"Reaper","floor":23},{"not_picked":["Thunderclap","Inflame"],"picked":"Offering","floor":27},{"not_picked":["Immolate","Reaper"],"picked":"Limit Break","floor":33},{"not_picked":["Shrug It Off","True Grit"],"picked":"Limit Break","floor":35},{"not_picked":["Apotheosis","Swift Strike"],"picked":"Master of Strategy","floor":37},{"not_picked":["Transmutation","Panache"],"picked":"Flash of Steel","floor":37},{"not_picked":["Iron Wave","Warcry"],"picked":"Offering","floor":45}],"player_experience":265503,"potions_floor_usage":[16,23],"damage_taken":[{"damage":3,"enemies":"Small Slimes","floor":1,"turns":4},{"damage":6,"enemies":"Jaw Worm","floor":2,"turns":4},{"damage":6,"enemies":"Cultist","floor":3,"turns":3},{"damage":40,"enemies":"Gremlin Nob","floor":6,"turns":6},{"damage":0,"enemies":"Blue Slaver","floor":10,"turns":2},{"damage":14,"enemies":"Lagavulin","floor":11,"turns":5},{"damage":0,"enemies":"Lots of Slimes","floor":13,"turns":3},{"damage":1,"enemies":"Gremlin Nob","floor":14,"turns":3},{"damage":0,"enemies":"Slime Boss","floor":16,"turns":6},{"damage":0,"enemies":"Chosen","floor":18,"turns":3},{"damage":10,"enemies":"2 Thieves","floor":21,"turns":3},{"damage":1,"enemies":"Slavers","floor":23,"turns":3},{"damage":0,"enemies":"Chosen and Byrds","floor":24,"turns":4},{"damage":0,"enemies":"Gremlin Leader","floor":27,"turns":3},{"damage":8,"enemies":"Centurion and Healer","floor":29,"turns":2},{"damage":4,"enemies":"Slavers","floor":30,"turns":1},{"damage":24,"enemies":"Automaton","floor":33,"turns":6},{"damage":9,"enemies":"3 Shapes","floor":35,"turns":2},{"damage":15,"enemies":"Mysterious Sphere","floor":38,"turns":3},{"damage":0,"enemies":"3 Darklings","floor":39,"turns":2},{"damage":11,"enemies":"Giant Head","floor":40,"turns":3},{"damage":4,"enemies":"2 Orb Walkers","floor":42,"turns":1},{"damage":0,"enemies":"4 Shapes","floor":44,"turns":2},{"damage":0,"enemies":"Nemesis","floor":45,"turns":1},{"damage":8,"enemies":"Maw","floor":47,"turns":1},{"damage":0,"enemies":"3 Darklings","floor":48,"turns":1},{"damage":8,"enemies":"Donu and Deca","floor":50,"turns":2}],"event_choices":[{"event_name":"Liars Game","player_choice":"disagreed","floor":4,"damage_taken":0},{"event_name":"Mirror Mist","player_choice":"Bash to Survivor+Neutralize","floor":5,"damage_taken":0},{"event_name":"N\u0027loth","player_choice":"Traded a Burning Blood","floor":19,"damage_taken":0},{"event_name":"Beggar","player_choice":"Gave Gold","floor":20,"damage_taken":0},{"event_name":"The Lab","player_choice":"Got Potions","floor":28,"damage_taken":0},{"event_name":"SensoryStone","player_choice":"Memory 3","floor":37,"damage_taken":0},{"event_name":"Mysterious Sphere","player_choice":"Fight","floor":38,"damage_taken":0},{"event_name":"Accursed Blacksmith","player_choice":"Forge","floor":46,"damage_taken":0}],"boss_relics":[{"not_picked":["Runic Pyramid","White Beast Statue"],"picked":"Sozu"},{"not_picked":["Ooze Armor","Orrery"],"picked":"Cursed Key"}],"potions_floor_spawned":[1,2,11,13,16,23,30,38,39,42],"seed_played":"-9027069559058784499","ascension_level":1,"is_trial":false}