{"path_per_floor":["M","?","$","?","M","E","M","R","T","?","R","E","$","M","R","B",null,"M","?","M","T","?","R","M","M","T"],"character_chosen":"IRONCLAD","items_purchased":["Tiny Chest","Strength Potion"],"gold_per_floor":[110,110,35,110,127,156,169,169,169,149,149,181,10,26,26,99,99,116,116,130,130,130,130,143,157,180,180],"floor_reached":27,"campfire_rested":2,"playtime":1562,"current_hp_per_floor":[54,59,59,48,41,18,20,44,44,44,44,45,45,44,44,5,67,52,31,32,32,32,59,33,8,8,10],"items_purged":["Defend_R"],"gold":180,"score":412,"play_id":"c1f0cbff-8291-4aaf-9919-f91cbb32f26a","local_time":"20180412175333","is_prod":false,"is_daily":false,"is_ascension_mode":true,"campfire_upgraded":2,"timestamp":1523570013,"path_taken":["M","?","$","?","M","E","M","R","T","?","R","E","$","M","R","BOSS","M","?","M","?","?","R","M","?","T","M"],"build_version":"2018-04-05v2","purchased_purges":1,"victory":false,"master_deck":["Strike_R","Strike_R","Defend_R","Defend_R","Bash","AscendersBane","Twin Strike+1","Metallicize","Immolate","Battle Trance","Iron Wave+1","Fiend Fire","Feed","Reckless Charge+1","Flame Barrier+1","Juggernaut+1","Entrench","Power Through"],"max_hp_per_floor":[75,80,80,80,80,80,80,80,80,80,80,87,87,87,87,87,87,90,90,93,93,93,93,96,99,99,99],"relics":["Runic Cube","Blood Vial","Gambling Chip","Strawberry","Tiny Chest","Astrolabe","Nilry\u0027s Codex","Du-Vu Doll","Omamori"],"card_choices":[{"not_picked":["Clothesline","Wild Strike"],"picked":"Twin Strike","floor":1},{"not_picked":["Warcry","Armaments"],"picked":"Metallicize","floor":5},{"not_picked":["Fire Breathing","Battle Trance"],"picked":"Immolate","floor":6},{"not_picked":["Pommel Strike","Anger"],"picked":"Battle Trance","floor":7},{"not_picked":["Anger","Flex"],"picked":"Iron Wave","floor":12},{"not_picked":["Headbutt","Wild Strike"],"picked":"Fiend Fire","floor":14},{"not_picked":["Impervious","Brutality"],"picked":"Feed","floor":16},{"not_picked":["Warcry","Evolve"],"picked":"Entrench","floor":18},{"not_picked":["Twin Strike","Clash"],"picked":"Power Through","floor":20}],"player_experience":338213,"potions_floor_usage":[6,12,20,25],"damage_taken":[{"damage":14,"enemies":"Jaw Worm","floor":1,"turns":6},{"damage":7,"enemies":"2 Louse","floor":5,"turns":3},{"damage":23,"enemies":"Gremlin Nob","floor":6,"turns":5},{"damage":0,"enemies":"Small Slimes","floor":7,"turns":3},{"damage":8,"enemies":"3 Sentries","floor":12,"turns":5},{"damage":3,"enemies":"Blue Slaver","floor":14,"turns":4},{"damage":41,"enemies":"The Guardian","floor":16,"turns":10},{"damage":20,"enemies":"2 Thieves","floor":18,"turns":4},{"damage":16,"enemies":"Shell Parasite","floor":20,"turns":10},{"damage":31,"enemies":"Sentry and Sphere","floor":24,"turns":7},{"damage":30,"enemies":"Chosen and Byrds","floor":25,"turns":6},{"damage":0,"enemies":"Centurion and Healer","floor":27,"turns":1}],"event_choices":[{"event_name":"Big Fish","player_choice":"Donut","floor":2,"damage_taken":0},{"event_name":"World of Goop","player_choice":"Gather Gold","floor":4,"damage_taken":0},{"event_name":"The Woman in Blue","player_choice":"Bought 1 Potion","floor":10,"damage_taken":0},{"event_name":"Cursed Tome","player_choice":"Obtained Book","floor":19,"damage_taken":0},{"event_name":"Back to Basics","player_choice":"Elegance","floor":22,"damage_taken":0}],"boss_relics":[{"not_picked":["Lizard Tail","White Beast Statue"],"picked":"Astrolabe"}],"potions_floor_spawned":[5,6,7,20],"seed_played":"-5154778598355006271","killed_by":"Centurion and Healer","ascension_level":15,"is_trial":false}