{"path_per_floor":["M","?","M","M","M","E","M","E","T","?","R","?","R","E","R","B",null,"M","M","$","M","?","E","R","E","T","M","M","M","R","?","R","B",null,"M","$","?","?","M","R","M","R","T","R","?"],"character_chosen":"IRONCLAD","items_purchased":[],"gold_per_floor":[16,16,27,41,59,92,110,141,141,141,141,141,141,173,173,273,273,287,301,226,239,239,269,269,299,299,310,328,348,348,348,348,445,445,460,360,360,407,424,424,436,436,520,520,520,520],"floor_reached":46,"campfire_rested":1,"playtime":3709,"current_hp_per_floor":[67,51,47,56,51,47,48,31,31,31,31,31,31,23,47,61,75,63,80,80,80,65,47,47,58,58,56,85,62,62,62,62,85,85,85,85,74,63,72,72,85,85,85,85,85,0],"items_purged":["Strike_R","Hallucinations"],"gold":520,"score":780,"play_id":"b49e3583-4478-487d-8c73-c87aed3d1ef6","local_time":"20180410201323","is_prod":false,"is_daily":false,"is_ascension_mode":true,"campfire_upgraded":11,"timestamp":1523405603,"path_taken":["M","?","M","M","?","E","M","E","T","?","R","?","R","E","R","BOSS","M","M","$","M","?","E","R","E","T","M","?","M","R","?","R","BOSS","M","$","?","?","?","R","M","R","T","R","?","E"],"build_version":"2018-04-05v2","purchased_purges":2,"victory":false,"master_deck":["Strike_R","Strike_R","Defend_R+1","Defend_R+1","Defend_R+1","Bash+1","AscendersBane","Brutality+1","Hemogenesis+1","Blood for Blood","Cleave+1","Armaments+1","Berserk+1","Exhume+1","True Grit+1","Sever Soul+1","Disarm+1","Corruption+1","Ghostly Armor+1","Offering+1","Madness","Madness","Pommel Strike+1","Headbutt+1","Offering"],"max_hp_per_floor":[80,80,80,80,80,80,80,80,80,80,80,80,80,80,80,80,80,80,80,80,80,85,85,85,85,85,85,85,85,85,85,85,85,85,85,85,85,85,85,85,85,85,85,85,85,93],"relics":["Burning Blood","Happy Flower","Arrowhead","Meat on the Bone","Ring of Fury","Girya","Astrolabe","Divine Protection","Regal Pillow","Omamori","Cursed Key","Torii","Tiny Chest"],"card_choices":[{"not_picked":["Immolate","Barricade"],"picked":"Brutality","floor":0},{"not_picked":["Iron Wave","Twin Strike"],"picked":"Hemogenesis","floor":1},{"not_picked":["Power Through","Fire Breathing"],"picked":"Blood for Blood","floor":3},{"not_picked":["Flex","Havoc"],"picked":"Cleave","floor":4},{"not_picked":["Clash","Headbutt"],"picked":"Armaments","floor":5},{"not_picked":["Shockwave","Clash"],"picked":"Berserk","floor":8},{"not_picked":["Demon Form","Reaper"],"picked":"Exhume","floor":16},{"not_picked":["Warcry","Burning Pact"],"picked":"Corruption","floor":19},{"not_picked":["Havoc","Iron Wave"],"picked":"Ghostly Armor","floor":29},{"not_picked":["Fiend Fire","Reaper"],"picked":"Offering","floor":33},{"not_picked":["Thunderclap","Perfected Strike"],"picked":"Pommel Strike","floor":38},{"not_picked":["Power Through","Twin Strike"],"picked":"Headbutt","floor":41}],"player_experience":270008,"potions_floor_usage":[14,23,46],"damage_taken":[{"damage":11,"enemies":"Small Slimes","floor":1,"turns":6},{"damage":16,"enemies":"2 Louse","floor":3,"turns":7},{"damage":4,"enemies":"Jaw Worm","floor":4,"turns":5},{"damage":23,"enemies":"Gremlin Gang","floor":5,"turns":9},{"damage":25,"enemies":"Lagavulin","floor":6,"turns":7},{"damage":11,"enemies":"Large Slime","floor":7,"turns":6},{"damage":29,"enemies":"3 Sentries","floor":8,"turns":9},{"damage":29,"enemies":"Gremlin Nob","floor":14,"turns":5},{"damage":35,"enemies":"The Guardian","floor":16,"turns":9},{"damage":22,"enemies":"Spheric Guardian","floor":18,"turns":4},{"damage":25,"enemies":"Shell Parasite","floor":19,"turns":12},{"damage":9,"enemies":"Snake Plant","floor":21,"turns":6},{"damage":61,"enemies":"Book of Stabbing","floor":23,"turns":8},{"damage":46,"enemies":"Gremlin Leader","floor":25,"turns":8},{"damage":32,"enemies":"3 Cultists","floor":27,"turns":7},{"damage":39,"enemies":"Slaver and Parasite","floor":28,"turns":10},{"damage":86,"enemies":"Chosen and Byrds","floor":29,"turns":8},{"damage":37,"enemies":"Champ","floor":33,"turns":15},{"damage":31,"enemies":"3 Darklings","floor":35,"turns":7},{"damage":52,"enemies":"Mysterious Sphere","floor":38,"turns":5},{"damage":20,"enemies":"Orb Walker","floor":39,"turns":5},{"damage":18,"enemies":"3 Darklings","floor":41,"turns":7},{"damage":101,"enemies":"2 Orb Walkers","floor":46,"turns":6}],"event_choices":[{"event_name":"Shining Light","player_choice":"Entered Light","floor":2,"damage_taken":0},{"event_name":"Upgrade Shrine","player_choice":"Upgraded","floor":10,"damage_taken":0},{"event_name":"Chaos Ring Event","player_choice":"Took Ring","floor":12,"damage_taken":0},{"event_name":"Forgotten Altar","player_choice":"Shed Blood","floor":22,"damage_taken":0},{"event_name":"Drug Dealer","player_choice":"Ignored","floor":31,"damage_taken":0},{"event_name":"Winding Halls","player_choice":"Embrace Madness","floor":37,"damage_taken":0},{"event_name":"Mysterious Sphere","player_choice":"Fight","floor":38,"damage_taken":0},{"event_name":"Match and Keep!","player_choice":"1 cards matched","floor":45,"damage_taken":0}],"boss_relics":[{"not_picked":["Philosopher\u0027s Stone","Calling Bell"],"picked":"Astrolabe"},{"not_picked":["Black Blood","Black Star"],"picked":"Cursed Key"}],"potions_floor_spawned":[3,6,8,14,18,21,23,25,38,39],"seed_played":"7970044799340072557","killed_by":"2 Orb Walkers","ascension_level":11,"is_trial":false}