{"path_per_floor":["M","M","$","?","$","R","?","?","T","?","M","M","M","M","R","B",null,"M","M","?","T","M","R","M","M","T","?","$","?","?","M","R"],"character_chosen":"IRONCLAD","items_purchased":["Bottled Lightning"],"gold_per_floor":[114,124,49,49,49,49,124,74,74,74,91,91,104,117,117,216,216,232,252,252,252,271,271,288,299,299,299,37,37,37,53,53,53],"floor_reached":33,"campfire_rested":1,"playtime":521,"current_hp_per_floor":[80,71,71,55,55,55,44,44,44,80,78,80,78,80,80,12,80,80,78,78,78,64,64,62,45,45,45,45,29,29,23,47,3],"items_purged":["Defend_R"],"gold":53,"score":239,"play_id":"efe5d071-dfef-4df8-9818-f2b5a2bd7850","local_time":"20180409071103","is_prod":false,"is_daily":false,"is_ascension_mode":false,"campfire_upgraded":3,"timestamp":1523272263,"path_taken":["M","M","$","?","$","R","?","?","T","?","?","?","M","M","R","BOSS","M","M","?","?","M","R","M","?","T","?","$","?","?","?","R","BOSS"],"build_version":"2018-04-05v2","purchased_purges":2,"victory":false,"master_deck":["Strike_R","Strike_R","Strike_R","Strike_R","Defend_R+1","Defend_R+1","Bash","Offering+1","Whirlwind+1","Offering+1"],"max_hp_per_floor":[80,80,80,80,80,80,80,80,80,80,80,80,80,80,80,80,80,80,80,80,80,80,80,80,80,80,80,80,80,80,80,80,80],"relics":["Burning Blood","Bag of Marbles","Sozu","Prayer Wheel","Girya","Bottled Lightning"],"card_choices":[{"not_picked":["Rampage","Perfected Strike"],"picked":"Whirlwind","floor":1},{"not_picked":["Evolve","Clash"],"picked":"Offering","floor":2}],"player_experience":233457,"potions_floor_usage":[16],"damage_taken":[{"damage":4,"enemies":"Small Slimes","floor":1,"turns":2},{"damage":15,"enemies":"Jaw Worm","floor":2,"turns":2},{"damage":8,"enemies":"2 Louse","floor":11,"turns":1},{"damage":4,"enemies":"2 Fungi Beasts","floor":12,"turns":1},{"damage":8,"enemies":"Large Slime","floor":13,"turns":1},{"damage":0,"enemies":"3 Louse","floor":14,"turns":1},{"damage":74,"enemies":"The Guardian","floor":16,"turns":9},{"damage":4,"enemies":"3 Byrds","floor":18,"turns":1},{"damage":8,"enemies":"Chosen","floor":19,"turns":1},{"damage":20,"enemies":"Centurion and Healer","floor":22,"turns":2},{"damage":8,"enemies":"Cultist and Chosen","floor":24,"turns":2},{"damage":23,"enemies":"Snecko","floor":25,"turns":3},{"damage":12,"enemies":"Slaver and Parasite","floor":31,"turns":3},{"damage":44,"enemies":"Champ","floor":33,"turns":10}],"event_choices":[{"event_name":"Shining Light","player_choice":"Entered Light","floor":4,"damage_taken":0},{"event_name":"World of Goop","player_choice":"Gather Gold","floor":7,"damage_taken":0},{"event_name":"The Cleric","player_choice":"Card Removal","floor":8,"damage_taken":0},{"event_name":"Wheel of Change","player_choice":"Full Heal","floor":10,"damage_taken":0},{"event_name":"Back to Basics","player_choice":"Elegance","floor":20,"damage_taken":0},{"event_name":"Ghosts","player_choice":"Ignored","floor":27,"damage_taken":0},{"event_name":"Cursed Tome","player_choice":"Obtained Book","floor":29,"damage_taken":0},{"event_name":"The Mausoleum","player_choice":"No","floor":30,"damage_taken":0}],"boss_relics":[{"not_picked":["Tiny House","Black Star"],"picked":"Sozu"}],"potions_floor_spawned":[1,2,12,19,24,31],"seed_played":"-3196382617223046978","killed_by":"Champ","ascension_level":0,"is_trial":false}