{"path_per_floor":["M","M","$","?","M","R","E","R","T","$","?","T","?","M","R","B",null,"M","M","?","?","?","R","M","R","T","R","M","$","?","T","R","B",null,"M","?","?","?","M","E","$","E","T","?","M","M","R","M","R","B"],"character_chosen":"IRONCLAD","items_purchased":["Ornamental Fan","Mind Blast","Purity"],"gold_per_floor":[113,128,128,203,217,217,247,247,300,225,249,249,319,332,332,430,430,449,467,467,392,392,392,404,404,404,404,418,60,60,60,60,159,159,170,170,170,170,182,207,118,152,178,278,288,304,304,316,316,316],"floor_reached":51,"campfire_rested":1,"playtime":2845,"current_hp_per_floor":[75,76,76,65,51,51,41,41,41,41,31,31,31,35,64,26,79,61,60,60,60,44,44,41,41,41,41,18,18,18,18,18,23,45,50,43,43,43,53,33,33,64,64,64,43,53,53,78,78,78],"items_purged":["Injury"],"gold":316,"score":1149,"play_id":"25a6ad1a-a7ce-49f4-bf5b-6208c45601b0","local_time":"20180408012611","is_prod":false,"is_daily":false,"is_ascension_mode":true,"campfire_upgraded":8,"timestamp":1523165171,"path_taken":["M","?","$","?","M","R","E","R","T","?","?","?","?","?","R","BOSS","M","M","?","?","?","R","M","R","T","R","M","$","?","?","R","BOSS","M","?","?","?","M","E","$","E","T","?","M","M","R","?","R","BOSS"],"build_version":"2018-04-05v2","purchased_purges":2,"victory":true,"master_deck":["Strike_R","Strike_R","Strike_R","Strike_R","Defend_R","Defend_R","Defend_R","Defend_R","Bash","Feed+1","Spot Weakness+1","Clash","Metallicize+1","Limit Break+1","Intimidate+1","Warcry","Clash","Warcry","Pommel Strike","Battle Trance+1","Limit Break+1","Necronomicurse","Metallicize+1","Mind Blast+1","Ghostly","Ghostly","Ghostly","Ghostly","Ghostly","Madness+1","Madness+1","Disarm","Purity","Pommel Strike+1","Intimidate","Intimidate+1"],"max_hp_per_floor":[83,86,86,86,89,89,89,89,89,89,93,93,93,97,97,97,97,101,101,101,101,101,101,105,105,105,105,105,105,52,52,52,52,52,52,52,52,52,56,60,60,74,74,74,74,78,78,78,78,78],"relics":["Burning Blood","Dead Branch","Happy Flower","Odd Mushroom","Peace Pipe","Orrery","Necronomicon","Red Skull","Ornamental Fan","Torii","Sozu","Lantern","Mango","Prayer Wheel"],"card_choices":[{"not_picked":["Dark Embrace","Immolate"],"picked":"Feed","floor":0},{"not_picked":["Combust","Bloodletting"],"picked":"Spot Weakness","floor":5},{"not_picked":["Juggernaut","Pommel Strike"],"picked":"Clash","floor":11},{"not_picked":["Seeing Red","Sentinel"],"picked":"Metallicize","floor":14},{"not_picked":["Impervious","Immolate"],"picked":"Limit Break","floor":16},{"not_picked":["Pommel Strike","Body Slam"],"picked":"Intimidate","floor":17},{"not_picked":["Cleave","Immolate"],"picked":"Warcry","floor":17},{"not_picked":["Twin Strike","Cleave"],"picked":"Clash","floor":17},{"not_picked":["Anger","Pummel"],"picked":"Warcry","floor":17},{"not_picked":["Headbutt","Body Slam"],"picked":"Pommel Strike","floor":17},{"not_picked":["Pommel Strike","Shrug It Off"],"picked":"Battle Trance","floor":18},{"not_picked":["Shrug It Off","Feel No Pain"],"picked":"Limit Break","floor":19},{"not_picked":["Iron Wave","Flex"],"picked":"Metallicize","floor":24},{"not_picked":["Cleave","Carnage"],"picked":"Disarm","floor":39},{"not_picked":["Twin Strike","Anger"],"picked":"Pommel Strike","floor":45},{"not_picked":["Headbutt","Pommel Strike"],"picked":"Intimidate","floor":46},{"not_picked":["Brutality","Sword Boomerang"],"picked":"Intimidate","floor":48}],"player_experience":202090,"potions_floor_usage":[7,16,24,33,33,40],"damage_taken":[{"damage":6,"enemies":"Cultist","floor":1,"turns":4},{"damage":8,"enemies":"2 Louse","floor":2,"turns":3},{"damage":23,"enemies":"Jaw Worm","floor":5,"turns":5},{"damage":16,"enemies":"Gremlin Nob","floor":7,"turns":3},{"damage":20,"enemies":"The Mushroom Lair","floor":11,"turns":4},{"damage":6,"enemies":"Looter","floor":14,"turns":2},{"damage":44,"enemies":"The Guardian","floor":16,"turns":11},{"damage":28,"enemies":"2 Thieves","floor":18,"turns":4},{"damage":7,"enemies":"Shell Parasite","floor":19,"turns":5},{"damage":13,"enemies":"Chosen and Byrds","floor":24,"turns":5},{"damage":29,"enemies":"Snake Plant","floor":28,"turns":3},{"damage":1,"enemies":"Champ","floor":33,"turns":5},{"damage":1,"enemies":"3 Darklings","floor":35,"turns":8},{"damage":0,"enemies":"Orb Walker","floor":39,"turns":3},{"damage":30,"enemies":"2 Orb Walkers","floor":40,"turns":8},{"damage":0,"enemies":"Giant Head","floor":42,"turns":7},{"damage":27,"enemies":"Maw","floor":45,"turns":10},{"damage":0,"enemies":"Sphere and 2 Shapes","floor":46,"turns":4},{"damage":8,"enemies":"3 Darklings","floor":48,"turns":7},{"damage":0,"enemies":"Donu and Deca","floor":50,"turns":5}],"event_choices":[{"event_name":"World of Goop","player_choice":"Gather Gold","floor":4,"damage_taken":0},{"event_name":"Mushrooms","player_choice":"Fought Mushrooms","floor":11,"damage_taken":0},{"event_name":"Golden Wing","player_choice":"Gained Gold","floor":13,"damage_taken":0},{"event_name":"Upgrade Shrine","player_choice":"Upgraded","floor":20,"damage_taken":0},{"event_name":"Beggar","player_choice":"Gave Gold","floor":21,"damage_taken":0},{"event_name":"Cursed Tome","player_choice":"Obtained Book","floor":22,"damage_taken":0},{"event_name":"Ghosts","player_choice":"Became a Ghost","floor":30,"damage_taken":0},{"event_name":"Winding Halls","player_choice":"Embrace Madness","floor":36,"damage_taken":0},{"event_name":"Wheel of Change","player_choice":"Curse","floor":37,"damage_taken":0},{"event_name":"Purifier","player_choice":"One Purge","floor":38,"damage_taken":0},{"event_name":"Golden Shrine","player_choice":"Pray","floor":44,"damage_taken":0}],"boss_relics":[{"not_picked":["Lizard Tail","Black Blood"],"picked":"Orrery"},{"not_picked":["Philosopher\u0027s Stone","Mark of Pain"],"picked":"Sozu"}],"potions_floor_spawned":[2,5,14,18,28,33,40,42,45,46,48],"seed_played":"4985958878908243027","ascension_level":7,"is_trial":false}