{"path_per_floor":["M","$","?","T","M","E","R","E","T","M","E","?","E","M","R","B",null,"M","$","?","?","M"],"character_chosen":"IRONCLAD","items_purchased":["Flex","Omamori"],"gold_per_floor":[117,19,19,99,117,146,146,180,180,199,225,225,250,262,262,364,364,374,227,152,152,169,169],"floor_reached":23,"campfire_rested":1,"playtime":912,"current_hp_per_floor":[78,78,71,71,77,80,80,56,56,62,58,58,48,37,76,32,68,51,51,51,51,39,0],"items_purged":["Defend_R"],"gold":169,"score":375,"play_id":"85837668-4632-4dc1-8380-0b93e02b4944","local_time":"20180410162957","is_prod":false,"is_daily":false,"is_ascension_mode":true,"campfire_upgraded":1,"timestamp":1523392197,"path_taken":["M","$","?","?","?","E","R","E","T","M","E","?","E","M","R","BOSS","M","$","?","?","M","E"],"build_version":"2018-04-05v2","purchased_purges":2,"victory":false,"master_deck":["Strike_R","Strike_R+1","Strike_R","Strike_R","Strike_R","Bash+1","AscendersBane","Flex","Perfected Strike+1","Battle Trance","Dropkick","Evolve","Perfected Strike","Double Tap","Flame Barrier","Thunderclap+1"],"max_hp_per_floor":[80,80,80,80,80,80,80,80,80,80,80,80,80,80,80,80,80,80,80,80,80,80,80],"relics":["Burning Blood","NeowsBlessing","Bottled Flame","King of Hearts","Whetstone","Iron Hammer","Pantograph","Regal Pillow","Philosopher\u0027s Stone","Omamori"],"card_choices":[{"not_picked":["Pommel Strike","Wild Strike"],"picked":"Perfected Strike","floor":5},{"not_picked":["Inflame","Burning Pact"],"picked":"Battle Trance","floor":8},{"not_picked":["Entrench","Uppercut"],"picked":"Dropkick","floor":11},{"not_picked":["Warcry","Clothesline"],"picked":"Evolve","floor":13},{"not_picked":["Power Through","Metallicize"],"picked":"Perfected Strike","floor":14},{"not_picked":["Exhume","Berserk"],"picked":"Double Tap","floor":16},{"not_picked":["Life Link","Flex"],"picked":"Flame Barrier","floor":18},{"not_picked":["Inflame","Entrench"],"picked":"Thunderclap","floor":22}],"player_experience":259698,"potions_floor_usage":[18,18],"damage_taken":[{"damage":0,"enemies":"Cultist","floor":1,"turns":1},{"damage":0,"enemies":"2 Louse","floor":5,"turns":1},{"damage":0,"enemies":"3 Sentries","floor":6,"turns":1},{"damage":30,"enemies":"Lagavulin","floor":8,"turns":5},{"damage":0,"enemies":"Small Slimes","floor":10,"turns":2},{"damage":10,"enemies":"3 Sentries","floor":11,"turns":6},{"damage":16,"enemies":"Gremlin Nob","floor":13,"turns":3},{"damage":17,"enemies":"Exordium Thugs","floor":14,"turns":3},{"damage":54,"enemies":"Hexaghost","floor":16,"turns":6},{"damage":23,"enemies":"3 Byrds","floor":18,"turns":3},{"damage":18,"enemies":"Shell Parasite","floor":22,"turns":2},{"damage":43,"enemies":"Gremlin Leader","floor":23,"turns":3}],"event_choices":[{"event_name":"Golden Wing","player_choice":"Card Removal","floor":3,"damage_taken":0},{"event_name":"Living Wall","player_choice":"Forget","floor":12,"damage_taken":0},{"event_name":"Beggar","player_choice":"Gave Gold","floor":20,"damage_taken":0},{"event_name":"Vampires","player_choice":"Ignored","floor":21,"damage_taken":0}],"boss_relics":[{"not_picked":["Velvet Choker","Pandora\u0027s Box"],"picked":"Philosopher\u0027s Stone"}],"potions_floor_spawned":[6,10,11,13,14,18],"seed_played":"-105825396316759981","killed_by":"Gremlin Leader","ascension_level":11,"is_trial":false}