{"path_per_floor":["M","$","M","$","M","R","E","R","T","R","?","M","R","M","R","B",null,"M","M","?","M"],"character_chosen":"IRONCLAD","items_purchased":["Carnage"],"gold_per_floor":[110,30,40,40,59,59,92,92,170,170,170,184,184,197,197,317,317,333,326,241,265,265],"floor_reached":22,"campfire_rested":0,"playtime":876,"current_hp_per_floor":[80,80,80,80,80,80,61,61,61,61,61,59,59,61,61,12,74,74,64,64,62,0],"items_purged":[],"gold":265,"score":186,"play_id":"b0a2686c-6e5f-41e4-9690-009e14361a68","local_time":"20180414232230","is_prod":false,"is_daily":false,"chose_seed":false,"is_ascension_mode":false,"campfire_upgraded":0,"timestamp":1523762550,"path_taken":["M","?","M","$","M","R","E","R","T","R","?","M","R","M","R","BOSS","M","M","?","M","M"],"build_version":"2018-04-13","seed_source_timestamp":19934911404968,"purchased_purges":0,"victory":false,"master_deck":["Strike_R","Strike_R","Strike_R","Defend_R","Defend_R","Bash","Carnage","Shrug It Off","Clothesline","Barricade","Ghostly Armor+1"],"max_hp_per_floor":[80,80,80,80,80,80,80,80,80,80,74,74,74,74,74,74,74,74,74,74,74,74],"relics":["Burning Blood","Peace Pipe","Dream Catcher","Ornamental Fan","Golden Idol","Velvet Choker","Shuriken"],"card_choices":[{"not_picked":["Rupture","Sword Boomerang"],"picked":"Shrug It Off","floor":12},{"not_picked":["Battle Trance","Warcry"],"picked":"Clothesline","floor":14},{"not_picked":["Juggernaut","Impervious"],"picked":"Barricade","floor":16},{"not_picked":["True Grit","Thunderclap"],"picked":"Ghostly Armor","floor":19}],"player_experience":9384,"potions_floor_usage":[7,12,18,18,22],"damage_taken":[{"damage":5,"enemies":"Cultist","floor":1,"turns":4},{"damage":4,"enemies":"Small Slimes","floor":3,"turns":5},{"damage":6,"enemies":"Jaw Worm","floor":5,"turns":2},{"damage":25,"enemies":"Gremlin Nob","floor":7,"turns":4},{"damage":8,"enemies":"Exordium Wildlife","floor":12,"turns":3},{"damage":4,"enemies":"Looter","floor":14,"turns":3},{"damage":55,"enemies":"The Guardian","floor":16,"turns":13},{"damage":6,"enemies":"3 Byrds","floor":18,"turns":5},{"damage":16,"enemies":"2 Thieves","floor":19,"turns":4},{"damage":8,"enemies":"Centurion and Healer","floor":21,"turns":9},{"damage":64,"enemies":"3 Cultists","floor":22,"turns":8}],"event_choices":[{"event_name":"Golden Idol","player_choice":"Lose Max HP","floor":11,"damage_taken":0},{"event_name":"Addict","player_choice":"Obtained Relic","floor":20,"damage_taken":0}],"boss_relics":[{"not_picked":["Orrery","Tiny House"],"picked":"Velvet Choker"}],"potions_floor_spawned":[3,5,12,16,19],"seed_played":"-2950786762572688261","killed_by":"3 Cultists","ascension_level":0,"is_trial":false}