{"path_per_floor":["M","$","?","?","?","E","R","E","T","E","R","M","M","$","R","B",null,"M","?","?","M","?","E","R","M","T","$","M","?","$","E","R","B",null,"M","?","?","?","?","R","?","$","T","M","R","M","M","?","R","B"],"character_chosen":"IRONCLAD","items_purchased":["Pen Nib"],"gold_per_floor":[113,38,38,3,303,337,337,370,370,399,399,418,434,181,181,278,278,291,291,206,222,222,253,253,266,320,195,205,205,55,83,83,183,183,203,203,203,203,203,203,203,28,28,41,41,55,66,66,66,66],"floor_reached":51,"campfire_rested":1,"playtime":1260,"current_hp_per_floor":[43,43,43,63,51,39,39,52,52,27,27,33,32,32,32,30,87,79,87,87,87,87,70,70,78,78,78,86,70,70,78,78,50,95,79,79,79,79,100,100,102,102,102,108,108,114,111,111,114,56],"items_purged":["Strike_R","Strike_R","Defend_R","Defend_R","Writhe"],"gold":66,"score":932,"play_id":"04e4bf70-bd05-48df-88df-0311b4cb2849","local_time":"20180407191815","is_prod":false,"is_daily":false,"is_ascension_mode":true,"campfire_upgraded":6,"timestamp":1523143095,"path_taken":["M","$","?","?","?","E","R","E","T","E","R","M","M","$","R","BOSS","M","?","?","M","?","E","R","M","T","$","M","?","?","E","R","BOSS","M","?","?","?","?","R","?","$","T","M","R","M","M","?","R","BOSS"],"build_version":"2018-04-05v2","purchased_purges":6,"victory":true,"master_deck":["Bash+1","Clash+1","Dual Wield+1","Feed+1","Pommel Strike+1"],"max_hp_per_floor":[80,80,80,80,80,80,80,87,87,87,87,87,87,87,87,87,87,87,87,87,87,87,89,89,91,91,91,93,93,93,95,95,95,95,100,100,100,100,100,100,102,102,102,108,108,114,114,114,114,118],"relics":["Burning Blood","Old Coin","Happy Flower","Strawberry","Juzu Bracelet","Art of War","Pen Nib","Runic Dome","Du-Vu Doll","Singing Bowl","Lantern","Matryoshka","Eternal Feather","Omamori","Peace Pipe"],"card_choices":[{"not_picked":["Immolate","Double Tap"],"picked":"Feed","floor":33},{"not_picked":["Perfected Strike","Thunderclap"],"picked":"Pommel Strike","floor":47}],"player_experience":197179,"potions_floor_usage":[16,50,50,50],"damage_taken":[{"damage":3,"enemies":"Jaw Worm","floor":1,"turns":3},{"damage":18,"enemies":"Lagavulin","floor":6,"turns":3},{"damage":0,"enemies":"Gremlin Nob","floor":8,"turns":2},{"damage":31,"enemies":"3 Sentries","floor":10,"turns":9},{"damage":0,"enemies":"2 Louse","floor":12,"turns":2},{"damage":7,"enemies":"Small Slimes","floor":13,"turns":2},{"damage":14,"enemies":"Hexaghost","floor":16,"turns":4},{"damage":14,"enemies":"Shell Parasite","floor":18,"turns":3},{"damage":0,"enemies":"Chosen","floor":21,"turns":2},{"damage":25,"enemies":"Slavers","floor":23,"turns":6},{"damage":0,"enemies":"3 Cultists","floor":25,"turns":2},{"damage":0,"enemies":"Sentry and Sphere","floor":28,"turns":1},{"damage":0,"enemies":"Gremlin Leader","floor":31,"turns":2},{"damage":34,"enemies":"Automaton","floor":33,"turns":5},{"damage":27,"enemies":"Orb Walker","floor":35,"turns":3},{"damage":3,"enemies":"3 Shapes","floor":44,"turns":2},{"damage":5,"enemies":"Maw","floor":46,"turns":3},{"damage":9,"enemies":"3 Darklings","floor":47,"turns":2},{"damage":68,"enemies":"Awakened One","floor":50,"turns":5}],"event_choices":[{"event_name":"Living Wall","player_choice":"Forget","floor":3,"damage_taken":0},{"event_name":"The Cleric","player_choice":"Healed","floor":4,"damage_taken":0},{"event_name":"Scrap Ooze","player_choice":"success","floor":5,"damage_taken":12},{"event_name":"The Library","player_choice":"Heal","floor":19,"damage_taken":0},{"event_name":"Addict","player_choice":"Obtained Relic","floor":20,"damage_taken":0},{"event_name":"Vampires","player_choice":"Ignored","floor":22,"damage_taken":0},{"event_name":"Cursed Tome","player_choice":"Obtained Book","floor":29,"damage_taken":0},{"event_name":"Duplicator","player_choice":"Ignored","floor":36,"damage_taken":0},{"event_name":"Mysterious Sphere","player_choice":"Ignore","floor":37,"damage_taken":0},{"event_name":"Tomb of Lord Red Mask","player_choice":"Ignored","floor":38,"damage_taken":0},{"event_name":"Winding Halls","player_choice":"Writhe","floor":39,"damage_taken":0},{"event_name":"SensoryStone","player_choice":"Memory 1","floor":41,"damage_taken":0}],"boss_relics":[{"not_picked":["Black Blood","Runic Pyramid"],"picked":"Runic Dome"},{"not_picked":["Astrolabe","Black Star"],"picked":"Eternal Feather"}],"potions_floor_spawned":[1,8,10,12,13,21,25,35,44,47],"seed_played":"1023957982144444734","ascension_level":1,"is_trial":false}