{"path_per_floor":["M","?","?","?","?","R","M","M","T","E","?","R","M","$","R","B",null,"M","M","?","?","?","E","M","T","T","$","?","?","M","M","R"],"character_chosen":"IRONCLAD","items_purchased":["Regal Pillow"],"gold_per_floor":[119,119,119,119,119,119,138,153,153,181,181,181,195,45,45,144,144,159,172,172,172,172,207,221,221,221,146,146,146,160,174,174,174],"floor_reached":33,"campfire_rested":2,"playtime":668,"current_hp_per_floor":[74,58,51,51,43,43,37,42,42,40,33,33,39,39,78,8,62,64,63,63,63,63,65,54,54,54,54,80,80,39,28,67,0],"items_purged":["Strike_R"],"gold":174,"score":471,"play_id":"b5a3972a-a114-45d7-8a74-346ba6999da0","local_time":"20180409112109","is_prod":false,"is_daily":false,"is_ascension_mode":true,"campfire_upgraded":2,"timestamp":1523287269,"path_taken":["M","?","?","?","?","R","?","?","T","E","?","R","?","?","R","BOSS","M","M","?","?","?","E","?","?","T","?","?","?","?","M","R","BOSS"],"build_version":"2018-04-05v2","purchased_purges":2,"victory":false,"master_deck":["Strike_R","Strike_R+1","Strike_R","Strike_R","Defend_R","Defend_R","Bash+1","AscendersBane","Offering+1","Whirlwind+1","Clash","Flex"],"max_hp_per_floor":[80,80,80,80,80,80,80,80,80,80,80,80,80,80,80,80,80,80,80,80,80,80,80,80,80,80,80,80,80,80,80,80,80],"relics":["Burning Blood","Bag of Marbles","Molten Egg 2","Mercury Hourglass","Regal Pillow","Sozu","Prayer Wheel","Vajra","Girya"],"card_choices":[{"not_picked":["Rampage","Perfected Strike"],"picked":"Whirlwind","floor":1.0},{"not_picked":["Reckless Charge","Evolve"],"picked":"Clash","floor":7.0},{"not_picked":["Thunderclap","Warcry"],"picked":"Flex","floor":13.0}],"player_experience":235594,"potions_floor_usage":[33],"damage_taken":[{"damage":4.0,"enemies":"Small Slimes","floor":1.0,"turns":2.0},{"damage":12.0,"enemies":"Jaw Worm","floor":7.0,"turns":3.0},{"damage":1.0,"enemies":"2 Louse","floor":8.0,"turns":2.0},{"damage":8.0,"enemies":"3 Sentries","floor":10.0,"turns":2.0},{"damage":0.0,"enemies":"2 Fungi Beasts","floor":13.0,"turns":1.0},{"damage":76.0,"enemies":"The Guardian","floor":16.0,"turns":8.0},{"damage":4.0,"enemies":"3 Byrds","floor":18.0,"turns":1.0},{"damage":7.0,"enemies":"Chosen","floor":19.0,"turns":3.0},{"damage":4.0,"enemies":"Slavers","floor":23.0,"turns":1.0},{"damage":17.0,"enemies":"Centurion and Healer","floor":24.0,"turns":4.0},{"damage":47,"enemies":"Cultist and Chosen","floor":30,"turns":4},{"damage":17,"enemies":"Snecko","floor":31,"turns":3},{"damage":78,"enemies":"Champ","floor":33,"turns":9}],"event_choices":[{"event_name":"Shining Light","player_choice":"Entered Light","floor":2.0,"damage_taken":0.0},{"event_name":"Golden Wing","player_choice":"Card Removal","floor":3.0,"damage_taken":0.0},{"event_name":"Living Wall","player_choice":"Forget","floor":4.0,"damage_taken":0.0},{"event_name":"Wheel of Change","player_choice":"Damage","floor":5.0,"damage_taken":0.0},{"event_name":"Scrap Ooze","player_choice":"success","floor":11.0,"damage_taken":7.0},{"event_name":"The Mausoleum","player_choice":"No","floor":20.0,"damage_taken":0.0},{"event_name":"Ghosts","player_choice":"Ignored","floor":21.0,"damage_taken":0.0},{"event_name":"Vampires","player_choice":"Ignored","floor":22.0,"damage_taken":0.0},{"event_name":"The Library","player_choice":"Heal","floor":28,"damage_taken":0},{"event_name":"The Lab","player_choice":"Got Potions","floor":29,"damage_taken":0}],"boss_relics":[],"potions_floor_spawned":[1,7,18,23,31],"seed_played":"-3196382617223046978","killed_by":"Champ","ascension_level":11,"is_trial":false}