{"path_per_floor":["M","?","?","$","M","R","?","E","T","E","?","R","?","E","R","B",null,"M","$","?","M","M","E","M","R","T","$","M"],"character_chosen":"IRONCLAD","items_purchased":["Bag of Preparation","Shrug It Off","Sentinel"],"gold_per_floor":[112,112,287,1,21,21,21,62,62,96,96,96,96,140,140,268,268,288,118,118,141,166,200,213,213,213,88,108,108],"floor_reached":29,"campfire_rested":1,"playtime":1159,"current_hp_per_floor":[71,71,71,71,71,71,71,39,39,26,19,41,65,32,32,3,56,47,47,47,47,47,42,42,42,42,42,42,0],"items_purged":["Doubt","Strike_R","Doubt"],"gold":108,"score":401,"play_id":"a807638b-74f1-47ff-a3f4-ff9629108810","local_time":"20180411150109","is_prod":false,"is_daily":false,"is_ascension_mode":true,"campfire_upgraded":1,"timestamp":1523473269,"path_taken":["M","?","?","$","M","R","?","E","T","E","?","R","?","E","R","BOSS","M","$","?","?","M","E","M","R","T","?","M","M"],"build_version":"2018-04-05v2","purchased_purges":3,"victory":false,"master_deck":["Strike_R","Defend_R","Defend_R","Defend_R","Defend_R","Bash","AscendersBane","Body Slam+1","Shrug It Off","Immolate","Shrug It Off+1","Sentinel","Ghostly Armor+1","Shrug It Off+1"],"max_hp_per_floor":[80,80,80,80,80,80,74,74,74,74,74,74,74,74,74,74,74,74,74,74,74,74,74,74,74,74,74,74,74],"relics":["Sozu","Bag of Preparation","Golden Idol","Mummified Hand","Shovel","Red Skull","Matryoshka","Bottled Flame","Cursed Key","Blue Candle","Ornamental Fan","Lantern","Dodecahedron"],"card_choices":[{"not_picked":["Armaments","Sword Boomerang"],"picked":"Body Slam","floor":1},{"not_picked":["Fiend Fire","Juggernaut"],"picked":"Immolate","floor":16},{"not_picked":["Twin Strike","Infernal Blade"],"picked":"Shrug It Off","floor":18},{"not_picked":["Hemokinesis","Spot Weakness"],"picked":"Ghostly Armor","floor":21},{"not_picked":["Thunderclap","Burning Pact"],"picked":"Shrug It Off","floor":23}],"player_experience":291795,"potions_floor_usage":[],"damage_taken":[{"damage":1,"enemies":"Cultist","floor":1,"turns":3},{"damage":0,"enemies":"2 Louse","floor":5,"turns":3},{"damage":32,"enemies":"Gremlin Nob","floor":8,"turns":4},{"damage":13,"enemies":"3 Sentries","floor":10,"turns":9},{"damage":33,"enemies":"Lagavulin","floor":14,"turns":9},{"damage":29,"enemies":"Hexaghost","floor":16,"turns":9},{"damage":9,"enemies":"2 Thieves","floor":18,"turns":5},{"damage":0,"enemies":"Shell Parasite","floor":21,"turns":5},{"damage":0,"enemies":"Snake Plant","floor":22,"turns":3},{"damage":5,"enemies":"Book of Stabbing","floor":23,"turns":6},{"damage":0,"enemies":"3 Cultists","floor":24,"turns":5},{"damage":0,"enemies":"Slaver and Parasite","floor":28,"turns":7},{"damage":46,"enemies":"Cultist and Chosen","floor":29,"turns":9}],"event_choices":[{"event_name":"Living Wall","player_choice":"Forget","floor":2,"damage_taken":0},{"event_name":"Liars Game","player_choice":"agreed","floor":3,"damage_taken":0},{"event_name":"Golden Idol","player_choice":"Lose Max HP","floor":7,"damage_taken":0},{"event_name":"Golden Wing","player_choice":"Card Removal","floor":11,"damage_taken":0},{"event_name":"Big Fish","player_choice":"Banana","floor":13,"damage_taken":0},{"event_name":"Back to Basics","player_choice":"Elegance","floor":20,"damage_taken":0}],"boss_relics":[{"not_picked":["Philosopher\u0027s Stone","White Beast Statue"],"picked":"Cursed Key"}],"potions_floor_spawned":[14,16,18,22,23,24],"seed_played":"-1306858383949083290","killed_by":"Cultist and Chosen","ascension_level":11,"is_trial":false}