{"path_per_floor":["M","?","?","$","M","R","M","E","T","?","E","R","M","M","R","B",null,"M","M","?","?","$","R","E","M","T","?","M","R","M","E","R","B",null,"M","$","M","M","?"],"character_chosen":"IRONCLAD","items_purchased":["Panache","Shrug It Off","Dropkick","Orichalcum","Baseball"],"gold_per_floor":[369,369,544,4,22,22,36,65,65,65,99,99,118,133,133,238,238,250,269,269,269,21,21,56,69,69,69,85,85,98,125,125,222,222,235,235,255,271,271,271],"floor_reached":40,"campfire_rested":0,"playtime":2508,"current_hp_per_floor":[41,25,25,25,27,27,33,34,34,34,40,40,37,36,36,32,80,78,66,66,66,66,66,25,28,28,28,20,20,28,40,40,40,40,40,40,40,35,30,0],"items_purged":["Doubt","Writhe"],"gold":271,"score":588,"play_id":"78f2c946-fc01-4916-b486-b48a05072d35","local_time":"20180410191053","is_prod":false,"is_daily":false,"is_ascension_mode":false,"campfire_upgraded":4,"timestamp":1523401853,"path_taken":["M","?","?","$","M","R","?","E","T","?","E","R","M","M","R","BOSS","M","M","?","?","$","R","E","M","T","?","M","R","M","E","R","BOSS","M","$","M","M","?","E"],"build_version":"2018-04-05v2","purchased_purges":3,"victory":false,"master_deck":["Bash+1","Flex+1","Panache+1","Shrug It Off","Dropkick","Clash","Dropkick","Clash","Burning Pact+1","Dropkick","Cleave","Bloodletting","Sentinel","Iron Wave","Armaments","Headbutt","Dropkick+1","Clash+1","Ghostly","Ghostly","Ghostly","Ghostly","Ghostly","Hemogenesis","Blood for Blood+1","Limit Break+1","Clothesline+1","Abandon+1","Madness","Madness"],"max_hp_per_floor":[80,80,80,80,80,80,80,80,80,80,80,80,80,80,80,80,80,80,80,80,80,80,80,80,80,80,40,40,40,40,40,40,40,40,40,40,40,40,40,40],"relics":["Burning Blood","Orichalcum","Simple Rune","Bronze Scales","Juzu Bracelet","Pandora\u0027s Box","Prayer Wheel","Baseball","Bag of Marbles","Shovel","Bird Faced Urn","Matryoshka","Bag of Preparation","Astrolabe"],"card_choices":[{"not_picked":["Power Through","Headbutt"],"picked":"Flex","floor":1},{"not_picked":["Clothesline","True Grit"],"picked":"Clash","floor":5},{"not_picked":["Thunderclap","Wild Strike"],"picked":"Dropkick","floor":7},{"not_picked":["Cleave","True Grit"],"picked":"Clash","floor":8},{"not_picked":["Reaper","Corruption"],"picked":"Burning Pact","floor":11},{"not_picked":["Pommel Strike","Searing Blow"],"picked":"Dropkick","floor":14},{"not_picked":["Whirlwind","Shrug It Off"],"picked":"Warcry","floor":18},{"not_picked":["Fire Breathing","Iron Wave"],"picked":"Dropkick","floor":19},{"not_picked":["Shrug It Off","Sentinel"],"picked":"Clash","floor":25},{"not_picked":["Thunderclap","Pommel Strike"],"picked":"Hemogenesis","floor":28},{"not_picked":["True Grit","Pummel"],"picked":"Abandon","floor":35}],"player_experience":267500,"potions_floor_usage":[16,25,25,28,31,38,40],"damage_taken":[{"damage":5,"enemies":"Small Slimes","floor":1,"turns":3},{"damage":4,"enemies":"Jaw Worm","floor":5,"turns":4},{"damage":0,"enemies":"2 Louse","floor":7,"turns":2},{"damage":5,"enemies":"Lagavulin","floor":8,"turns":7},{"damage":0,"enemies":"3 Sentries","floor":11,"turns":4},{"damage":9,"enemies":"Exordium Thugs","floor":13,"turns":4},{"damage":7,"enemies":"Red Slaver","floor":14,"turns":2},{"damage":10,"enemies":"Hexaghost","floor":16,"turns":5},{"damage":8,"enemies":"Spheric Guardian","floor":18,"turns":3},{"damage":18,"enemies":"Shell Parasite","floor":19,"turns":4},{"damage":47,"enemies":"Slavers","floor":24,"turns":4},{"damage":3,"enemies":"Snake Plant","floor":25,"turns":2},{"damage":23,"enemies":"Chosen and Byrds","floor":28,"turns":6},{"damage":0,"enemies":"Snecko","floor":30,"turns":4},{"damage":1,"enemies":"Gremlin Leader","floor":31,"turns":6},{"damage":4,"enemies":"Collector","floor":33,"turns":6},{"damage":1,"enemies":"Orb Walker","floor":35,"turns":4},{"damage":1,"enemies":"3 Darklings","floor":37,"turns":2},{"damage":14,"enemies":"Sphere and 2 Shapes","floor":38,"turns":6},{"damage":58,"enemies":"Giant Head","floor":40,"turns":7}],"event_choices":[{"event_name":"Shining Light","player_choice":"Entered Light","floor":2,"damage_taken":0},{"event_name":"Liars Game","player_choice":"agreed","floor":3,"damage_taken":0},{"event_name":"Transmorgrifier","player_choice":"Transform","floor":10,"damage_taken":0},{"event_name":"Back to Basics","player_choice":"Elegance","floor":20,"damage_taken":0},{"event_name":"The Mausoleum","player_choice":"Yes","floor":21,"damage_taken":0},{"event_name":"Ghosts","player_choice":"Became a Ghost","floor":27,"damage_taken":0},{"event_name":"Winding Halls","player_choice":"Embrace Madness","floor":39,"damage_taken":0}],"boss_relics":[{"not_picked":["Runic Cube","White Beast Statue"],"picked":"Pandora\u0027s Box"},{"not_picked":["Eternal Feather","Cursed Key"],"picked":"Astrolabe"}],"potions_floor_spawned":[1,5,7,14,16,18,19,25,28,33,38],"seed_played":"-876069249180527807","killed_by":"Giant Head","ascension_level":0,"is_trial":false}