{"path_per_floor":["M","$","?","?","M","E","M","?","T","R","M","R","$","M","R","B",null,"M","M","?","?","M","R","$","R","T","?","R","M","R","E","R","B",null,"M","T","M","M","?","R","M","R","T","M","$","M","M","$","R","B"],"character_chosen":"IRONCLAD","items_purchased":["Grinning Jar","Iron Hammer"],"gold_per_floor":[118,43,43,43,58,93,110,197,197,197,216,216,67,87,87,184,184,200,215,215,140,151,151,51,51,51,51,51,62,62,97,97,202,202,218,218,238,256,303,303,322,322,345,362,362,372,392,13,13,13],"floor_reached":51,"campfire_rested":0,"playtime":2447,"current_hp_per_floor":[80,80,80,85,85,81,84,76,76,76,65,65,65,71,71,47,85,85,88,88,88,88,88,88,88,88,88,88,94,94,94,94,18,94,97,97,97,96,114,114,114,114,114,117,117,119,120,120,120,97],"items_purged":["Defend_R","Clash","Strike_R"],"gold":13,"score":767,"play_id":"66e189a1-4c91-43ee-ac36-804d2b18d6c4","local_time":"20180419000823","is_prod":false,"is_daily":false,"chose_seed":false,"is_ascension_mode":false,"campfire_upgraded":11,"timestamp":1524110903,"path_taken":["M","$","?","?","M","E","M","?","T","R","M","R","?","M","R","BOSS","M","M","?","?","M","R","$","R","T","?","R","M","R","E","R","BOSS","M","?","M","M","?","R","M","R","T","M","?","M","M","$","R","BOSS"],"build_version":"2018-04-12","seed_source_timestamp":103755569483695,"purchased_purges":4,"victory":true,"master_deck":["Strike_R","Strike_R","Strike_R","Defend_R","Defend_R","Defend_R","Bash","Feel No Pain","Searing Blow+11","Shockwave","Ghostly Armor","Pot Of Greed","True Grit","Feed","Battle Trance+1","True Grit+1","Thunderclap+1"],"max_hp_per_floor":[80,80,80,85,85,85,85,85,85,85,85,85,85,85,85,85,85,85,88,88,88,91,91,91,91,91,91,91,94,94,94,94,94,94,97,97,97,97,114,114,114,114,114,117,117,120,120,120,120,120],"relics":["Burning Blood","Bottled Lightning","Tiny Chest","Mercury Hourglass","Grinning Jar","Ooze Armor","Dodecahedron","Anchor","Runic Dome","Ornamental Fan","Mango","Bag of Preparation","Iron Hammer"],"card_choices":[{"not_picked":["Shrug It Off","Pommel Strike"],"picked":"Clash","floor":1},{"not_picked":["Twin Strike","Headbutt"],"picked":"Searing Blow","floor":5},{"not_picked":["Dark Embrace","Pommel Strike"],"picked":"Shockwave","floor":6},{"not_picked":["Clothesline","Pommel Strike"],"picked":"Ghostly Armor","floor":11},{"not_picked":["Spot Weakness","Body Slam"],"picked":"True Grit","floor":14},{"not_picked":["Immolate","Impervious"],"picked":"Feed","floor":16},{"not_picked":["Havoc","Abandon"],"picked":"Battle Trance","floor":35},{"not_picked":["Armaments","Cleave"],"picked":"True Grit","floor":44},{"not_picked":["Hemogenesis","Reckless Charge"],"picked":"Thunderclap","floor":46}],"player_experience":371012,"potions_floor_usage":[8,47,50],"damage_taken":[{"damage":6,"enemies":"Jaw Worm","floor":1,"turns":3},{"damage":6,"enemies":"Cultist","floor":5,"turns":3},{"damage":10,"enemies":"3 Sentries","floor":6,"turns":10},{"damage":3,"enemies":"2 Louse","floor":7,"turns":3},{"damage":14,"enemies":"Gremlin Nob","floor":8,"turns":4},{"damage":17,"enemies":"Large Slime","floor":11,"turns":4},{"damage":0,"enemies":"Exordium Wildlife","floor":14,"turns":2},{"damage":30,"enemies":"The Guardian","floor":16,"turns":12},{"damage":0,"enemies":"Shell Parasite","floor":18,"turns":4},{"damage":1,"enemies":"2 Thieves","floor":19,"turns":5},{"damage":9,"enemies":"Snake Plant","floor":22,"turns":6},{"damage":1,"enemies":"Centurion and Healer","floor":29,"turns":6},{"damage":0,"enemies":"Gremlin Leader","floor":31,"turns":3},{"damage":82,"enemies":"Champ","floor":33,"turns":8},{"damage":0,"enemies":"3 Shapes","floor":35,"turns":4},{"damage":0,"enemies":"Orb Walker","floor":37,"turns":2},{"damage":7,"enemies":"3 Darklings","floor":38,"turns":7},{"damage":0,"enemies":"Mysterious Sphere","floor":39,"turns":3},{"damage":0,"enemies":"Maw","floor":41,"turns":4},{"damage":0,"enemies":"4 Shapes","floor":44,"turns":4},{"damage":7,"enemies":"3 Darklings","floor":46,"turns":4},{"damage":12,"enemies":"Maw","floor":47,"turns":6},{"damage":29,"enemies":"Awakened One","floor":50,"turns":7}],"event_choices":[{"event_name":"Match and Keep!","player_choice":"1 cards matched","floor":3,"damage_taken":0},{"event_name":"Big Fish","player_choice":"Donut","floor":4,"damage_taken":0},{"event_name":"Dead Adventurer","player_choice":"Searched \u00272\u0027 times","floor":8,"damage_taken":0},{"event_name":"Back to Basics","player_choice":"Elegance","floor":20,"damage_taken":0},{"event_name":"Beggar","player_choice":"Gave Gold","floor":21,"damage_taken":0},{"event_name":"Addict","player_choice":"Ignored","floor":27,"damage_taken":0},{"event_name":"Mysterious Sphere","player_choice":"Fight","floor":39,"damage_taken":0}],"boss_relics":[{"not_picked":["Honey Jar","Lizard Tail"],"picked":"Ooze Armor"},{"not_picked":["Calling Bell","White Beast Statue"],"picked":"Runic Dome"}],"potions_floor_spawned":[6,11,14,18,29,33,37,38,39],"seed_played":"-8693302026675611312","ascension_level":0,"is_trial":false}