{"path_per_floor":["M","M","$","?","$","R","M","E","T","?","E","?","R","M","R","B",null,"M","M","M","M","$","R","M","R","T","R","M","M","?","M","R"],"character_chosen":"IRONCLAD","items_purchased":["Disarm","Thunderclap","Bottled Flame","Flex"],"gold_per_floor":[117,136,56,56,11,11,22,52,103,128,153,153,153,163,163,268,268,287,302,315,325,30,30,44,44,44,44,62,74,74,93,93,93],"floor_reached":33,"campfire_rested":2,"playtime":1704,"current_hp_per_floor":[73,68,68,68,68,68,61,38,38,36,14,14,14,14,38,4,80,69,69,49,49,49,49,34,34,34,34,34,21,47,41,65,0],"items_purged":[],"gold":93,"score":284,"play_id":"963af0d0-2ad3-4c21-abbb-c6f0a003e265","local_time":"20180417222347","is_prod":false,"is_daily":false,"chose_seed":false,"is_ascension_mode":false,"campfire_upgraded":5,"timestamp":1524018227,"path_taken":["M","M","$","?","$","R","M","E","T","?","E","?","R","M","R","BOSS","M","M","M","M","?","R","?","R","T","R","M","M","?","M","R","BOSS"],"build_version":"2018-04-12","seed_source_timestamp":11850647906532,"purchased_purges":0,"victory":false,"master_deck":["Strike_R","Strike_R","Strike_R","Strike_R","Defend_R","Defend_R","Defend_R","Defend_R","Bash+1","Warcry","Cleave","Disarm+1","Body Slam+1","Thunderclap+1","Body Slam+1","Body Slam+1","Sword Boomerang+1","Flex+1","Shrug It Off","Body Slam"],"max_hp_per_floor":[80,80,80,80,80,80,80,80,80,80,80,80,80,80,80,80,80,80,80,80,80,80,80,80,80,80,80,80,80,80,80,80,80],"relics":["Ring of Chaos","Ancient Tea Set","Baseball","Odd Mushroom","Anchor","Sozu","Bottled Flame","Dodecahedron"],"card_choices":[{"not_picked":["Reckless Charge","Wild Strike"],"picked":"Warcry","floor":1},{"not_picked":["Infernal Blade","Hemokinesis"],"picked":"Cleave","floor":2},{"not_picked":["Sword Boomerang","Anger"],"picked":"Body Slam","floor":18},{"not_picked":["Shrug It Off","Wild Strike"],"picked":"Body Slam","floor":19},{"not_picked":["Perfected Strike","Iron Wave"],"picked":"Sword Boomerang","floor":20},{"not_picked":["Evolve","Armaments"],"picked":"Shrug It Off","floor":24},{"not_picked":["Anger","Flex"],"picked":"Body Slam","floor":28}],"player_experience":363444,"potions_floor_usage":[8,11,16],"damage_taken":[{"damage":7,"enemies":"Small Slimes","floor":1,"turns":4},{"damage":5,"enemies":"Cultist","floor":2,"turns":4},{"damage":7,"enemies":"Jaw Worm","floor":7,"turns":4},{"damage":23,"enemies":"3 Sentries","floor":8,"turns":6},{"damage":2,"enemies":"The Mushroom Lair","floor":10,"turns":2},{"damage":22,"enemies":"Lagavulin","floor":11,"turns":7},{"damage":0,"enemies":"2 Fungi Beasts","floor":14,"turns":2},{"damage":34,"enemies":"The Guardian","floor":16,"turns":15},{"damage":11,"enemies":"2 Thieves","floor":18,"turns":4},{"damage":0,"enemies":"Chosen","floor":19,"turns":4},{"damage":20,"enemies":"Centurion and Healer","floor":20,"turns":8},{"damage":0,"enemies":"3 Cultists","floor":21,"turns":3},{"damage":15,"enemies":"Snecko","floor":24,"turns":4},{"damage":0,"enemies":"Centurion and Healer","floor":28,"turns":4},{"damage":13,"enemies":"Slaver and Parasite","floor":29,"turns":3},{"damage":6,"enemies":"3 Cultists","floor":31,"turns":3},{"damage":77,"enemies":"Champ","floor":33,"turns":9}],"event_choices":[{"event_name":"Transmorgrifier","player_choice":"Transform","floor":4,"damage_taken":0},{"event_name":"Mushrooms","player_choice":"Fought Mushrooms","floor":10,"damage_taken":0},{"event_name":"Upgrade Shrine","player_choice":"Upgraded","floor":12,"damage_taken":0},{"event_name":"The Library","player_choice":"Heal","floor":30,"damage_taken":0}],"boss_relics":[{"not_picked":["Cursed Key","Honey Jar"],"picked":"Sozu"}],"potions_floor_spawned":[2,7,10,20,21,24,28],"seed_played":"1132500205023996323","killed_by":"Champ","ascension_level":0,"is_trial":false}