{"path_per_floor":["M","?","M","T","M","E","R","?","T","E","M","?","?","M","R","B",null,"M","$","?","M","$","E","R","M","T","?","?","$","M","E","R","B",null,"M","$","?","?","?","R","M","E","T","R","M","T","T","$","R"],"character_chosen":"IRONCLAD","items_purchased":["Metallicize","Letter Opener","Secret Technique","Anchor"],"gold_per_floor":[117,117,137,186,198,225,225,225,275,303,316,391,391,408,408,513,513,531,209,209,224,39,71,71,91,91,71,71,71,88,119,119,217,217,227,77,77,77,0,0,13,42,122,122,138,138,138,138,138],"floor_reached":50,"campfire_rested":5,"playtime":4636,"current_hp_per_floor":[80,80,80,80,80,86,86,83,83,84,86,75,75,79,79,52,90,60,60,60,62,62,44,71,70,70,70,70,70,59,56,83,44,90,81,81,71,71,71,90,90,30,30,57,67,67,67,67,90],"items_purged":[],"gold":138,"play_id":"9bb99282-5554-4b9a-bdc2-f1f16ac5d034","is_prod":false,"is_daily":false,"campfire_rituals":0,"campfire_upgraded":2,"is_hardmode":false,"path_taken":["M","?","M","?","?","E","R","?","T","E","?","?","?","M","R","BOSS","M","$","?","M","$","E","R","M","T","?","?","?","M","E","R","BOSS","M","$","?","?","?","R","M","E","T","R","M","?","?","?","R","BOSS"],"build_version":"2018-01-18-PROD4","purchased_purges":2,"victory":false,"master_deck":["Defend_R","Defend_R","Defend_R","Defend_R","Bash","Iron Wave","Iron Wave","Fiend Fire","Seeing Red","Body Slam","Impervious","Flame Barrier","Metallicize","Hemokinesis","Iron Wave","Secret Technique","Shrug It Off","Metallicize","Bite_R","Bite_R","Bite_R","Bite_R","Bite_R","Reaper","Madness","Madness","Battle Trance","Power Through","Body Slam"],"max_hp_per_floor":[80,80,80,80,80,90,90,90,90,90,90,90,90,90,90,90,90,90,90,90,90,90,90,90,90,90,90,90,90,90,90,90,90,90,90,90,90,90,90,90,90,90,90,90,90,90,90,90,90],"relics":["Burning Blood","Bag of Marbles","Pear","Mercury Hourglass","Oddly Smooth Stone","Black Star","Letter Opener","Bronze Scales","Prayer Wheel","Champion Belt","Shuriken","Bottled Tornado","Question Card","Anchor","Red Mask","Gambling Chip","Torii","Tiny Chest","Toxic Egg","Darkstone Periapt"],"campfire_meditates":0,"card_choices":[{"not_picked":["Clash","Shrug It Off"],"picked":"Iron Wave"},{"not_picked":["Armaments","True Grit"],"picked":"Twin Strike"},{"not_picked":["Headbutt","Reckless Charge"],"picked":"Iron Wave"},{"not_picked":["Thunderclap","Body Slam"],"picked":"Fiend Fire"},{"not_picked":["Shrug It Off","Corruption"],"picked":"Seeing Red"},{"not_picked":["Power Through","Iron Wave"],"picked":"Body Slam"},{"not_picked":["Immolate","Reaper"],"picked":"Impervious"},{"not_picked":["Spot Weakness","Pommel Strike"],"picked":"Flame Barrier"},{"not_picked":["Clothesline","Searing Blow"],"picked":"Iron Wave"},{"not_picked":["Cleave","Twin Strike"],"picked":"Shrug It Off"},{"not_picked":["Warcry","Flex"],"picked":"Metallicize"},{"not_picked":["Fiend Fire","Berserk"],"picked":"Reaper"},{"not_picked":["Cleave","Inflame","Thunderclap"],"picked":"Battle Trance"},{"not_picked":["Feel No Pain","Wild Strike","Reckless Charge"],"picked":"Power Through"},{"not_picked":["Perfected Strike","Reckless Charge","Shrug It Off"],"picked":"Body Slam"}],"player_experience":141942,"potions_floor_usage":[50],"damage_taken":[{"damage":0.0,"enemies":"Small Slimes","floor":1.0,"turns":6.0},{"damage":6.0,"enemies":"Jaw Worm","floor":3.0,"turns":4.0},{"damage":1.0,"enemies":"Cultist","floor":5.0,"turns":3.0},{"damage":16.0,"enemies":"Lagavulin","floor":6.0,"turns":5.0},{"damage":7.0,"enemies":"Gremlin Nob","floor":10.0,"turns":3.0},{"damage":6.0,"enemies":"Exordium Thugs","floor":11.0,"turns":4.0},{"damage":4.0,"enemies":"Gremlin Gang","floor":14.0,"turns":3.0},{"damage":50.0,"enemies":"The Guardian","floor":16.0,"turns":10.0},{"damage":36.0,"enemies":"Spheric Guardian","floor":18.0,"turns":6.0},{"damage":6.0,"enemies":"Shell Parasite","floor":21.0,"turns":3.0},{"damage":26.0,"enemies":"Book of Stabbing","floor":23.0,"turns":7.0},{"damage":9.0,"enemies":"3 Cultists","floor":25.0,"turns":4.0},{"damage":23.0,"enemies":"Snake Plant","floor":30.0,"turns":4.0},{"damage":17.0,"enemies":"Slavers","floor":31.0,"turns":5.0},{"damage":75.0,"enemies":"Champ","floor":33.0,"turns":18.0},{"damage":23.0,"enemies":"3 Darklings","floor":35.0,"turns":6.0},{"damage":0.0,"enemies":"Orb Walker","floor":41.0,"turns":3.0},{"damage":84.0,"enemies":"Nemesis","floor":42.0,"turns":11.0},{"damage":12.0,"enemies":"Sphere and 2 Shapes","floor":45.0,"turns":7.0},{"damage":116,"enemies":"Time Eater","floor":50,"turns":12}],"event_choices":[{"event_name":"The Cleric","player_choice":"Leave","floor":2.0,"damage_taken":0.0},{"event_name":"Scrap Ooze","player_choice":"success","floor":8.0,"damage_taken":3.0},{"event_name":"World of Goop","player_choice":"Gather Gold","floor":12.0,"damage_taken":0.0},{"event_name":"Golden Wing","player_choice":"Ignored","floor":13.0,"damage_taken":0.0},{"event_name":"Transmorgrifier","player_choice":"Transform","floor":20.0,"damage_taken":0.0},{"event_name":"The Woman in Blue","player_choice":"Bought 1 Potion","floor":27.0,"damage_taken":0.0},{"event_name":"Vampires","player_choice":"Became a vampire (Vial)","floor":28.0,"damage_taken":0.0},{"event_name":"Winding Halls","player_choice":"Embrace Madness","floor":37.0,"damage_taken":0.0},{"event_name":"Upgrade Shrine","player_choice":"Upgraded","floor":38.0,"damage_taken":0.0},{"event_name":"Tomb of Lord Red Mask","player_choice":"Paid","floor":39.0,"damage_taken":0.0}],"boss_relics":[],"potions_floor_spawned":[3,5,11,21,30,33,42],"seed_played":"3244903133926391517","killed_by":"Time Eater","is_trial":false}