{"path_per_floor":["M","T","M","?","$","R","M","E","T","R","M","M","R","?","R","B",null,"M","M","?","M","$","R","?","R","T","M","M","?","?","M","R","B",null,"M","M","?","$","?","R","M","R","T","M","M","R","?","M","R","B"],"character_chosen":"IRONCLAD","items_purchased":["Metallicize","Body Slam","Letter Opener","Iron Wave","Warcry","Dream Catcher"],"gold_per_floor":[109,109,125,125,45,45,58,87,160,160,176,187,187,187,187,284,284,298,313,313,330,39,39,39,39,66,85,99,99,199,217,217,319,319,338,353,398,74,0,0,16,16,43,54,69,69,69,79,79,79],"floor_reached":51,"campfire_rested":1,"playtime":5552,"current_hp_per_floor":[76,76,63,63,63,63,65,42,42,42,49,40,40,40,66,55,88,78,84,84,87,87,87,87,87,87,87,79,79,79,78,78,60,88,81,78,69,69,69,77,58,66,66,69,80,88,88,67,75,69],"items_purged":["Reckless Charge"],"gold":79,"play_id":"d001e6c0-3003-4493-9beb-1c63b2dbccec","is_prod":false,"is_daily":false,"campfire_rituals":0,"campfire_upgraded":7,"is_hardmode":false,"path_taken":["M","?","?","?","?","R","M","E","T","R","M","M","R","?","R","BOSS","M","M","?","?","$","R","?","R","T","M","M","?","?","M","R","BOSS","M","?","?","$","?","R","M","R","T","M","M","R","?","M","R","BOSS"],"build_version":"2018-01-11-PROD2","purchased_purges":1,"victory":true,"master_deck":["Strike_R","Strike_R","Defend_R","Defend_R","Defend_R","Defend_R","Bash","Juggernaut","Armaments","Metallicize","Offering","Armaments","Juggernaut","Bludgeon","Disarm","Iron Wave","Rage","Body Slam","Battle Trance","Barricade","Iron Wave","Warcry","Seeing Red"],"max_hp_per_floor":[88,88,88,88,88,88,88,88,88,88,88,88,88,88,88,88,88,88,88,88,88,88,88,88,88,88,88,88,88,88,88,88,88,88,88,88,88,88,88,88,88,88,88,88,88,88,88,88,88,88],"relics":["Burning Blood","Girya","Bird Faced Urn","Self Forming Clay","Velvet Choker","Letter Opener","Oddly Smooth Stone","Eternal Feather","Ginger","Dream Catcher","Red Mask","Juzu Bracelet"],"campfire_meditates":0,"card_choices":[{"not_picked":["Perfected Strike","Dual Wield"],"picked":"Juggernaut"},{"not_picked":["Dual Wield","Twin Strike"],"picked":"Armaments"},{"not_picked":["Rupture","Inflame"],"picked":"Offering"},{"not_picked":["Heavy Blade","Pommel Strike"],"picked":"Armaments"},{"not_picked":["True Grit","Sword Boomerang"],"picked":"Juggernaut"},{"not_picked":["Fiend Fire","Dark Embrace"],"picked":"Bludgeon"},{"not_picked":["Blood for Blood","Pommel Strike"],"picked":"Disarm"},{"not_picked":["Pommel Strike","Anger"],"picked":"Iron Wave"},{"not_picked":["Twin Strike","Pommel Strike"],"picked":"Rage"},{"not_picked":["Brutality","Bludgeon"],"picked":"Barricade"},{"not_picked":["Warcry","Blood for Blood"],"picked":"Seeing Red"}],"player_experience":33905,"potions_floor_usage":[33,37,45,50,50],"damage_taken":[{"damage":18,"enemies":"Blue Slaver","floor":1,"turns":5},{"damage":19,"enemies":"Small Slimes","floor":3,"turns":4},{"damage":4,"enemies":"Cultist","floor":7,"turns":4},{"damage":29,"enemies":"3 Sentries","floor":8,"turns":9},{"damage":3,"enemies":"2 Fungi Beasts","floor":11,"turns":4},{"damage":19,"enemies":"Exordium Thugs","floor":12,"turns":4},{"damage":23,"enemies":"Hexaghost","floor":16,"turns":9},{"damage":22,"enemies":"Spheric Guardian","floor":18,"turns":4},{"damage":4,"enemies":"Shell Parasite","floor":19,"turns":3},{"damage":7,"enemies":"3 Cultists","floor":21,"turns":4},{"damage":11,"enemies":"Slaver and Parasite","floor":27,"turns":5},{"damage":17,"enemies":"Sentry and Sphere","floor":28,"turns":5},{"damage":13,"enemies":"Snake Plant","floor":31,"turns":3},{"damage":43,"enemies":"Collector","floor":33,"turns":7},{"damage":17,"enemies":"3 Shapes","floor":35,"turns":6},{"damage":13,"enemies":"Orb Walker","floor":36,"turns":4},{"damage":23,"enemies":"Mysterious Sphere","floor":37,"turns":5},{"damage":33,"enemies":"3 Darklings","floor":41,"turns":4},{"damage":9,"enemies":"Sphere and 2 Shapes","floor":44,"turns":5},{"damage":15,"enemies":"Maw","floor":45,"turns":7},{"damage":31,"enemies":"4 Shapes","floor":48,"turns":7},{"damage":20,"enemies":"Time Eater","floor":50,"turns":10}],"event_choices":[{"event_name":"Living Wall","player_choice":"Grow","floor":4,"damage_taken":0},{"event_name":"Golden Wing","player_choice":"Ignored","floor":14,"damage_taken":0},{"event_name":"Bonfire Elementals","player_choice":"BASIC","floor":20,"damage_taken":0},{"event_name":"Transmorgrifier","player_choice":"Transform","floor":24,"damage_taken":0},{"event_name":"The Library","player_choice":"Read","floor":29,"damage_taken":0},{"event_name":"Golden Shrine","player_choice":"Pray","floor":30,"damage_taken":0},{"event_name":"Mysterious Sphere","player_choice":"Fight","floor":37,"damage_taken":0},{"event_name":"Tomb of Lord Red Mask","player_choice":"Paid","floor":39,"damage_taken":0}],"boss_relics":[{"not_picked":["Calling Bell","Runic Pyramid"],"picked":"Velvet Choker"},{"not_picked":["Sozu","Cursed Key"],"picked":"Eternal Feather"}],"potions_floor_spawned":[7,8,16,19,21,28,31,37,41,48],"seed_played":"1880517233982996003","is_trial":false}