{"path_per_floor":["M","?","?","M","$","R","M","E","T","E","M","$","R","M","R","B",null,"M","?","?","M","$","R","E","T","T","M","?","$","M","M","R"],"character_chosen":"IRONCLAD","items_purchased":["Pen Nib","Shrug It Off"],"gold_per_floor":[112,92,92,108,108,108,133,173,173,217,242,10,10,25,25,150,150,136,136,36,56,56,56,96,151,151,174,174,121,139,160,160],"floor_reached":33,"campfire_rested":5,"playtime":2960,"current_hp_per_floor":[54,54,54,59,59,87,92,52,52,30,36,36,64,67,95,71,96,78,78,78,54,54,82,19,19,19,7,7,7,13,15,44],"items_purged":["Injury"],"gold":160,"play_id":"d2b553eb-37c0-4a43-9c25-7ecfcf090d06","is_prod":false,"is_daily":false,"campfire_rituals":0,"campfire_upgraded":0,"is_hardmode":false,"path_taken":["M","?","?","?","$","R","M","E","T","E","M","$","R","M","R","BOSS","M","?","?","M","$","R","E","?","T","M","?","?","M","?","R","BOSS"],"build_version":"2018-01-18-PROD4","purchased_purges":1,"victory":false,"master_deck":["Strike_R","Strike_R","Strike_R","Strike_R","Strike_R","Defend_R","Defend_R","Defend_R","Defend_R","Bash","Iron Wave","Shrug It Off","Rampage","Heavy Blade","Metallicize","Body Slam","Juggernaut","Body Slam","Metallicize","Feed","Shrug It Off"],"max_hp_per_floor":[96,96,96,96,96,96,96,96,96,96,96,96,96,96,96,96,96,96,96,96,96,96,96,96,96,96,96,96,96,96,99,99],"relics":["Burning Blood","Golden Idol","Lantern","Red Skull","Art of War","Pen Nib","Black Star","War Paint","Orichalcum","Frozen Egg","Bottled Flame","Anchor"],"campfire_meditates":0,"card_choices":[{"not_picked":["Sword Boomerang","Wild Strike"],"picked":"Iron Wave"},{"not_picked":["Perfected Strike","Dropkick"],"picked":"Shrug It Off"},{"not_picked":["Uppercut","Clothesline"],"picked":"Rampage"},{"not_picked":["Infernal Blade","Sword Boomerang"],"picked":"Heavy Blade"},{"not_picked":["Body Slam","Anger"],"picked":"Metallicize"},{"not_picked":["Twin Strike","Pommel Strike"],"picked":"Body Slam"},{"not_picked":["Barricade","Reaper"],"picked":"Juggernaut"},{"not_picked":["Pummel","Flex"],"picked":"Body Slam"},{"not_picked":["Pommel Strike","Corruption"],"picked":"Feed"}],"player_experience":138982,"potions_floor_usage":[],"damage_taken":[{"damage":0.0,"enemies":"2 Louse","floor":1.0,"turns":3.0},{"damage":1.0,"enemies":"Cultist","floor":4.0,"turns":3.0},{"damage":1.0,"enemies":"Jaw Worm","floor":7.0,"turns":5.0},{"damage":56.0,"enemies":"Lagavulin","floor":8.0,"turns":11.0},{"damage":28.0,"enemies":"3 Sentries","floor":10.0,"turns":7.0},{"damage":0.0,"enemies":"Large Slime","floor":11.0,"turns":4.0},{"damage":3.0,"enemies":"Lots of Slimes","floor":14.0,"turns":6.0},{"damage":30.0,"enemies":"Slime Boss","floor":16.0,"turns":11.0},{"damage":24.0,"enemies":"2 Thieves","floor":18.0,"turns":4.0},{"damage":30.0,"enemies":"3 Byrds","floor":21.0,"turns":6.0},{"damage":69.0,"enemies":"Slavers","floor":24.0,"turns":7.0},{"damage":18.0,"enemies":"Snecko","floor":27.0,"turns":4.0},{"damage":0.0,"enemies":"Snake Plant","floor":30.0,"turns":2.0},{"damage":7.0,"enemies":"3 Cultists","floor":31.0,"turns":5.0},{"damage":44,"enemies":"Collector","floor":33,"turns":12}],"event_choices":[{"event_name":"The Woman in Blue","player_choice":"Bought 1 Potion","floor":2.0,"damage_taken":0.0},{"event_name":"Golden Idol","player_choice":"Take Wound","floor":3.0,"damage_taken":0.0},{"event_name":"The Library","player_choice":"Read","floor":19.0,"damage_taken":0.0},{"event_name":"Drug Dealer","player_choice":"Got JAXXED","floor":20.0,"damage_taken":0.0},{"event_name":"Addict","player_choice":"Gave JAX","floor":28.0,"damage_taken":0.0}],"boss_relics":[],"potions_floor_spawned":[8,10,11,14,21,24,30],"seed_played":"5532766667108955331","killed_by":"Collector","is_trial":false}