{"path_per_floor":["M","?","$","T","M","R","E","$","T","?","M","R","M","?","R","B",null,"M","M","?","$","T","R","$","M","T","?","M"],"character_chosen":"IRONCLAD","items_purchased":["Metallicize"],"gold_per_floor":[18,18,18,18,31,31,64,64,91,91,114,114,133,98,98,227,227,241,257,257,182,207,207,32,55,106,106,120],"floor_reached":29,"campfire_rested":1,"playtime":1706,"current_hp_per_floor":[80,80,80,80,79,79,39,39,39,39,40,62,57,74,74,25,81,58,40,40,40,40,40,40,13,13,13,11],"items_purged":["Writhe","Doubt"],"gold":120,"play_id":"9243be52-9338-4956-b50f-fab7e8e5c644","is_prod":false,"is_daily":false,"campfire_rituals":0,"campfire_upgraded":3,"is_hardmode":false,"path_taken":["M","?","$","?","?","R","E","?","T","?","M","R","M","?","R","BOSS","M","M","?","$","?","R","$","M","T","?","?","?"],"build_version":"2018-01-18-PROD4","purchased_purges":2,"victory":false,"master_deck":["Strike_R","Strike_R","Strike_R","Strike_R","Strike_R","Defend_R","Defend_R","Defend_R","Defend_R","Bash","Bloodletting","Regret","Bloodletting","Feed","Parasite","Armaments","Searing Blow","Feed","Body Slam","Metallicize","Reaper","Blood for Blood"],"max_hp_per_floor":[80,80,80,80,80,80,80,80,80,74,74,74,74,74,74,74,81,81,81,81,81,81,81,81,81,81,81,81],"relics":["Burning Blood","Torii","Bag of Preparation","Calipers","Self Forming Clay","Bronze Scales","Golden Idol","Calling Bell","Prayer Wheel","Strawberry","Bag of Marbles","War Paint","Whetstone"],"campfire_meditates":0,"card_choices":[{"not_picked":["Clothesline","Reaper"],"picked":"Bloodletting"},{"not_picked":["Shrug It Off","Pommel Strike"],"picked":"Bloodletting"},{"not_picked":["Berserk","Immolate"],"picked":"Feed"},{"not_picked":["Twin Strike","Immolate"],"picked":"Armaments"},{"not_picked":["Pommel Strike","True Grit"],"picked":"Searing Blow"},{"not_picked":["Twin Strike","Clash"],"picked":"Body Slam"},{"not_picked":["Iron Wave","Rage"],"picked":"Reaper"},{"not_picked":["Havoc","Armaments"],"picked":"Blood for Blood"}],"player_experience":179118,"potions_floor_usage":[],"damage_taken":[{"damage":6,"enemies":"Cultist","floor":1,"turns":3},{"damage":7,"enemies":"Jaw Worm","floor":5,"turns":4},{"damage":46,"enemies":"3 Sentries","floor":7,"turns":11},{"damage":5,"enemies":"Small Slimes","floor":11,"turns":4},{"damage":11,"enemies":"Exordium Thugs","floor":13,"turns":4},{"damage":55,"enemies":"Hexaghost","floor":16,"turns":12},{"damage":29,"enemies":"3 Byrds","floor":18,"turns":4},{"damage":24,"enemies":"Spheric Guardian","floor":19,"turns":9},{"damage":33,"enemies":"Snake Plant","floor":25,"turns":6},{"damage":18,"enemies":"Centurion and Healer","floor":28,"turns":10},{"damage":12,"enemies":"Sentry and Sphere","floor":29,"turns":3}],"event_choices":[{"event_name":"Big Fish","player_choice":"Box","floor":2,"damage_taken":0},{"event_name":"Golden Idol","player_choice":"Lose Max HP","floor":10,"damage_taken":0},{"event_name":"The Cleric","player_choice":"Healed","floor":14,"damage_taken":0},{"event_name":"Duplicator","player_choice":"One dupe","floor":20,"damage_taken":0},{"event_name":"Back to Basics","player_choice":"Simplicity","floor":27,"damage_taken":0}],"boss_relics":[{"not_picked":["Snecko Eye","Runic Pyramid"],"picked":"Calling Bell"}],"potions_floor_spawned":[5,13,16,25],"seed_played":"-7579902609177152626","killed_by":"Sentry and Sphere","is_trial":false}