{"path_per_floor":["M","?","?","T","M","E","R","M","T","M","$","R","?","E","R","B",null,"M","?","?","?","?","R","M","?","T","R","?","M","?","?","R"],"character_chosen":"IRONCLAD","items_purchased":["Thinking Ahead"],"gold_per_floor":[110,110,185,185,200,235,235,252,333,352,161,161,161,186,186,282,282,299,299,299,299,299,299,311,311,311,311,311,328,228,228,228],"floor_reached":33,"campfire_rested":4,"playtime":3547,"current_hp_per_floor":[72,72,61,61,57,31,55,55,55,52,52,76,51,19,43,25,80,60,60,60,60,60,60,37,37,37,37,22,13,13,13,38],"items_purged":[],"gold":228,"play_id":"998be0e9-46b8-4a75-aacb-18c64a73f9b7","is_prod":false,"is_daily":false,"campfire_rituals":0,"campfire_upgraded":2,"is_hardmode":false,"path_taken":["M","?","?","?","M","E","R","M","T","M","$","R","?","E","R","BOSS","M","?","?","?","?","R","M","?","T","R","?","M","?","?","R","BOSS"],"build_version":"2018-01-11-PROD2","purchased_purges":0,"victory":false,"master_deck":["Strike_R","Strike_R","Strike_R","Strike_R","Defend_R","Defend_R","Defend_R","Defend_R","Bash","Hemokinesis","Thunderclap","Pummel","Heavy Blade","Blood for Blood","Dropkick","Thinking Ahead","Thunderclap","Double Tap","Shrug It Off","Seeing Red","Dropkick","Inflame","J.A.X."],"max_hp_per_floor":[80,80,80,80,80,80,80,80,80,80,80,80,80,80,80,80,80,80,80,80,80,80,80,80,80,80,80,85,85,85,85,85],"relics":["Lizard Tail","Anchor","Juzu Bracelet","Kunai","Unceasing Top","Paper Frog","Black Star","Lantern","Calipers"],"campfire_meditates":0,"card_choices":[{"not_picked":["Clothesline","Iron Wave"],"picked":"Hemokinesis"},{"not_picked":["Metallicize","Inflame"],"picked":"Pummel"},{"not_picked":["Clothesline","Barricade"],"picked":"Heavy Blade"},{"not_picked":["Dual Wield","Shrug It Off"],"picked":"Blood for Blood"},{"not_picked":["Shrug It Off","Combust"],"picked":"Dropkick"},{"not_picked":["Body Slam","Cleave"],"picked":"Thunderclap"},{"not_picked":["Reaper","Brutality"],"picked":"Double Tap"},{"not_picked":["Armaments","Clothesline"],"picked":"Shrug It Off"},{"not_picked":["Metallicize","Heavy Blade"],"picked":"Dropkick"},{"not_picked":["Brutality","Perfected Strike"],"picked":"Inflame"}],"player_experience":12516,"potions_floor_usage":[16,16,33,33],"damage_taken":[{"damage":8,"enemies":"Cultist","floor":1,"turns":5},{"damage":4,"enemies":"Jaw Worm","floor":5,"turns":2},{"damage":26,"enemies":"3 Sentries","floor":6,"turns":6},{"damage":0,"enemies":"Small Slimes","floor":8,"turns":3},{"damage":3,"enemies":"3 Louse","floor":10,"turns":3},{"damage":32,"enemies":"Lagavulin","floor":14,"turns":5},{"damage":70,"enemies":"The Guardian","floor":16,"turns":9},{"damage":20,"enemies":"2 Thieves","floor":18,"turns":3},{"damage":23,"enemies":"Shell Parasite","floor":24,"turns":3},{"damage":9,"enemies":"3 Cultists","floor":29,"turns":5},{"damage":42,"enemies":"Collector","floor":33,"turns":6}],"event_choices":[{"event_name":"Living Wall","player_choice":"Change","floor":2,"damage_taken":0},{"event_name":"World of Goop","player_choice":"Gather Gold","floor":3,"damage_taken":0},{"event_name":"Scrap Ooze","player_choice":"success","floor":13,"damage_taken":25},{"event_name":"Beggar","player_choice":"Ignored","floor":19,"damage_taken":0},{"event_name":"The Library","player_choice":"Read","floor":20,"damage_taken":0},{"event_name":"Upgrade Shrine","player_choice":"Upgraded","floor":21,"damage_taken":0},{"event_name":"The Mausoleum","player_choice":"Yes","floor":22,"damage_taken":0},{"event_name":"Back to Basics","player_choice":"Simplicity","floor":25,"damage_taken":0},{"event_name":"Forgotten Altar","player_choice":"Shed Blood","floor":28,"damage_taken":0},{"event_name":"Drug Dealer","player_choice":"Got JAXXED","floor":30,"damage_taken":0},{"event_name":"Cursed Tome","player_choice":"Ignored","floor":31,"damage_taken":0}],"boss_relics":[{"not_picked":["Sozu","Velvet Choker"],"picked":"Black Star"}],"potions_floor_spawned":[1,6,16,18],"seed_played":"-59295246490893344","killed_by":"Collector","is_trial":false}