{"path_per_floor":["M","?","M","?","M","E","M","R","T","$","R","M","R","M","R","B",null,"M","?","M","?","?","R","E","R","T","M","$","R","?","M","R","B",null,"M","?","?","M","$","R","M","M","T","R","$","R","$","M","R","B"],"character_chosen":"IRONCLAD","items_purchased":["Pen Nib","Centennial Puzzle","Bag of Marbles","Energy Potion"],"gold_per_floor":[218,218,237,237,250,279,289,289,289,143,143,156,156,171,171,268,268,280,205,215,215,215,215,246,246,324,342,20,20,20,37,37,132,132,146,146,146,166,21,21,31,48,48,48,0,0,0,15,15,15],"floor_reached":51,"campfire_rested":5,"playtime":3926,"current_hp_per_floor":[80,73,71,71,68,26,22,46,46,46,70,57,80,68,68,19,80,80,80,80,80,64,80,62,62,62,64,64,64,64,66,80,37,80,80,80,80,80,80,80,80,80,94,94,94,94,94,94,94,29],"items_purged":["Hemokinesis"],"gold":15,"play_id":"a08daae0-33d4-41f6-93e0-72ae7862cdf9","is_prod":false,"is_daily":false,"campfire_rituals":0,"campfire_upgraded":7,"is_hardmode":false,"path_taken":["M","?","M","?","?","E","?","R","T","$","R","M","R","M","R","BOSS","M","?","M","?","?","R","E","R","T","?","$","R","?","M","R","BOSS","M","?","?","?","$","R","M","M","T","R","$","R","?","M","R","BOSS"],"build_version":"2018-01-18-PROD4","purchased_purges":2,"victory":true,"master_deck":["Bash","Flex","Heavy Blade","Flex","Armaments","Pummel","Whirlwind","Flex","Offering","Flex","Iron Wave","Warcry","Burning Pact"],"max_hp_per_floor":[80,80,80,80,80,80,80,80,80,80,80,80,80,80,80,80,80,80,80,80,80,80,80,80,80,80,80,80,80,80,80,80,80,80,80,80,80,80,80,80,80,80,94,94,94,94,94,94,94,94],"relics":["Black Blood","Bottled Lightning","Lantern","Pen Nib","Pandora\u0027s Box","Enchiridion","Shuriken","Mummified Hand","Centennial Puzzle","Bag of Marbles","Mango"],"campfire_meditates":0,"card_choices":[{"not_picked":["Rupture","Shrug It Off"],"picked":"Flex"},{"not_picked":["True Grit","Uppercut"],"picked":"Heavy Blade"},{"not_picked":["Iron Wave","Warcry"],"picked":"Flex"},{"not_picked":["Flex","Perfected Strike"],"picked":"Armaments"},{"not_picked":["Headbutt","Iron Wave"],"picked":"Pummel"},{"not_picked":["Sword Boomerang","Pommel Strike"],"picked":"Whirlwind"},{"not_picked":["Shrug It Off","Bludgeon"],"picked":"Flex"},{"not_picked":["Berserk","Demon Form"],"picked":"Offering"}],"player_experience":173137,"potions_floor_usage":[50,50],"damage_taken":[{"damage":1.0,"enemies":"Cultist","floor":1.0,"turns":4.0},{"damage":8.0,"enemies":"2 Louse","floor":3.0,"turns":4.0},{"damage":9.0,"enemies":"Blue Slaver","floor":5.0,"turns":4.0},{"damage":48.0,"enemies":"3 Sentries","floor":6.0,"turns":12.0},{"damage":10.0,"enemies":"Exordium Wildlife","floor":7.0,"turns":4.0},{"damage":19.0,"enemies":"Exordium Thugs","floor":12.0,"turns":6.0},{"damage":18.0,"enemies":"Gremlin Gang","floor":14.0,"turns":6.0},{"damage":64.0,"enemies":"The Guardian","floor":16.0,"turns":9.0},{"damage":4.0,"enemies":"Chosen","floor":18.0,"turns":2.0},{"damage":5.0,"enemies":"2 Thieves","floor":20.0,"turns":2.0},{"damage":24.0,"enemies":"Book of Stabbing","floor":24.0,"turns":3.0},{"damage":4.0,"enemies":"Centurion and Healer","floor":27.0,"turns":2.0},{"damage":4.0,"enemies":"3 Cultists","floor":31.0,"turns":2.0},{"damage":49.0,"enemies":"Automaton","floor":33.0,"turns":5.0},{"damage":4.0,"enemies":"3 Darklings","floor":35.0,"turns":2.0},{"damage":4.0,"enemies":"3 Shapes","floor":38.0,"turns":2.0},{"damage":4.0,"enemies":"3 Darklings","floor":41.0,"turns":2.0},{"damage":6.0,"enemies":"Sphere and 2 Shapes","floor":42.0,"turns":2.0},{"damage":4,"enemies":"Maw","floor":48,"turns":1},{"damage":75,"enemies":"Time Eater","floor":50,"turns":6}],"event_choices":[{"event_name":"Golden Wing","player_choice":"Card Removal","floor":2.0,"damage_taken":0.0},{"event_name":"Transmorgrifier","player_choice":"Transform","floor":4.0,"damage_taken":0.0},{"event_name":"Beggar","player_choice":"Gave Gold","floor":19.0,"damage_taken":0.0},{"event_name":"Vampires","player_choice":"Ignored","floor":21.0,"damage_taken":0.0},{"event_name":"Cursed Tome","player_choice":"Obtained Book","floor":22.0,"damage_taken":0.0},{"event_name":"Back to Basics","player_choice":"Elegance","floor":30.0,"damage_taken":0.0},{"event_name":"Mysterious Sphere","player_choice":"Ignore","floor":36.0,"damage_taken":0.0}],"boss_relics":[],"potions_floor_spawned":[1,6,14,20,24,33,35,42],"seed_played":"-6230914082469826536","is_trial":false}