{"path_per_floor":["M","?","?","?","$","E","R","M","T","M","M","M","M","M","R","B",null,"M","?","T","?","$","R","M","M","T","M","$","?","$"],"character_chosen":"IRONCLAD","items_purchased":["Sundial"],"gold_per_floor":[111,111,111,111,111,136,136,152,152,162,174,192,211,228,228,328,328,342,342,387,387,24,24,41,57,110,126,126,126,126],"floor_reached":31,"campfire_rested":3,"playtime":2055,"current_hp_per_floor":[80,80,73,73,73,28,52,49,49,54,50,50,51,48,72,67,80,62,62,62,62,62,80,72,38,38,26,26,10,10],"items_purged":["Normality"],"gold":126,"play_id":"816003ee-78e0-4164-bfe2-d62f7d7f7b31","is_prod":false,"is_daily":false,"campfire_rituals":0,"campfire_upgraded":0,"is_hardmode":false,"path_taken":["M","?","?","?","$","E","R","M","T","?","M","M","M","M","R","BOSS","M","?","?","?","?","R","M","M","T","?","$","?","?","?"],"build_version":"2018-01-18-PROD4","purchased_purges":1,"victory":false,"master_deck":["Strike_R","Strike_R","Strike_R","Defend_R","Defend_R","Defend_R","Defend_R","Bash","Rampage","Battle Trance","Demon Form"],"max_hp_per_floor":[80,80,80,80,80,80,80,80,80,80,80,80,80,80,80,80,80,80,80,80,80,80,80,80,80,80,80,80,80,80],"relics":["Burning Blood","Molten Egg","Oddly Smooth Stone","Orrery","Vajra","Toxic Egg","Sundial","Ancient Tea Set","Nilry\u0027s Codex"],"campfire_meditates":0,"card_choices":[{"not_picked":["Iron Wave","Havoc"],"picked":"Rampage"},{"not_picked":["Wild Strike","Corruption"],"picked":"Battle Trance"},{"not_picked":["Impervious","Brutality"],"picked":"Demon Form"}],"player_experience":177063,"potions_floor_usage":[6,16,16,27],"damage_taken":[{"damage":3,"enemies":"2 Louse","floor":1,"turns":3},{"damage":51,"enemies":"3 Sentries","floor":6,"turns":10},{"damage":9,"enemies":"Blue Slaver","floor":8,"turns":4},{"damage":1,"enemies":"Jaw Worm","floor":10,"turns":3},{"damage":10,"enemies":"Looter","floor":11,"turns":3},{"damage":6,"enemies":"Exordium Wildlife","floor":12,"turns":4},{"damage":5,"enemies":"Large Slime","floor":13,"turns":6},{"damage":9,"enemies":"3 Louse","floor":14,"turns":3},{"damage":26,"enemies":"Slime Boss","floor":16,"turns":7},{"damage":24,"enemies":"Spheric Guardian","floor":18,"turns":5},{"damage":14,"enemies":"3 Byrds","floor":24,"turns":6},{"damage":40,"enemies":"Sentry and Sphere","floor":25,"turns":7},{"damage":18,"enemies":"Centurion and Healer","floor":27,"turns":6},{"damage":16,"enemies":"Snake Plant","floor":31,"turns":2}],"event_choices":[{"event_name":"Wheel of Change","player_choice":"Full Heal","floor":2,"damage_taken":0},{"event_name":"Golden Wing","player_choice":"Card Removal","floor":3,"damage_taken":0},{"event_name":"Living Wall","player_choice":"Grow","floor":4,"damage_taken":0},{"event_name":"Accursed Blacksmith","player_choice":"Rummage","floor":19,"damage_taken":0},{"event_name":"Vampires","player_choice":"Ignored","floor":21,"damage_taken":0},{"event_name":"Cursed Tome","player_choice":"Obtained Book","floor":29,"damage_taken":0}],"boss_relics":[{"not_picked":["Mark of Pain","Snecko Eye"],"picked":"Orrery"}],"potions_floor_spawned":[1,6,12,14,27],"seed_played":"-1255808065406453634","killed_by":"Snake Plant","is_trial":false}