{"path_per_floor":["M","$","?","$","?","E","R","E","T","M","R","M","T","?","R","B",null,"M","$","?","M","?","R","E","?","T","?","$","M","?","?","R","B",null,"M","?","?","?","?","R","M","$","T","R","?","?","?","M","R"],"character_chosen":"IRONCLAD","items_purchased":["Pummel","Pear","Whirlwind","Spot Weakness","Inflame","Orichalcum","Strength Potion"],"gold_per_floor":[367,367,367,58,58,83,83,108,159,175,175,195,195,195,195,296,296,306,110,110,125,125,125,155,155,182,82,82,93,93,93,93,192,192,202,202,202,202,202,202,220,22,72,72,72,72,72,83,83],"floor_reached":50,"campfire_rested":6,"playtime":3598,"current_hp_per_floor":[43,43,43,53,53,34,61,46,46,46,73,78,78,78,78,43,90,75,75,75,54,54,89,49,49,49,49,49,16,16,16,53,11,90,40,30,30,80,80,80,30,30,30,66,66,66,66,37,73],"items_purged":[],"gold":83,"play_id":"c4bb6956-f13b-46e9-ab18-99f106d402c9","is_prod":false,"is_daily":false,"campfire_rituals":0,"campfire_upgraded":2,"is_hardmode":false,"path_taken":["M","$","?","$","?","E","R","E","T","M","R","?","?","?","R","BOSS","M","$","?","M","?","R","E","?","T","?","$","M","?","?","R","BOSS","M","?","?","?","?","R","M","$","T","R","?","?","?","M","R","BOSS"],"build_version":"2018-01-18-PROD4","purchased_purges":1,"victory":false,"master_deck":["Strike_R","Strike_R","Strike_R","Defend_R","Defend_R","Defend_R","Defend_R","Bash","Flex","Pummel","Armaments","Rampage","Flex","Sword Boomerang","Limit Break","Twin Strike","Whirlwind","Spot Weakness","Demon Form","Twin Strike","Heavy Blade","Iron Wave","J.A.X.","J.A.X.","Sword Boomerang","Berserk","Regret","Doubt","Madness","Madness","Heavy Blade","Iron Wave"],"max_hp_per_floor":[80,80,80,90,90,90,90,90,90,90,90,90,90,90,90,90,90,90,90,90,90,90,90,90,90,90,90,90,90,90,90,90,90,90,90,90,90,80,80,80,80,80,80,80,80,80,80,80,80],"relics":["Burning Blood","Pear","Dream Catcher","Bottled Flame","Bronze Scales","Juzu Bracelet","Eternal Feather","Frozen Egg","Blood Vial","Calling Bell","Torii","Lantern","Happy Flower","Orichalcum","Bag of Preparation","Spirit Poop"],"campfire_meditates":0,"card_choices":[{"not_picked":["Rupture","Reckless Charge"],"picked":"Flex"},{"not_picked":["True Grit","Dropkick"],"picked":"Rampage"},{"not_picked":["Shrug It Off","Hemokinesis"],"picked":"Flex"},{"not_picked":["Body Slam","Clash"],"picked":"Sword Boomerang"},{"not_picked":["Immolate","Barricade"],"picked":"Limit Break"},{"not_picked":["Headbutt","Cleave"],"picked":"Twin Strike"},{"not_picked":["Warcry","Evolve"],"picked":"Twin Strike"},{"not_picked":["Anger","Hemokinesis"],"picked":"Heavy Blade"},{"not_picked":["Headbutt","Twin Strike"],"picked":"Iron Wave"},{"not_picked":["Pommel Strike","Searing Blow"],"picked":"Sword Boomerang"},{"not_picked":["Demon Form","Barricade"],"picked":"Berserk"},{"not_picked":["Warcry","Berserk"],"picked":"Heavy Blade"},{"not_picked":["Clothesline","Uppercut"],"picked":"Iron Wave"}],"player_experience":164531,"potions_floor_usage":[50,50,50],"damage_taken":[{"damage":3.0,"enemies":"Cultist","floor":1.0,"turns":5.0},{"damage":25.0,"enemies":"Gremlin Nob","floor":6.0,"turns":4.0},{"damage":21.0,"enemies":"Lagavulin","floor":8.0,"turns":5.0},{"damage":6.0,"enemies":"Blue Slaver","floor":10.0,"turns":4.0},{"damage":1.0,"enemies":"Jaw Worm","floor":12.0,"turns":2.0},{"damage":41.0,"enemies":"The Guardian","floor":16.0,"turns":9.0},{"damage":21.0,"enemies":"Spheric Guardian","floor":18.0,"turns":5.0},{"damage":27.0,"enemies":"Shell Parasite","floor":21.0,"turns":4.0},{"damage":46.0,"enemies":"Book of Stabbing","floor":24.0,"turns":4.0},{"damage":41.0,"enemies":"Snecko","floor":29.0,"turns":6.0},{"damage":50.0,"enemies":"Champ","floor":33.0,"turns":7.0},{"damage":56.0,"enemies":"3 Shapes","floor":35.0,"turns":6.0},{"damage":56.0,"enemies":"3 Darklings","floor":41.0,"turns":5.0},{"damage":37.0,"enemies":"Maw","floor":48.0,"turns":6.0},{"damage":81,"enemies":"Donu and Deca","floor":50,"turns":6}],"event_choices":[{"event_name":"Purifier","player_choice":"One Purge","floor":3.0,"damage_taken":0.0},{"event_name":"Transmorgrifier","player_choice":"Transform","floor":5.0,"damage_taken":0.0},{"event_name":"Accursed Blacksmith","player_choice":"Forge","floor":14.0,"damage_taken":0.0},{"event_name":"Match and Keep!","player_choice":"2 cards matched","floor":20.0,"damage_taken":0.0},{"event_name":"Match and Keep!","player_choice":"2 cards matched","floor":20.0,"damage_taken":0.0},{"event_name":"Back to Basics","player_choice":"Elegance","floor":22.0,"damage_taken":0.0},{"event_name":"Vampires","player_choice":"Ignored","floor":25.0,"damage_taken":0.0},{"event_name":"Drug Dealer","player_choice":"Got JAXXED","floor":27.0,"damage_taken":0.0},{"event_name":"Beggar","player_choice":"Ignored","floor":30.0,"damage_taken":0.0},{"event_name":"Duplicator","player_choice":"One dupe","floor":31.0,"damage_taken":0.0},{"event_name":"Winding Halls","player_choice":"Embrace Madness","floor":36.0,"damage_taken":0.0},{"event_name":"Tomb of Lord Red Mask","player_choice":"Ignored","floor":37.0,"damage_taken":0.0},{"event_name":"The Moai Head","player_choice":"Heal","floor":38.0,"damage_taken":0.0},{"event_name":"Mysterious Sphere","player_choice":"Ignore","floor":39.0,"damage_taken":0.0},{"event_name":"The Lab","player_choice":"Got Potions","floor":45.0,"damage_taken":0.0},{"event_name":"Bonfire Elementals","player_choice":"CURSE","floor":47.0,"damage_taken":0.0}],"boss_relics":[],"potions_floor_spawned":[6,8,12,16,18,21,24,33,48],"seed_played":"1842112750110580082","killed_by":"Donu and Deca","is_trial":false}