{"path_per_floor":["M","M","M","?","?","E","R","M","T","M","R","$","R","?","R","B",null,"M","?","M","M","?","M","$","M","T","M","?"],"character_chosen":"IRONCLAD","items_purchased":["Flex","Armaments","Bandage Up"],"gold_per_floor":[119,138,150,150,150,178,178,196,196,216,216,69,69,69,69,171,171,187,87,99,117,117,130,31,49,103,115,30],"floor_reached":29,"campfire_rested":1,"playtime":2756,"current_hp_per_floor":[76,80,80,80,80,43,67,67,67,66,66,66,66,66,66,35,80,59,59,54,17,17,17,17,7,7,14,14],"items_purged":["Regret"],"gold":30,"play_id":"dca55792-fc44-4b6b-865f-bc71f1f3dd3c","is_prod":false,"is_daily":false,"is_ascension_mode":true,"campfire_upgraded":3,"path_taken":["M","M","?","?","?","E","R","M","T","M","R","?","R","?","R","BOSS","M","?","?","M","?","M","$","M","T","M","?","?"],"build_version":"2018-01-25-PROD3","purchased_purges":1,"victory":false,"master_deck":["Strike_R","Strike_R","Strike_R+1","Strike_R+1","Defend_R","Defend_R","Defend_R","Defend_R","Bash+1","Shrug It Off+1","Flex","Armaments+1","Dark Embrace","Exhume","Sentinel+1","J.A.X.","Burning Pact","Flex","Bandage Up","Rupture+1"],"max_hp_per_floor":[80,80,80,80,80,80,80,80,80,80,80,80,80,80,80,80,80,80,80,80,80,80,80,80,80,80,80,80],"relics":["Burning Blood","Blood Vial","Bag of Preparation","Toolbox","Eternal Feather","Red Skull","Whetstone","Mummified Hand"],"card_choices":[{"not_picked":["Intimidate","Warcry"],"picked":"Shrug It Off"},{"not_picked":["Immolate","Reaper"],"picked":"Exhume"},{"not_picked":["Whirlwind","Armaments"],"picked":"Sentinel"},{"not_picked":["Fire Breathing","Thunderclap"],"picked":"Burning Pact"},{"not_picked":["Battle Trance","Sever Soul"],"picked":"Flex"},{"not_picked":["Armaments","Dropkick"],"picked":"Rupture"}],"player_experience":191679,"potions_floor_usage":[6,6,8,16,16,21,27],"damage_taken":[{"damage":10,"enemies":"Blue Slaver","floor":1,"turns":6},{"damage":1,"enemies":"Cultist","floor":2,"turns":3},{"damage":3,"enemies":"Jaw Worm","floor":3,"turns":4},{"damage":58,"enemies":"Lagavulin","floor":6,"turns":8},{"damage":8,"enemies":"Exordium Thugs","floor":8,"turns":4},{"damage":9,"enemies":"2 Fungi Beasts","floor":10,"turns":5},{"damage":39,"enemies":"Slime Boss","floor":16,"turns":10},{"damage":27,"enemies":"3 Byrds","floor":18,"turns":8},{"damage":13,"enemies":"Shell Parasite","floor":20,"turns":5},{"damage":60,"enemies":"Centurion and Healer","floor":21,"turns":8},{"damage":12,"enemies":"Snecko","floor":23,"turns":5},{"damage":30,"enemies":"Slaver and Parasite","floor":25,"turns":15},{"damage":7,"enemies":"Centurion and Healer","floor":27,"turns":6},{"damage":23,"enemies":"Snecko","floor":29,"turns":3}],"event_choices":[{"event_name":"The Cleric","player_choice":"Leave","floor":4,"damage_taken":0},{"event_name":"Big Fish","player_choice":"Box","floor":5,"damage_taken":0},{"event_name":"Transmorgrifier","player_choice":"Transform","floor":14,"damage_taken":0},{"event_name":"Drug Dealer","player_choice":"Got JAXXED","floor":19,"damage_taken":0},{"event_name":"The Mausoleum","player_choice":"Yes","floor":22,"damage_taken":0},{"event_name":"Addict","player_choice":"Obtained Relic","floor":28,"damage_taken":0}],"boss_relics":[{"not_picked":["Tiny House","Snecko Eye"],"picked":"Eternal Feather"}],"potions_floor_spawned":[6,8,16,21,25],"seed_played":"1354655301459282610","killed_by":"Snecko","ascension_level":1,"is_trial":false}