{"path_per_floor":["M","?","M","?","M","R","$","R","T","M","M","R","M","?","R","B",null,"M","M","?","?","?","R","M","E","T","R","M","R","M","$","R","B",null,"M","$","M","?","M","R"],"character_chosen":"IRONCLAD","items_purchased":["Meat on the Bone","Bag of Preparation"],"gold_per_floor":[117,117,129,129,141,141,66,66,66,85,103,103,114,175,175,273,273,286,302,302,302,302,302,320,350,373,373,389,389,401,149,149,252,252,266,19,39,39,57,57],"floor_reached":41,"campfire_rested":5,"playtime":4263,"current_hp_per_floor":[66,66,65,65,58,58,58,80,90,86,81,81,87,78,78,29,90,71,44,28,28,58,90,74,48,48,81,87,90,54,54,87,58,90,81,81,64,64,63,90],"items_purged":["Normality","Defend_R"],"gold":57,"play_id":"eb9047e3-b562-4e06-b47f-b15cefbaf40a","is_prod":false,"is_daily":false,"is_ascension_mode":true,"campfire_upgraded":4,"path_taken":["M","?","M","?","M","R","?","R","T","M","M","R","M","?","R","BOSS","M","?","?","?","?","R","M","E","T","R","M","R","M","$","R","BOSS","M","$","M","?","M","R","E"],"build_version":"2018-01-25-PROD3","purchased_purges":3,"victory":false,"master_deck":["Strike_R","Strike_R","Strike_R","Strike_R","Defend_R","Defend_R","Defend_R","Bash","Battle Trance+1","Burning Pact+1","Flex+1","Flex+1","Armaments+1","Double Tap","Reaper","Pummel","Inflame+1"],"max_hp_per_floor":[80,80,80,80,80,80,80,80,90,90,90,90,90,90,90,90,90,90,90,90,90,90,90,90,90,90,90,90,90,90,90,90,90,90,90,90,90,90,90,90],"relics":["Burning Blood","Bronze Scales","Pear","Art of War","Eternal Feather","Nilry\u0027s Codex","Toxic Egg","Orichalcum","Meat on the Bone","Lizard Tail","Bag of Preparation"],"card_choices":[{"not_picked":["Sword Boomerang","Headbutt"],"picked":"Burning Pact"},{"not_picked":["Disarm","Dropkick"],"picked":"Flex"},{"not_picked":["Body Slam","Clash"],"picked":"Flex"},{"not_picked":["Dual Wield","Pommel Strike"],"picked":"Armaments"},{"not_picked":["Brutality","Feed"],"picked":"Double Tap"},{"not_picked":["Dark Embrace","Immolate"],"picked":"Reaper"},{"not_picked":["Twin Strike","Corruption"],"picked":"Pummel"},{"not_picked":["Perfected Strike","Metallicize"],"picked":"Inflame"}],"player_experience":194435,"potions_floor_usage":[16,25,25,33,35],"damage_taken":[{"damage":20.0,"enemies":"Jaw Worm","floor":1.0,"turns":7.0},{"damage":7.0,"enemies":"Small Slimes","floor":3.0,"turns":6.0},{"damage":13.0,"enemies":"Blue Slaver","floor":5.0,"turns":5.0},{"damage":10.0,"enemies":"Large Slime","floor":10.0,"turns":5.0},{"damage":11.0,"enemies":"Red Slaver","floor":11.0,"turns":5.0},{"damage":0.0,"enemies":"Lots of Slimes","floor":13.0,"turns":1.0},{"damage":15,"enemies":"Gremlin Nob","floor":14,"turns":3},{"damage":55,"enemies":"Hexaghost","floor":16,"turns":9},{"damage":25,"enemies":"3 Byrds","floor":18,"turns":4},{"damage":33,"enemies":"2 Thieves","floor":19,"turns":5},{"damage":22,"enemies":"Snake Plant","floor":24,"turns":4},{"damage":32,"enemies":"Slavers","floor":25,"turns":5},{"damage":0,"enemies":"Snecko","floor":28,"turns":3},{"damage":42,"enemies":"3 Cultists","floor":30,"turns":6},{"damage":35,"enemies":"Champ","floor":33,"turns":8},{"damage":54,"enemies":"3 Darklings","floor":35,"turns":6},{"damage":23,"enemies":"Orb Walker","floor":37,"turns":3},{"damage":99,"enemies":"Maw","floor":39,"turns":10},{"damage":102,"enemies":"Giant Head","floor":41,"turns":7}],"event_choices":[{"event_name":"The Cleric","player_choice":"Leave","floor":2.0,"damage_taken":0.0},{"event_name":"Accursed Blacksmith","player_choice":"Rummage","floor":4.0,"damage_taken":0.0},{"event_name":"Dead Adventurer","player_choice":"Searched \u00271\u0027 times","floor":14,"damage_taken":0},{"event_name":"Cursed Tome","player_choice":"Obtained Book","floor":20,"damage_taken":0},{"event_name":"Vampires","player_choice":"Ignored","floor":21,"damage_taken":0},{"event_name":"The Library","player_choice":"Heal","floor":22,"damage_taken":0},{"event_name":"Mysterious Sphere","player_choice":"Ignore","floor":38,"damage_taken":0}],"boss_relics":[{"not_picked":["Mark of Pain","Runic Dome"],"picked":"Eternal Feather"},{"not_picked":["White Beast Statue","Tiny House"],"picked":"Lizard Tail"}],"potions_floor_spawned":[5,10,11,13,14,16,18,28,35,39],"seed_played":"-8545632340107681217","killed_by":"Giant Head","ascension_level":1,"is_trial":false}