{"path_per_floor":["M","$","M","?","?","R","?","R","T","?","E","R","M","$","R","B",null,"M","M","M","?","$","E","T","M","T","R","$","R","$","M","R"],"character_chosen":"IRONCLAD","items_purchased":["Double Tap","Armaments","Warcry","Whirlwind","Dual Wield","Thunderclap","Regal Pillow"],"gold_per_floor":[113,41,58,58,58,58,58,58,58,80,108,108,126,55,55,157,157,174,193,205,205,116,145,172,182,182,182,157,157,10,23,23],"floor_reached":33,"campfire_rested":2,"playtime":5032,"current_hp_per_floor":[80,80,80,80,80,80,80,80,87,62,51,51,46,46,72,48,87,86,40,63,63,63,11,11,45,45,45,45,45,45,44,85],"items_purged":[],"gold":23,"play_id":"c6007adb-0103-4454-840e-ceaf614b9c92","is_prod":false,"is_daily":false,"campfire_rituals":0,"campfire_upgraded":5,"is_hardmode":false,"path_taken":["M","$","M","?","?","R","?","R","T","?","E","R","M","$","R","BOSS","M","?","M","?","$","E","?","?","T","R","?","R","$","M","R","BOSS"],"build_version":"2018-01-11-PROD2","purchased_purges":0,"victory":false,"master_deck":["Strike_R","Strike_R","Strike_R","Strike_R","Defend_R","Defend_R","Defend_R","Defend_R","Bash","Pummel","Double Tap","Body Slam","Pommel Strike","Reaper","Blood for Blood","Armaments","Warcry","Offering","Flex","Sever Soul","Twin Strike","Writhe","Whirlwind","Dual Wield","Clothesline","Shrug It Off","Thunderclap","Cleave"],"max_hp_per_floor":[80,80,80,80,80,80,80,80,87,87,87,87,87,87,87,87,87,87,87,87,87,87,87,87,87,87,87,87,87,87,87,87],"relics":["Burning Blood","Bag of Preparation","Strawberry","Odd Mushroom","War Paint","Velvet Choker","Gremlin Horn","Anchor","Oddly Smooth Stone","Blood Vial","Regal Pillow"],"campfire_meditates":0,"card_choices":[{"not_picked":["Uppercut","Battle Trance"],"picked":"Pummel"},{"not_picked":["Uppercut","Perfected Strike"],"picked":"Body Slam"},{"not_picked":["True Grit","Body Slam"],"picked":"Pommel Strike"},{"not_picked":["Headbutt","Cleave"],"picked":"Reaper"},{"not_picked":["Perfected Strike","Sword Boomerang"],"picked":"Blood for Blood"},{"not_picked":["Brutality","Bludgeon"],"picked":"Offering"},{"not_picked":["Fire Breathing","Perfected Strike"],"picked":"Flex"},{"not_picked":["Body Slam","Fire Breathing"],"picked":"Sever Soul"},{"not_picked":["Flex","Clash"],"picked":"Twin Strike"},{"not_picked":["Dual Wield","Disarm"],"picked":"Clothesline"},{"not_picked":["Perfected Strike","Corruption"],"picked":"Shrug It Off"},{"not_picked":["Searing Blow","Dual Wield"],"picked":"Cleave"}],"player_experience":0,"potions_floor_usage":[16,16,16,33,33],"damage_taken":[{"damage":2,"enemies":"2 Louse","floor":1,"turns":3},{"damage":1,"enemies":"Cultist","floor":3,"turns":3},{"damage":31,"enemies":"The Mushroom Lair","floor":10,"turns":5},{"damage":17,"enemies":"Gremlin Nob","floor":11,"turns":4},{"damage":11,"enemies":"Jaw Worm","floor":13,"turns":4},{"damage":30,"enemies":"The Guardian","floor":16,"turns":7},{"damage":14,"enemies":"3 Byrds","floor":18,"turns":5},{"damage":52,"enemies":"Chosen","floor":19,"turns":8},{"damage":25,"enemies":"3 Cultists","floor":20,"turns":5},{"damage":58,"enemies":"Book of Stabbing","floor":23,"turns":5},{"damage":6,"enemies":"Centurion and Healer","floor":25,"turns":4},{"damage":9,"enemies":"Snake Plant","floor":31,"turns":3},{"damage":93,"enemies":"Champ","floor":33,"turns":8}],"event_choices":[{"event_name":"Living Wall","player_choice":"Grow","floor":4,"damage_taken":0},{"event_name":"Accursed Blacksmith","player_choice":"Rummage","floor":5,"damage_taken":0},{"event_name":"Bonfire Elementals","player_choice":"BASIC","floor":7,"damage_taken":0},{"event_name":"Mushrooms","player_choice":"Fought Mushrooms","floor":10,"damage_taken":0},{"event_name":"The Mausoleum","player_choice":"Yes","floor":21,"damage_taken":0}],"boss_relics":[{"not_picked":["Astrolabe","White Beast Statue"],"picked":"Velvet Choker"}],"potions_floor_spawned":[1,10,11,18,20,31],"seed_played":"6056955626661613810","killed_by":"Champ","is_trial":false}