{"path_per_floor":["M","?","M","?","?","$","M","$","T","E","R","M","M","M","R","B",null,"M","$","?","M","?","E","?","M","T","R","$","?","R","$","R","B",null,"M","?","?","$","?","R","?","M","T","M","M","M","M","?","R","B"],"character_chosen":"IRONCLAD","items_purchased":["Armaments","Bronze Scales","Mercury Hourglass","Bandage Up","Fiend Fire","Master of Strategy"],"gold_per_floor":[217,217,236,236,486,208,229,229,229,273,273,294,319,335,335,464,464,477,130,130,145,60,92,92,105,175,175,175,175,175,60,60,156,156,175,175,175,13,13,13,13,27,77,96,112,127,144,144,144,144],"floor_reached":51,"campfire_rested":4,"playtime":5008,"current_hp_per_floor":[80,64,70,50,50,50,56,56,56,44,68,63,73,82,82,58,91,64,64,64,79,79,75,75,67,72,100,100,100,100,100,100,54,100,95,85,85,85,85,104,104,87,92,86,58,46,39,39,72,15],"items_purged":["Regret"],"gold":144,"play_id":"3d52c05f-fcfc-4c00-a18d-926117cc2a4d","is_prod":false,"is_daily":false,"campfire_rituals":0,"campfire_upgraded":3,"is_hardmode":false,"path_taken":["M","?","?","?","?","$","M","$","T","E","R","?","?","M","R","BOSS","M","$","?","M","?","E","?","?","T","R","?","?","R","$","R","BOSS","M","?","?","$","?","R","?","M","T","M","?","M","?","?","R","BOSS"],"build_version":"2018-01-18-PROD4","purchased_purges":1,"victory":true,"master_deck":["Strike_R","Strike_R","Strike_R","Strike_R","Defend_R","Defend_R","Defend_R","Sword Boomerang","Armaments","Shrug It Off","Flame Barrier","Feed","Iron Wave","Body Slam","Bandage Up","Body Slam","Rampage","Iron Wave","Fiend Fire","Double Tap","Madness","Madness","Master of Strategy"],"max_hp_per_floor":[80,80,80,80,80,80,80,80,80,80,80,80,84,87,87,91,91,94,94,94,94,94,97,97,100,100,100,100,100,100,100,100,100,100,104,104,104,104,104,104,104,104,104,104,104,108,111,111,111,111],"relics":["Burning Blood","Bloody Idol","Bronze Scales","Torii","Bag of Preparation","Lizard Tail","Mercury Hourglass","The Courier","Oddly Smooth Stone","Darkstone Periapt","Black Star","Whetstone"],"campfire_meditates":0,"card_choices":[{"not_picked":["Anger","Shrug It Off"],"picked":"Sword Boomerang"},{"not_picked":["Evolve","Disarm"],"picked":"Shrug It Off"},{"not_picked":["Dual Wield","Rage"],"picked":"Flame Barrier"},{"not_picked":["Clash","True Grit"],"picked":"Feed"},{"not_picked":["Heavy Blade","Wild Strike"],"picked":"Iron Wave"},{"not_picked":["Headbutt","Perfected Strike"],"picked":"Body Slam"},{"not_picked":["Thunderclap","Wild Strike"],"picked":"Body Slam"},{"not_picked":["Whirlwind","Second Wind"],"picked":"Rampage"},{"not_picked":["Dark Embrace","Berserk"],"picked":"Double Tap"}],"player_experience":168129,"potions_floor_usage":[],"damage_taken":[{"damage":3.0,"enemies":"Cultist","floor":1.0,"turns":5.0},{"damage":0.0,"enemies":"2 Louse","floor":3.0,"turns":3.0},{"damage":0.0,"enemies":"Small Slimes","floor":7.0,"turns":3.0},{"damage":18.0,"enemies":"3 Sentries","floor":10.0,"turns":8.0},{"damage":11.0,"enemies":"Gremlin Gang","floor":12.0,"turns":5.0},{"damage":0.0,"enemies":"2 Fungi Beasts","floor":13.0,"turns":3.0},{"damage":0.0,"enemies":"Large Slime","floor":14.0,"turns":6.0},{"damage":34.0,"enemies":"The Guardian","floor":16.0,"turns":20.0},{"damage":36.0,"enemies":"2 Thieves","floor":18.0,"turns":5.0},{"damage":0.0,"enemies":"3 Byrds","floor":21.0,"turns":3.0},{"damage":22.0,"enemies":"Slavers","floor":23.0,"turns":5.0},{"damage":26.0,"enemies":"3 Cultists","floor":25.0,"turns":6.0},{"damage":61.0,"enemies":"Collector","floor":33.0,"turns":16.0},{"damage":20.0,"enemies":"3 Darklings","floor":35.0,"turns":6.0},{"damage":28.0,"enemies":"Orb Walker","floor":42.0,"turns":5.0},{"damage":21.0,"enemies":"3 Darklings","floor":44.0,"turns":6.0},{"damage":43.0,"enemies":"Maw","floor":45.0,"turns":9.0},{"damage":31.0,"enemies":"Sphere and 2 Shapes","floor":46.0,"turns":8.0},{"damage":40.0,"enemies":"4 Shapes","floor":47.0,"turns":7.0},{"damage":67,"enemies":"Awakened One","floor":50,"turns":21}],"event_choices":[{"event_name":"Shining Light","player_choice":"Entered Light","floor":2.0,"damage_taken":0.0},{"event_name":"Golden Idol","player_choice":"Take Damage","floor":4.0,"damage_taken":0.0},{"event_name":"Golden Shrine","player_choice":"Desecrate","floor":5.0,"damage_taken":0.0},{"event_name":"Forgotten Altar","player_choice":"Gave Idol","floor":20.0,"damage_taken":0.0},{"event_name":"Addict","player_choice":"Obtained Relic","floor":22.0,"damage_taken":0.0},{"event_name":"Drug Dealer","player_choice":"Ignored","floor":24.0,"damage_taken":0.0},{"event_name":"The Library","player_choice":"Read","floor":29.0,"damage_taken":0.0},{"event_name":"Winding Halls","player_choice":"Embrace Madness","floor":36.0,"damage_taken":0.0},{"event_name":"Tomb of Lord Red Mask","player_choice":"Ignored","floor":37.0,"damage_taken":0.0},{"event_name":"Purifier","player_choice":"One Purge","floor":39.0,"damage_taken":0.0},{"event_name":"Bonfire Elementals","player_choice":"BASIC","floor":41.0,"damage_taken":0.0}],"boss_relics":[],"potions_floor_spawned":[7,10,13,18,25,35,45],"seed_played":"-3278463430686297665","is_trial":false}