{"path_per_floor":["M","M","?","?","M","T","E","M","T","R","$","M","M","M","R","B",null,"M","?","?","M","$","?","E","T","T","R","M","M","R","M","R","B",null,"M","?","M","M","?","R","$","M","T","?","M","M","M","M","R","B"],"character_chosen":"IRONCLAD","items_purchased":["Metallicize","Self Forming Clay","Pantograph","Body Slam"],"gold_per_floor":[210,223,223,223,240,240,275,295,295,295,225,242,255,272,272,368,368,341,341,341,354,95,95,121,198,198,198,217,231,231,244,244,346,346,360,360,380,391,391,391,5,24,24,0,16,31,45,57,57,57],"floor_reached":51,"campfire_rested":6,"playtime":6311,"current_hp_per_floor":[80,80,77,77,77,77,38,44,44,68,68,74,75,80,80,61,80,80,65,65,66,66,66,52,52,52,77,65,41,66,62,85,33,85,85,85,85,60,60,85,85,76,76,76,75,79,81,65,85,22],"items_purged":["Writhe"],"gold":57,"play_id":"7844f6b1-9b10-4020-9dec-a6a9949ab499","is_prod":false,"is_daily":false,"campfire_rituals":0,"campfire_upgraded":1,"is_hardmode":false,"path_taken":["M","M","?","?","?","?","E","?","T","R","?","M","M","M","R","BOSS","M","?","?","M","$","?","E","?","T","R","?","M","R","M","R","BOSS","M","?","?","M","?","R","$","M","T","?","?","M","?","M","R","BOSS"],"build_version":"2018-01-18-PROD4","purchased_purges":1,"victory":true,"master_deck":["Strike_R","Strike_R","Strike_R","Strike_R","Strike_R","Defend_R","Defend_R","Defend_R","Defend_R","Bash","Body Slam","Shrug It Off","Iron Wave","Iron Wave","Metallicize","Iron Wave","Armaments","Impervious","Seeing Red","Metallicize","Iron Wave","Body Slam","Iron Wave","Rampage","Iron Wave","Barricade"],"max_hp_per_floor":[80,80,80,80,80,80,80,80,80,80,80,80,80,80,80,80,80,80,85,85,85,85,85,85,85,85,85,85,85,85,85,85,85,85,85,85,85,85,85,85,85,85,85,85,85,85,85,85,85,85],"relics":["Burning Blood","Vajra","Sundial","Happy Flower","Letter Opener","White Beast Statue","Self Forming Clay","Meat on the Bone","Frozen Egg","Kunai","Champion Belt","Velvet Choker","Pantograph","Pen Nib","Red Mask"],"campfire_meditates":0,"card_choices":[{"not_picked":["True Grit","Heavy Blade"],"picked":"Body Slam"},{"not_picked":["Clash","Body Slam"],"picked":"Shrug It Off"},{"not_picked":["Wild Strike","Reckless Charge"],"picked":"Iron Wave"},{"not_picked":["Seeing Red","Cleave"],"picked":"Iron Wave"},{"not_picked":["Rage","Shrug It Off"],"picked":"Iron Wave"},{"not_picked":["Flex","Body Slam"],"picked":"Armaments"},{"not_picked":["Immolate","Feed"],"picked":"Impervious"},{"not_picked":["Clothesline","Heavy Blade"],"picked":"Seeing Red"},{"not_picked":["Anger","Iron Wave"],"picked":"Metallicize"},{"not_picked":["Clothesline","Pommel Strike"],"picked":"Iron Wave"},{"not_picked":["True Grit","Twin Strike"],"picked":"Iron Wave"},{"not_picked":["Blood for Blood","Seeing Red"],"picked":"Rampage"},{"not_picked":["Power Through","Burning Pact"],"picked":"Iron Wave"},{"not_picked":["Thunderclap","Intimidate"],"picked":"Barricade"}],"player_experience":120910,"potions_floor_usage":[13,16,16,24,28,29,29,33,33,33,46,47,48,50,50,50],"damage_taken":[{"damage":5,"enemies":"Small Slimes","floor":1,"turns":4},{"damage":5,"enemies":"Jaw Worm","floor":2,"turns":5},{"damage":6,"enemies":"Cultist","floor":5,"turns":3},{"damage":45,"enemies":"3 Sentries","floor":7,"turns":10},{"damage":0,"enemies":"Large Slime","floor":8,"turns":4},{"damage":0,"enemies":"Red Slaver","floor":12,"turns":2},{"damage":5,"enemies":"Exordium Thugs","floor":13,"turns":6},{"damage":1,"enemies":"Large Slime","floor":14,"turns":5},{"damage":25,"enemies":"Slime Boss","floor":16,"turns":13},{"damage":5,"enemies":"2 Thieves","floor":18,"turns":5},{"damage":5,"enemies":"Shell Parasite","floor":21,"turns":7},{"damage":20,"enemies":"Slavers","floor":24,"turns":8},{"damage":18,"enemies":"Snecko","floor":28,"turns":7},{"damage":42,"enemies":"Chosen and Byrds","floor":29,"turns":9},{"damage":10,"enemies":"Slaver and Parasite","floor":31,"turns":10},{"damage":85,"enemies":"Collector","floor":33,"turns":16},{"damage":6,"enemies":"3 Darklings","floor":35,"turns":13},{"damage":6,"enemies":"Orb Walker","floor":37,"turns":4},{"damage":31,"enemies":"3 Darklings","floor":38,"turns":10},{"damage":15,"enemies":"Maw","floor":42,"turns":11},{"damage":7,"enemies":"Sphere and 2 Shapes","floor":45,"turns":8},{"damage":2,"enemies":"4 Shapes","floor":46,"turns":9},{"damage":4,"enemies":"Maw","floor":47,"turns":8},{"damage":22,"enemies":"Sphere and 2 Shapes","floor":48,"turns":8},{"damage":81,"enemies":"Donu and Deca","floor":50,"turns":16}],"event_choices":[{"event_name":"Scrap Ooze","player_choice":"success","floor":3,"damage_taken":3},{"event_name":"Upgrade Shrine","player_choice":"Upgraded","floor":4,"damage_taken":0},{"event_name":"Forgotten Altar","player_choice":"Shed Blood","floor":19,"damage_taken":0},{"event_name":"Upgrade Shrine","player_choice":"Upgraded","floor":20,"damage_taken":0},{"event_name":"The Mausoleum","player_choice":"Yes","floor":23,"damage_taken":0},{"event_name":"Mysterious Sphere","player_choice":"Ignore","floor":36,"damage_taken":0},{"event_name":"The Lab","player_choice":"Got Potions","floor":39,"damage_taken":0},{"event_name":"Tomb of Lord Red Mask","player_choice":"Paid","floor":44,"damage_taken":0}],"boss_relics":[{"not_picked":["Runic Pyramid","Pandora\u0027s Box"],"picked":"White Beast Statue"},{"not_picked":["Snecko Eye","Question Card"],"picked":"Velvet Choker"}],"potions_floor_spawned":[7,8,12,13,18,21,24,28,29,31,33,35,37,38,42,45,46,47,48],"seed_played":"7310366252014566824","is_trial":false}