{"path_per_floor":["M","?","?","M","M","E","R","E","T","E","R","M","$","M","R","B",null,"M","?","M","?","$","R","E"],"character_chosen":"IRONCLAD","items_purchased":["Gremlin Horn","Regen Potion"],"gold_per_floor":[117,117,192,210,226,254,254,282,282,342,342,357,21,40,40,145,145,162,162,175,175,23,23,55],"floor_reached":25,"campfire_rested":3,"playtime":1724,"current_hp_per_floor":[78,78,67,73,79,33,57,33,33,29,53,57,57,53,53,20,65,39,39,41,26,26,51,37],"items_purged":["Strike_R","Wild Strike"],"gold":55,"play_id":"f3220494-52d1-4874-bdbf-6d4e1933c3ec","is_prod":false,"is_daily":false,"is_ascension_mode":true,"campfire_upgraded":1,"path_taken":["M","?","?","?","?","E","R","E","T","E","R","M","$","M","R","BOSS","M","?","M","?","?","R","E","M"],"build_version":"2018-02-01-PROD3","purchased_purges":2,"victory":false,"master_deck":["Bash","Rampage+1","Double Tap","Rampage","Anger","Heavy Blade","Heavy Blade","Iron Wave","Armaments","Anger","Ghostly Armor"],"max_hp_per_floor":[80,80,80,80,80,80,80,80,80,80,80,80,80,80,80,80,80,80,80,80,85,85,85,85],"relics":["Burning Blood","NeowsBlessing","Happy Flower","Pen Nib","Magic Flower","Tiny Chest","Gremlin Horn","Pandora\u0027s Box","Sundial"],"card_choices":[{"not_picked":["Iron Wave","Hemokinesis"],"picked":"Rampage"},{"not_picked":["Wild Strike","Blood for Blood"],"picked":"Double Tap"},{"not_picked":["Wild Strike","Twin Strike"],"picked":"Rampage"},{"not_picked":["Twin Strike","Hemokinesis"],"picked":"Ghostly Armor"}],"player_experience":305698,"potions_floor_usage":[16,16,24,24,25],"damage_taken":[{"damage":0.0,"enemies":"Cultist","floor":1.0,"turns":1.0},{"damage":0.0,"enemies":"2 Louse","floor":4.0,"turns":1.0},{"damage":0.0,"enemies":"Small Slimes","floor":5.0,"turns":1.0},{"damage":52.0,"enemies":"3 Sentries","floor":6.0,"turns":10.0},{"damage":30.0,"enemies":"Lagavulin","floor":8.0,"turns":7.0},{"damage":13.0,"enemies":"3 Sentries","floor":10.0,"turns":7.0},{"damage":5.0,"enemies":"2 Fungi Beasts","floor":12.0,"turns":4.0},{"damage":13,"enemies":"Exordium Thugs","floor":14,"turns":4},{"damage":42,"enemies":"Hexaghost","floor":16,"turns":8},{"damage":35,"enemies":"Shell Parasite","floor":18,"turns":5},{"damage":7,"enemies":"Chosen","floor":20,"turns":4},{"damage":48,"enemies":"Slavers","floor":24,"turns":6},{"damage":43,"enemies":"Slaver and Parasite","floor":25,"turns":3}],"event_choices":[{"event_name":"Living Wall","player_choice":"Forget","floor":2.0,"damage_taken":0.0},{"event_name":"World of Goop","player_choice":"Gather Gold","floor":3.0,"damage_taken":0.0},{"event_name":"Match and Keep!","player_choice":"0 cards matched","floor":19,"damage_taken":0},{"event_name":"Forgotten Altar","player_choice":"Shed Blood","floor":21,"damage_taken":0}],"boss_relics":[{"not_picked":["Black Star","Question Card"],"picked":"Pandora\u0027s Box"}],"potions_floor_spawned":[1,6,8,10,14,18,24],"seed_played":"-4627452327926449378","killed_by":"Slaver and Parasite","ascension_level":6,"is_trial":false}