{"path_per_floor":["M","?","?","M","T","E","M","M","T","$","M","M","R","E","R","B",null,"M","$","M","M","?","R","E","?","T"],"character_chosen":"IRONCLAD","items_purchased":[],"gold_per_floor":[118,118,118,131,131,175,196,214,214,214,235,258,258,301,301,420,420,444,369,393,418,418,418,461,461,461],"floor_reached":27,"campfire_rested":0,"playtime":1837,"current_hp_per_floor":[80,60,60,66,66,72,71,71,71,71,76,72,72,60,60,10,98,66,66,72,66,98,98,16,16,16],"items_purged":["Doubt"],"gold":461,"play_id":"262cc87c-b532-47b8-a215-17be25ceeca3","is_prod":false,"is_daily":false,"is_ascension_mode":true,"campfire_upgraded":2,"path_taken":["M","?","?","M","?","E","M","M","T","$","?","M","R","E","R","BOSS","M","$","?","M","?","R","E","?","T","M"],"build_version":"2018-01-25-PROD3","purchased_purges":2,"victory":false,"master_deck":["Strike_R","Strike_R","Strike_R","Strike_R","Strike_R","Defend_R","Defend_R","Defend_R","Defend_R","Bash","Metallicize","Iron Wave+1","Whirlwind+1","Body Slam","Injury","Parasite","Shrug It Off"],"max_hp_per_floor":[80,80,80,80,80,80,80,80,80,80,80,80,80,80,80,80,98,98,98,98,98,98,98,98,98,98],"relics":["Burning Blood","NeowsBlessing","Golden Idol","Girya","Darkstone Periapt","Unceasing Top","Letter Opener","Calling Bell","Self Forming Clay","Lantern","Oddly Smooth Stone","Omamori","Ice Cream"],"card_choices":[{"not_picked":["Clash","Fire Breathing"],"picked":"Metallicize"},{"not_picked":["Feel No Pain","Second Wind"],"picked":"Iron Wave"},{"not_picked":["Corruption","Shockwave"],"picked":"Whirlwind"},{"not_picked":["Carnage","Warcry"],"picked":"Body Slam"},{"not_picked":["Bludgeon","Disarm"],"picked":"Shrug It Off"}],"player_experience":231137,"potions_floor_usage":[8,14,16,16,21,24,27],"damage_taken":[{"damage":0,"enemies":"Small Slimes","floor":1,"turns":1},{"damage":0,"enemies":"Blue Slaver","floor":4,"turns":1},{"damage":0,"enemies":"Lagavulin","floor":6,"turns":2},{"damage":7,"enemies":"Jaw Worm","floor":7,"turns":5},{"damage":6,"enemies":"Red Slaver","floor":8,"turns":6},{"damage":1,"enemies":"2 Fungi Beasts","floor":11,"turns":3},{"damage":10,"enemies":"Looter","floor":12,"turns":3},{"damage":18,"enemies":"3 Sentries","floor":14,"turns":8},{"damage":56,"enemies":"Slime Boss","floor":16,"turns":14},{"damage":38,"enemies":"2 Thieves","floor":18,"turns":5},{"damage":0,"enemies":"3 Byrds","floor":20,"turns":4},{"damage":12,"enemies":"3 Cultists","floor":21,"turns":6},{"damage":88,"enemies":"Gremlin Leader","floor":24,"turns":9},{"damage":17,"enemies":"Snake Plant","floor":27,"turns":3}],"event_choices":[{"event_name":"Golden Idol","player_choice":"Take Damage","floor":2,"damage_taken":0},{"event_name":"The Lab","player_choice":"Got Potions","floor":3,"damage_taken":0},{"event_name":"The Library","player_choice":"Heal","floor":22,"damage_taken":0},{"event_name":"Drug Dealer","player_choice":"Ignored","floor":25,"damage_taken":0}],"boss_relics":[{"not_picked":["Orrery","Tiny House"],"picked":"Calling Bell"}],"potions_floor_spawned":[4,8,11,12,14,20,24],"seed_played":"1756908228114266004","killed_by":"Snake Plant","ascension_level":1,"is_trial":false}