{"path_per_floor":["M","M","$","?","?","R","M","?","T","$","R","M","R","?","R","B",null,"M","?","?","$","M","M","R","?","T","$","R","E","R","?","R"],"character_chosen":"IRONCLAD","items_purchased":["Iron Wave","Ghostly Armor","Ancient Potion"],"gold_per_floor":[112,130,130,130,130,130,155,155,155,31,31,51,51,226,226,345,345,365,280,280,65,80,105,105,105,150,25,25,61,61,61,61],"floor_reached":33,"campfire_rested":3,"playtime":1657,"current_hp_per_floor":[80,78,78,58,58,58,53,46,46,46,70,66,66,66,66,14,80,76,76,76,76,72,78,78,78,78,78,78,25,49,49,73],"items_purged":["Regret","Doubt","Decay"],"gold":61,"play_id":"d0bf0212-0e30-4224-8fe8-5a41d4167f43","is_prod":false,"is_daily":false,"is_ascension_mode":false,"campfire_upgraded":5,"path_taken":["M","M","$","?","?","R","?","?","T","?","R","M","R","?","R","BOSS","M","?","?","$","M","M","R","?","T","?","R","E","R","?","R","BOSS"],"build_version":"2018-02-01-PROD1","purchased_purges":4,"victory":false,"master_deck":["Strike_R","Strike_R+1","Strike_R+1","Strike_R","Defend_R+1","Defend_R+1","Defend_R+1","Defend_R+1","Bash","Body Slam+1","Iron Wave+1","Impervious+1","Ghostly Armor+1","Whirlwind+1"],"max_hp_per_floor":[80,80,80,80,80,80,80,80,80,80,80,80,80,80,80,80,80,80,80,80,80,80,80,80,80,80,80,80,80,80,80,80],"relics":["Burning Blood","Whetstone","Golden Idol","Toxic Egg 2","Dream Catcher","Mercury Hourglass","Cursed Key","Paper Frog","Art of War","War Paint","Shuriken"],"card_choices":[{"not_picked":["Bloodletting","Reaper"],"picked":"Body Slam"},{"not_picked":["Exhume","Dark Embrace"],"picked":"Impervious"},{"not_picked":["Headbutt","Heavy Blade"],"picked":"Whirlwind"}],"player_experience":275790,"potions_floor_usage":[16],"damage_taken":[{"damage":6,"enemies":"Cultist","floor":1,"turns":3},{"damage":8,"enemies":"Jaw Worm","floor":2,"turns":4},{"damage":11,"enemies":"Small Slimes","floor":7,"turns":4},{"damage":10,"enemies":"Looter","floor":12,"turns":3},{"damage":58,"enemies":"Hexaghost","floor":16,"turns":11},{"damage":10,"enemies":"3 Byrds","floor":18,"turns":6},{"damage":10,"enemies":"Spheric Guardian","floor":22,"turns":4},{"damage":0,"enemies":"Slaver and Parasite","floor":23,"turns":6},{"damage":59,"enemies":"Gremlin Leader","floor":29,"turns":10},{"damage":86,"enemies":"Automaton","floor":33,"turns":12}],"event_choices":[{"event_name":"Golden Idol","player_choice":"Take Damage","floor":4,"damage_taken":0},{"event_name":"Big Fish","player_choice":"Box","floor":5,"damage_taken":0},{"event_name":"Scrap Ooze","player_choice":"success","floor":8,"damage_taken":7},{"event_name":"Liars Game","player_choice":"agreed","floor":14,"damage_taken":0},{"event_name":"Addict","player_choice":"Obtained Relic","floor":19,"damage_taken":0},{"event_name":"Back to Basics","player_choice":"Elegance","floor":20,"damage_taken":0},{"event_name":"The Woman in Blue","player_choice":"Bought 0 Potions","floor":25,"damage_taken":0},{"event_name":"Accursed Blacksmith","player_choice":"Rummage","floor":31,"damage_taken":0}],"boss_relics":[{"not_picked":["Philosopher\u0027s Stone","Runic Pyramid"],"picked":"Cursed Key"}],"potions_floor_spawned":[12,18,23,29],"seed_played":"-946505283660342674","killed_by":"Automaton","ascension_level":0,"is_trial":false}