{"path_per_floor":["M","$","?","?","M","E","R","E","T","M","M","M","?","?","R","B",null,"M","M","$","M","M","R","M","R","T","R","?","?","$","M","R","B",null,"M","M","?"],"character_chosen":"IRONCLAD","items_purchased":["Armaments","Warcry","Master of Strategy","Bandage Up"],"gold_per_floor":[16,16,16,16,30,56,56,88,88,102,119,129,304,379,379,480,480,495,511,72,90,108,108,119,119,119,119,34,34,34,50,50,153,153,171,188,188],"floor_reached":38,"campfire_rested":5,"playtime":3684,"current_hp_per_floor":[83,83,83,83,77,51,79,56,56,47,43,48,54,43,73,19,81,50,50,50,47,36,66,34,64,70,70,70,70,70,76,108,30,89,72,32,32],"items_purged":["Doubt"],"gold":188,"play_id":"8810667d-d088-42cd-b8b9-51d169c9d8e7","is_prod":false,"is_daily":false,"is_ascension_mode":true,"campfire_upgraded":1,"path_taken":["M","?","?","?","?","E","R","E","T","M","M","?","?","?","R","BOSS","M","M","$","M","?","R","M","R","T","R","?","?","?","M","R","BOSS","M","M","?","M"],"build_version":"2018-02-01-PROD3","purchased_purges":1,"victory":false,"master_deck":["Strike_R+1","Strike_R+1","Strike_R+1","Strike_R+1","Strike_R+1","Defend_R+1","Defend_R+1","Defend_R+1","Defend_R+1","Bash","Double Tap","Sever Soul","Regret","Combust","Blood for Blood","Infernal Blade","Corruption","Offering+1","Power Through","Armaments","Warcry","Master of Strategy+1","Bandage Up","Infernal Blade","Warcry","Decay","True Grit+1"],"max_hp_per_floor":[96,96,96,96,96,96,96,96,96,96,96,96,102,102,102,102,102,102,102,102,102,102,102,102,102,108,108,108,108,108,108,108,108,108,108,108,108],"relics":["Burning Blood","Charon\u0027s Ashes","Darkstone Periapt","Calipers","Art of War","Cursed Key","Juzu Bracelet","Thread and Needle","Velvet Choker"],"card_choices":[{"not_picked":["Thunderclap","Hemokinesis"],"picked":"Double Tap"},{"not_picked":["Flame Barrier","Battle Trance"],"picked":"Combust"},{"not_picked":["Heavy Blade","Uppercut"],"picked":"Blood for Blood"},{"not_picked":["Ghostly Armor","Rage"],"picked":"Infernal Blade"},{"not_picked":["Body Slam","Dual Wield"],"picked":"Corruption"},{"not_picked":["Feed","Brutality"],"picked":"Offering"},{"not_picked":["Uppercut","Hemokinesis"],"picked":"Power Through"},{"not_picked":["Twin Strike","Shrug It Off"],"picked":"Infernal Blade"},{"not_picked":["Dual Wield","Battle Trance"],"picked":"Warcry"},{"not_picked":["Spot Weakness","Iron Wave"],"picked":"True Grit"}],"player_experience":283258,"potions_floor_usage":[16,16,18,36],"damage_taken":[{"damage":19.0,"enemies":"Blue Slaver","floor":1.0,"turns":4.0},{"damage":12.0,"enemies":"Jaw Worm","floor":5.0,"turns":4.0},{"damage":32,"enemies":"Gremlin Nob","floor":6,"turns":4},{"damage":29,"enemies":"3 Sentries","floor":8,"turns":5},{"damage":15,"enemies":"Small Slimes","floor":10,"turns":3},{"damage":10,"enemies":"2 Fungi Beasts","floor":11,"turns":3},{"damage":1,"enemies":"3 Louse","floor":12,"turns":2},{"damage":60,"enemies":"Slime Boss","floor":16,"turns":8},{"damage":37,"enemies":"Shell Parasite","floor":18,"turns":4},{"damage":6,"enemies":"Chosen","floor":19,"turns":3},{"damage":13,"enemies":"3 Cultists","floor":21,"turns":3},{"damage":21,"enemies":"Centurion and Healer","floor":22,"turns":5},{"damage":42,"enemies":"Sentry and Sphere","floor":24,"turns":4},{"damage":4,"enemies":"Cultist and Chosen","floor":31,"turns":4},{"damage":89,"enemies":"Champ","floor":33,"turns":9},{"damage":27,"enemies":"3 Shapes","floor":35,"turns":4},{"damage":50,"enemies":"3 Darklings","floor":36,"turns":4},{"damage":39,"enemies":"Sphere and 2 Shapes","floor":38,"turns":3}],"event_choices":[{"event_name":"Match and Keep!","player_choice":"1 cards matched","floor":3.0,"damage_taken":0.0},{"event_name":"Match and Keep!","player_choice":"1 cards matched","floor":3.0,"damage_taken":0.0},{"event_name":"Big Fish","player_choice":"Box","floor":4.0,"damage_taken":0.0},{"event_name":"Liars Game","player_choice":"agreed","floor":13,"damage_taken":0},{"event_name":"World of Goop","player_choice":"Gather Gold","floor":14,"damage_taken":0},{"event_name":"Addict","player_choice":"Obtained Relic","floor":28,"damage_taken":0},{"event_name":"Back to Basics","player_choice":"Simplicity","floor":29,"damage_taken":0},{"event_name":"Upgrade Shrine","player_choice":"Upgraded","floor":37,"damage_taken":0}],"boss_relics":[{"not_picked":["Eternal Feather","Snecko Eye"],"picked":"Cursed Key"},{"not_picked":["Pandora\u0027s Box","Mark of Pain"],"picked":"Velvet Choker"}],"potions_floor_spawned":[5,6,8,16,18,19,31,36],"seed_played":"7604744415237738290","killed_by":"Sphere and 2 Shapes","ascension_level":5,"is_trial":false}