{"path_per_floor":["M","?","?","M","M","R","E","R","T","M","E","?","T","M","R","B",null,"M","M","?","?","$","E","R","$","T","M","M","R","M","M","R"],"character_chosen":"IRONCLAD","items_purchased":["Pear","Strength Potion","Fire Potion","Pummel"],"gold_per_floor":[110,185,185,204,224,224,251,251,322,334,364,364,364,382,382,485,485,499,512,412,412,57,83,83,11,59,78,88,88,108,122,122],"floor_reached":33,"campfire_rested":6,"playtime":2212,"current_hp_per_floor":[72,61,54,51,45,66,32,53,53,46,54,47,47,43,64,23,57,36,19,19,19,29,22,42,42,42,28,33,53,50,44,64],"items_purged":[],"gold":122,"play_id":"a6947b19-3df8-40ec-9de4-f963379b4e07","is_prod":false,"is_daily":false,"is_ascension_mode":true,"campfire_upgraded":0,"path_taken":["M","?","?","M","?","R","E","R","T","M","E","?","?","M","R","BOSS","M","?","?","?","$","E","R","$","T","M","M","R","M","M","R","BOSS"],"build_version":"2018-01-25-PROD3","purchased_purges":1,"victory":false,"master_deck":["Strike_R","Strike_R","Strike_R","Strike_R","Defend_R","Defend_R","Bash","Flex","Flex","Flex","Double Tap","J.A.X.","Pummel","Warcry+1"],"max_hp_per_floor":[72,72,72,72,72,72,72,72,72,72,72,72,72,72,72,72,57,57,57,57,57,67,67,67,67,67,67,67,67,67,67,67],"relics":["Burning Blood","Omamori","Meat on the Bone","Gremlin Horn","Orichalcum","Self Forming Clay","Runic Cube","Pear","Bronze Scales","Pen Nib"],"card_choices":[{"not_picked":["Body Slam","Thunderclap"],"picked":"Flex"},{"not_picked":["Spot Weakness","Pummel"],"picked":"Flex"},{"not_picked":["Pommel Strike","Sever Soul"],"picked":"Flex"},{"not_picked":["Reaper","Berserk"],"picked":"Double Tap"},{"not_picked":["Clash","Iron Wave"],"picked":"Warcry"}],"player_experience":239524,"potions_floor_usage":[16,16,19,23,23,23,28,33],"damage_taken":[{"damage":6.0,"enemies":"Cultist","floor":1.0,"turns":3.0},{"damage":9.0,"enemies":"Jaw Worm","floor":4.0,"turns":3.0},{"damage":12.0,"enemies":"Blue Slaver","floor":5.0,"turns":5.0},{"damage":40.0,"enemies":"3 Sentries","floor":7.0,"turns":11.0},{"damage":13.0,"enemies":"Exordium Wildlife","floor":10.0,"turns":4.0},{"damage":10.0,"enemies":"Gremlin Nob","floor":11.0,"turns":3.0},{"damage":10.0,"enemies":"2 Fungi Beasts","floor":14.0,"turns":3.0},{"damage":59,"enemies":"Slime Boss","floor":16,"turns":14},{"damage":27,"enemies":"Spheric Guardian","floor":18,"turns":5},{"damage":35,"enemies":"Shell Parasite","floor":19,"turns":4},{"damage":25,"enemies":"Gremlin Leader","floor":23,"turns":4},{"damage":32,"enemies":"Sentry and Sphere","floor":27,"turns":4},{"damage":13,"enemies":"3 Cultists","floor":28,"turns":4},{"damage":21,"enemies":"Snake Plant","floor":30,"turns":3},{"damage":24,"enemies":"Sentry and Sphere","floor":31,"turns":4},{"damage":78,"enemies":"Champ","floor":33,"turns":7}],"event_choices":[{"event_name":"World of Goop","player_choice":"Gather Gold","floor":2.0,"damage_taken":0.0},{"event_name":"Scrap Ooze","player_choice":"success","floor":3.0,"damage_taken":7.0},{"event_name":"Golden Wing","player_choice":"Card Removal","floor":12.0,"damage_taken":0.0},{"event_name":"Drug Dealer","player_choice":"Got JAXXED","floor":20,"damage_taken":0},{"event_name":"Forgotten Altar","player_choice":"Smashed Altar","floor":21,"damage_taken":0}],"boss_relics":[{"not_picked":["Eternal Feather","Mark of Pain"],"picked":"Runic Cube"}],"potions_floor_spawned":[4,10,11,14,16,18,27,28],"seed_played":"-733787261787853438","killed_by":"Champ","ascension_level":2,"is_trial":false}