{"path_per_floor":["M","$","?","?","M","$","E","R","T","E","R","M","R","M","R","B",null,"M","$","?","?","M"],"character_chosen":"IRONCLAD","items_purchased":["Entrench","Shrug It Off","Prayer Wheel"],"gold_per_floor":[116,35,210,210,220,92,125,125,149,174,174,184,184,195,195,294,294,310,62,62,62,78],"floor_reached":23,"campfire_rested":3,"playtime":1702,"current_hp_per_floor":[87,87,87,70,75,75,35,61,61,18,44,50,77,79,79,14,94,61,61,61,61,43],"items_purged":["Doubt","Bash"],"gold":78,"play_id":"75dc45bb-d07f-477c-9edf-59337e46614e","is_prod":false,"is_daily":false,"is_ascension_mode":true,"campfire_upgraded":1,"path_taken":["M","$","?","?","M","$","E","R","T","E","R","?","R","M","R","BOSS","M","$","?","?","M","E"],"build_version":"2018-01-25-PROD3","purchased_purges":4,"victory":false,"master_deck":["Strike_R+1","Strike_R+1","Strike_R","Strike_R","Defend_R","Defend_R","Defend_R","Defend_R","Entrench+1","Disarm","Shrug It Off","Feed","Juggernaut","Shrug It Off+1"],"max_hp_per_floor":[88,88,88,88,88,88,88,88,88,88,88,91,91,94,94,94,94,97,97,97,97,100],"relics":["Burning Blood","Kunai","Bag of Preparation","Orichalcum","Question Card","Prayer Wheel"],"card_choices":[{"not_picked":["Dropkick","Heavy Blade"],"picked":"Disarm"},{"not_picked":["Havoc","Shrug It Off"],"picked":"Feed"},{"not_picked":["Feed","Double Tap"],"picked":"Juggernaut"},{"not_picked":["Power Through","Bloodletting","Sever Soul"],"picked":"Shrug It Off"}],"player_experience":260499,"potions_floor_usage":[23,23],"damage_taken":[{"damage":7.0,"enemies":"Small Slimes","floor":1.0,"turns":3.0},{"damage":1.0,"enemies":"2 Louse","floor":5.0,"turns":4.0},{"damage":46.0,"enemies":"Gremlin Nob","floor":7.0,"turns":5.0},{"damage":49.0,"enemies":"3 Sentries","floor":10.0,"turns":11.0},{"damage":3.0,"enemies":"Cultist","floor":12.0,"turns":5.0},{"damage":7.0,"enemies":"2 Fungi Beasts","floor":14.0,"turns":5.0},{"damage":71.0,"enemies":"Hexaghost","floor":16.0,"turns":16.0},{"damage":42.0,"enemies":"Spheric Guardian","floor":18.0,"turns":10.0},{"damage":27.0,"enemies":"Shell Parasite","floor":22.0,"turns":12.0},{"damage":52,"enemies":"Slavers","floor":23,"turns":4}],"event_choices":[{"event_name":"Liars Game","player_choice":"agreed","floor":3.0,"damage_taken":0.0},{"event_name":"Shining Light","player_choice":"Entered Light","floor":4.0,"damage_taken":0.0},{"event_name":"Purifier","player_choice":"One Purge","floor":20.0,"damage_taken":0.0},{"event_name":"Cursed Tome","player_choice":"Ignored","floor":21.0,"damage_taken":0.0}],"boss_relics":[],"potions_floor_spawned":[1,14,16],"seed_played":"-5151477519060996492","killed_by":"Slavers","ascension_level":3,"is_trial":false}