{"path_per_floor":["M","?","M","$","?","R","M","R","T","E","R","?","?","M","R","B",null,"M","?","T","?","$","R","E","R","T","M","$","E","R","?","R","B",null,"M","M","?","?","$","E","M","$","T","?","E","M","R","M","R","B"],"character_chosen":"IRONCLAD","items_purchased":["Offering","Flex","Flex","Offering"],"gold_per_floor":[119,119,137,36,36,36,49,49,49,74,74,24,99,112,112,214,214,226,226,250,250,190,190,224,224,224,240,121,150,150,150,150,254,254,269,282,331,331,120,148,160,40,40,40,74,85,85,105,105,105],"floor_reached":51,"campfire_rested":3,"playtime":2106,"current_hp_per_floor":[74,56,53,53,53,77,80,80,80,66,66,66,55,55,55,57,74,76,76,76,56,56,56,50,50,50,52,52,43,43,43,56,54,56,53,55,45,56,56,59,42,42,42,42,44,32,50,52,52,46],"items_purged":["Defend_R","Defend_R","Writhe","Bite"],"gold":105,"play_id":"64a9330a-02e5-4183-afcf-11bdcfc4e126","is_prod":false,"is_daily":false,"is_ascension_mode":true,"campfire_upgraded":6,"path_taken":["M","?","M","$","?","R","M","R","T","E","R","?","?","M","R","BOSS","M","?","?","?","$","R","E","R","T","M","$","E","R","?","R","BOSS","M","M","?","?","$","E","?","$","T","?","E","M","R","M","R","BOSS"],"build_version":"2018-02-01-PROD3","purchased_purges":4,"victory":true,"master_deck":["Defend_R","Defend_R","Bash+1","Offering+1","Whirlwind+1","Flex+1","Offering+1","Bite","Bite","Bite","Seeing Red+1","Flex+1","Offering","Flex+1","Heavy Blade+1","Inflame+1"],"max_hp_per_floor":[80,80,80,80,80,80,80,80,80,80,80,80,80,80,80,80,80,80,80,80,56,56,56,56,56,56,56,56,56,56,56,56,56,56,56,56,56,56,56,63,63,63,63,63,63,63,63,63,63,63],"relics":["Burning Blood","Happy Flower","The Courier","Centennial Puzzle","Whetstone","Letter Opener","Runic Dome","Orichalcum","Bronze Scales","Shuriken","Prayer Wheel","Black Star","Thread and Needle","Strawberry","Lantern","Dead Branch","Peace Pipe","Frozen Eye"],"card_choices":[{"not_picked":["True Grit","Demon Form"],"picked":"Whirlwind"},{"not_picked":["Wild Strike","Shrug It Off"],"picked":"Flex"},{"not_picked":["Bludgeon","Impervious"],"picked":"Offering"},{"not_picked":["Sword Boomerang","Perfected Strike"],"picked":"Seeing Red"},{"not_picked":["Pommel Strike","Clothesline"],"picked":"Flex"},{"not_picked":["Shockwave","Havoc"],"picked":"Heavy Blade"},{"not_picked":["Wild Strike","Cleave"],"picked":"Inflame"}],"player_experience":294186,"potions_floor_usage":[50,50,50],"damage_taken":[{"damage":12.0,"enemies":"Jaw Worm","floor":1.0,"turns":3.0},{"damage":9.0,"enemies":"2 Louse","floor":3.0,"turns":2.0},{"damage":1.0,"enemies":"Small Slimes","floor":7.0,"turns":3.0},{"damage":20.0,"enemies":"3 Sentries","floor":10.0,"turns":7.0},{"damage":6.0,"enemies":"Looter","floor":14.0,"turns":2.0},{"damage":4.0,"enemies":"Slime Boss","floor":16.0,"turns":1.0},{"damage":4.0,"enemies":"Shell Parasite","floor":18.0,"turns":1.0},{"damage":12.0,"enemies":"Book of Stabbing","floor":24.0,"turns":2.0},{"damage":4.0,"enemies":"2 Thieves","floor":27.0,"turns":1.0},{"damage":25.0,"enemies":"Gremlin Leader","floor":29.0,"turns":3.0},{"damage":8,"enemies":"Automaton","floor":33,"turns":2},{"damage":11,"enemies":"3 Shapes","floor":35,"turns":2},{"damage":4,"enemies":"Orb Walker","floor":36,"turns":1},{"damage":16,"enemies":"Mysterious Sphere","floor":37,"turns":1},{"damage":12,"enemies":"Giant Head","floor":40,"turns":1},{"damage":27,"enemies":"4 Shapes","floor":41,"turns":1},{"damage":4,"enemies":"2 Orb Walkers","floor":45,"turns":1},{"damage":18,"enemies":"Sphere and 2 Shapes","floor":46,"turns":1},{"damage":4,"enemies":"3 Darklings","floor":48,"turns":1},{"damage":12,"enemies":"Donu and Deca","floor":50,"turns":1}],"event_choices":[{"event_name":"Scrap Ooze","player_choice":"success","floor":2.0,"damage_taken":18.0},{"event_name":"Big Fish","player_choice":"Box","floor":5.0,"damage_taken":0.0},{"event_name":"The Cleric","player_choice":"Card Removal","floor":12.0,"damage_taken":0.0},{"event_name":"World of Goop","player_choice":"Gather Gold","floor":13.0,"damage_taken":0.0},{"event_name":"The Woman in Blue","player_choice":"Bought 0 Potions","floor":19.0,"damage_taken":0.0},{"event_name":"Vampires","player_choice":"Became a vampire","floor":21.0,"damage_taken":0.0},{"event_name":"The Mausoleum","player_choice":"No","floor":31,"damage_taken":0},{"event_name":"Mysterious Sphere","player_choice":"Fight","floor":37,"damage_taken":0},{"event_name":"Winding Halls","player_choice":"Writhe","floor":38,"damage_taken":0}],"boss_relics":[{"not_picked":["Black Blood","Snecko Eye"],"picked":"Black Star"}],"potions_floor_spawned":[1,3,10,24,33,36,37,41,45,48],"seed_played":"5053495772888110440","ascension_level":5,"is_trial":false}