{"path_per_floor":["M","?","$","M","M","E","?","?","T","R","E","?","M","M","R","B",null,"M","M"],"character_chosen":"IRONCLAD","items_purchased":[],"gold_per_floor":[112,112,37,53,72,103,164,114,114,114,146,146,164,177,177,281,281,298,312],"floor_reached":20,"campfire_rested":0,"playtime":971,"current_hp_per_floor":[80,62,62,68,74,64,61,61,61,61,45,45,51,57,57,37,80,44,16],"items_purged":["Defend_R"],"gold":312,"play_id":"d78f9331-40c0-4657-9f59-e1d9edd66ad7","is_prod":false,"is_daily":false,"is_ascension_mode":true,"campfire_upgraded":2,"path_taken":["M","?","$","?","M","E","?","?","T","R","E","?","?","M","R","BOSS","M","M","M"],"build_version":"2018-01-25-PROD3","purchased_purges":1,"victory":false,"master_deck":["Strike_R","Strike_R","Strike_R","Strike_R","Strike_R","Defend_R","Bash","Inflame","Inflame","Seeing Red+1","Heavy Blade+1","Rupture","Brutality","Exhume","Whirlwind"],"max_hp_per_floor":[80,80,80,80,80,80,80,80,80,80,80,80,80,80,80,80,80,80,80],"relics":["Burning Blood","NeowsBlessing","Vajra","Lantern","Red Skull","Bag of Preparation","Art of War","Black Star"],"card_choices":[{"not_picked":["Dropkick","Disarm"],"picked":"Inflame"},{"not_picked":["Cleave","Intimidate"],"picked":"Inflame"},{"not_picked":["Flame Barrier","Combust"],"picked":"Seeing Red"},{"not_picked":["Shrug It Off","Perfected Strike"],"picked":"Heavy Blade"},{"not_picked":["Havoc","Clash"],"picked":"Rupture"},{"not_picked":["Body Slam","Shrug It Off"],"picked":"Brutality"},{"not_picked":["Dark Embrace","Berserk"],"picked":"Exhume"},{"not_picked":["Rupture","Havoc"],"picked":"Whirlwind"}],"player_experience":254262,"potions_floor_usage":[7,7,11,19,20],"damage_taken":[{"damage":0,"enemies":"Jaw Worm","floor":1,"turns":1},{"damage":0,"enemies":"Cultist","floor":4,"turns":1},{"damage":0,"enemies":"Blue Slaver","floor":5,"turns":1},{"damage":16,"enemies":"Gremlin Nob","floor":6,"turns":3},{"damage":9,"enemies":"3 Sentries","floor":7,"turns":4},{"damage":22,"enemies":"3 Sentries","floor":11,"turns":3},{"damage":0,"enemies":"Looter","floor":13,"turns":1},{"damage":0,"enemies":"Large Slime","floor":14,"turns":2},{"damage":26,"enemies":"The Guardian","floor":16,"turns":4},{"damage":42,"enemies":"3 Byrds","floor":18,"turns":4},{"damage":34,"enemies":"Shell Parasite","floor":19,"turns":4},{"damage":19,"enemies":"Snake Plant","floor":20,"turns":1}],"event_choices":[{"event_name":"Scrap Ooze","player_choice":"success","floor":2,"damage_taken":18},{"event_name":"Dead Adventurer","player_choice":"Searched \u00272\u0027 times","floor":7,"damage_taken":0},{"event_name":"The Cleric","player_choice":"Card Removal","floor":8,"damage_taken":0},{"event_name":"Living Wall","player_choice":"Forget","floor":12,"damage_taken":0}],"boss_relics":[{"not_picked":["Cursed Key","Velvet Choker"],"picked":"Black Star"}],"potions_floor_spawned":[1,5,6,7,13,14,19],"seed_played":"-7094310422772912548","killed_by":"Snake Plant","ascension_level":3,"is_trial":false}