{"path_per_floor":["M","?","M","?","M","R","E","?","T","R","?","M","R","M","R","B",null,"M","?","M","$","?","R","M","M","T","R","E","$","E","M","R","B",null,"M","?","?","M","M","R","$","M","T","R","M","M","M","$","R","B"],"character_chosen":"IRONCLAD","items_purchased":["Shuriken","Flash of Steel","Battle Trance","Singing Bowl","Exhume","Self Forming Clay","Master of Strategy"],"gold_per_floor":[118,118,129,129,145,145,180,180,180,180,180,195,195,219,219,344,344,360,360,381,18,18,18,37,51,51,51,82,46,90,109,109,238,238,261,329,662,676,692,692,389,407,430,430,449,466,485,54,54,54],"floor_reached":51,"campfire_rested":5,"playtime":3426,"current_hp_per_floor":[80,80,80,60,66,66,33,26,26,50,50,42,66,62,62,11,80,71,56,56,56,40,40,15,28,28,44,42,42,39,30,46,44,56,51,41,41,41,42,42,42,45,45,45,42,49,47,47,64,24],"items_purged":["Bite_R"],"gold":54,"play_id":"a60c3a44-163d-417d-9e1b-1df89e4564d0","is_prod":false,"is_daily":false,"is_ascension_mode":true,"campfire_upgraded":3,"path_taken":["M","?","?","?","M","R","E","?","T","R","?","M","R","M","R","BOSS","M","?","?","?","?","R","M","M","T","R","E","$","E","M","R","BOSS","M","?","?","M","?","R","$","M","T","R","M","M","M","$","R","BOSS"],"build_version":"2018-01-25-PROD3","purchased_purges":3,"victory":true,"master_deck":["Bash","Brutality+1","Flex+1","Flex","Double Tap","Offering+1","Seeing Red+1","Power Through+1","Heavy Blade+1","Pummel+1","Bite_R","Bite_R","Bite_R","Bite_R","Whirlwind","Flash of Steel","Flex+1","Battle Trance","Pummel+1","Exhume","Exhume","Master of Strategy"],"max_hp_per_floor":[80,80,80,80,80,80,80,80,80,80,80,80,80,80,80,80,80,80,56,56,56,56,56,56,56,56,56,56,56,56,56,56,56,56,56,56,56,56,56,56,56,58,58,58,60,62,64,64,64,64],"relics":["Burning Blood","NeowsBlessing","Ancient Tea Set","Torii","Dream Catcher","Astrolabe","Shuriken","Nilry\u0027s Codex","Bottled Flame","Gremlin Horn","Meat on the Bone","Lizard Tail","Girya","Singing Bowl","Oddly Smooth Stone","Self Forming Clay"],"card_choices":[{"not_picked":["Clash","Cleave"],"picked":"Brutality"},{"not_picked":["Iron Wave","Pommel Strike"],"picked":"Flex"},{"not_picked":["Anger","Bloodletting"],"picked":"Flex"},{"not_picked":["Anger","Battle Trance"],"picked":"Double Tap"},{"not_picked":["Feed","Berserk"],"picked":"Offering"},{"not_picked":["Sever Soul","Pommel Strike"],"picked":"Pummel"},{"not_picked":["Body Slam","Pommel Strike"],"picked":"Whirlwind"},{"not_picked":["Warcry","True Grit"],"picked":"Flex"},{"not_picked":["Clothesline","Rampage"],"picked":"Pummel"},{"not_picked":["Demon Form","Double Tap"],"picked":"Exhume"}],"player_experience":267505,"potions_floor_usage":[50,50,50],"damage_taken":[{"damage":0.0,"enemies":"Small Slimes","floor":1.0,"turns":1.0},{"damage":0.0,"enemies":"Cultist","floor":3.0,"turns":1.0},{"damage":0.0,"enemies":"Blue Slaver","floor":5.0,"turns":1.0},{"damage":39.0,"enemies":"Gremlin Nob","floor":7.0,"turns":4.0},{"damage":14.0,"enemies":"Looter","floor":12.0,"turns":3.0},{"damage":10.0,"enemies":"3 Louse","floor":14.0,"turns":3.0},{"damage":57.0,"enemies":"The Guardian","floor":16.0,"turns":7.0},{"damage":15.0,"enemies":"3 Byrds","floor":18.0,"turns":5.0},{"damage":5.0,"enemies":"Spheric Guardian","floor":20.0,"turns":2.0},{"damage":37.0,"enemies":"Centurion and Healer","floor":24.0,"turns":3.0},{"damage":5.0,"enemies":"Snake Plant","floor":25.0,"turns":2.0},{"damage":18.0,"enemies":"Slavers","floor":28.0,"turns":2.0},{"damage":19.0,"enemies":"Book of Stabbing","floor":30.0,"turns":2.0},{"damage":31.0,"enemies":"Slaver and Parasite","floor":31.0,"turns":2.0},{"damage":22.0,"enemies":"Automaton","floor":33.0,"turns":3.0},{"damage":21.0,"enemies":"3 Darklings","floor":35.0,"turns":3.0},{"damage":38.0,"enemies":"Mysterious Sphere","floor":36.0,"turns":3.0},{"damage":12.0,"enemies":"Orb Walker","floor":38.0,"turns":2.0},{"damage":17.0,"enemies":"Sphere and 2 Shapes","floor":39.0,"turns":2.0},{"damage":17.0,"enemies":"3 Darklings","floor":42.0,"turns":3.0},{"damage":37.0,"enemies":"Maw","floor":45.0,"turns":4.0},{"damage":23.0,"enemies":"4 Shapes","floor":46.0,"turns":2.0},{"damage":26,"enemies":"3 Darklings","floor":47,"turns":2},{"damage":78,"enemies":"Awakened One","floor":50,"turns":8}],"event_choices":[{"event_name":"Living Wall","player_choice":"Forget","floor":2.0,"damage_taken":0.0},{"event_name":"Golden Idol","player_choice":"Take Damage","floor":4.0,"damage_taken":0.0},{"event_name":"Golden Wing","player_choice":"Card Removal","floor":8.0,"damage_taken":0.0},{"event_name":"Dead Adventurer","player_choice":"Searched \u00271\u0027 times","floor":11.0,"damage_taken":0.0},{"event_name":"Vampires","player_choice":"Became a vampire","floor":19.0,"damage_taken":0.0},{"event_name":"Cursed Tome","player_choice":"Obtained Book","floor":22.0,"damage_taken":0.0},{"event_name":"Mysterious Sphere","player_choice":"Fight","floor":36.0,"damage_taken":0.0},{"event_name":"The Moai Head","player_choice":"Gave Idol","floor":37.0,"damage_taken":0.0}],"boss_relics":[],"potions_floor_spawned":[7,12,16,24,31,33,35,47],"seed_played":"-6748379976689152820","ascension_level":4,"is_trial":false}