{"path_per_floor":["M","?","?","$","$","E","M","R","T","?","M","E","R","M","R","B",null,"M","?","?","M","M","R","?","M","T","M","R","M","M"],"character_chosen":"IRONCLAD","items_purchased":["Metallicize"],"gold_per_floor":[112,112,112,41,41,69,81,81,163,163,177,221,221,245,245,371,371,396,321,321,340,353,353,353,366,390,403,403,423,448],"floor_reached":31,"campfire_rested":3,"playtime":1780,"current_hp_per_floor":[80,73,57,57,57,49,55,55,55,55,51,44,44,48,72,21,65,43,43,43,31,16,40,40,54,54,15,39,38,24],"items_purged":[],"gold":448,"play_id":"b22317f5-e7c0-4e67-8009-c08d63e05d38","is_prod":false,"is_daily":false,"is_ascension_mode":true,"campfire_upgraded":0,"path_taken":["M","?","?","?","$","E","M","R","T","?","M","E","R","M","R","BOSS","M","?","?","M","?","R","?","M","T","?","R","M","M","M"],"build_version":"2018-02-01-PROD1","purchased_purges":0,"victory":false,"master_deck":["Strike_R+1","Strike_R","Strike_R+1","Strike_R","Defend_R","Bash","Metallicize","Flex+1","Iron Wave","Reaper","Disarm+1","Feel No Pain+1","Demon Form+1","Heavy Blade","Whirlwind"],"max_hp_per_floor":[80,80,80,80,80,80,80,80,80,80,80,80,80,80,80,80,80,80,80,80,80,80,80,80,80,80,80,80,80,80],"relics":["Burning Blood","Girya","Ornamental Fan","Golden Idol","Letter Opener","Nloth\u0027s Gift","Dream Catcher"],"card_choices":[{"not_picked":["Armaments","Thunderclap"],"picked":"Flex"},{"not_picked":["Feel No Pain","Fire Breathing"],"picked":"Iron Wave"},{"not_picked":["Bludgeon","Barricade"],"picked":"Reaper"},{"not_picked":["Perfected Strike","Brutality"],"picked":"Heavy Blade"},{"not_picked":["Flame Barrier","Headbutt"],"picked":"Whirlwind"}],"player_experience":271709,"potions_floor_usage":[12,12,25,30],"damage_taken":[{"damage":1,"enemies":"Cultist","floor":1,"turns":4},{"damage":14,"enemies":"Gremlin Nob","floor":6,"turns":4},{"damage":0,"enemies":"2 Louse","floor":7,"turns":3},{"damage":10,"enemies":"Blue Slaver","floor":11,"turns":3},{"damage":13,"enemies":"3 Sentries","floor":12,"turns":5},{"damage":2,"enemies":"Exordium Wildlife","floor":14,"turns":3},{"damage":57,"enemies":"The Guardian","floor":16,"turns":10},{"damage":28,"enemies":"Shell Parasite","floor":18,"turns":5},{"damage":43,"enemies":"2 Thieves","floor":21,"turns":4},{"damage":21,"enemies":"Snake Plant","floor":22,"turns":4},{"damage":7,"enemies":"Snecko","floor":25,"turns":3},{"damage":60,"enemies":"Cultist and Chosen","floor":27,"turns":7},{"damage":27,"enemies":"Chosen and Byrds","floor":29,"turns":5},{"damage":32,"enemies":"Centurion and Healer","floor":30,"turns":5},{"damage":24,"enemies":"Sentry and Sphere","floor":31,"turns":3}],"event_choices":[{"event_name":"Golden Wing","player_choice":"Card Removal","floor":2,"damage_taken":0},{"event_name":"Shining Light","player_choice":"Entered Light","floor":3,"damage_taken":0},{"event_name":"Golden Idol","player_choice":"Take Wound","floor":10,"damage_taken":0},{"event_name":"Beggar","player_choice":"Gave Gold","floor":19,"damage_taken":0},{"event_name":"Upgrade Shrine","player_choice":"Upgraded","floor":20,"damage_taken":0},{"event_name":"N\u0027loth","player_choice":"Traded a Astrolabe","floor":24,"damage_taken":0}],"boss_relics":[{"not_picked":["Question Card","Runic Pyramid"],"picked":"Astrolabe"}],"potions_floor_spawned":[6,11,14,16,21,25,27,29],"seed_played":"4507273571295105630","killed_by":"Sentry and Sphere","ascension_level":5,"is_trial":false}