{"path_per_floor":["M","?","?","$","?","E","M","R","T","$","E","M","R","M","R","B",null,"M","?","?","M","?","R","$","M","T","R","M","M","M","M","R"],"character_chosen":"IRONCLAD","items_purchased":["Flex","Master of Strategy"],"gold_per_floor":[117,117,117,69,69,100,119,119,119,44,69,82,82,98,98,196,196,209,209,209,227,227,227,42,56,79,79,95,110,128,138,138],"floor_reached":33,"campfire_rested":2,"playtime":1661,"current_hp_per_floor":[78,78,78,78,71,77,80,80,80,80,67,66,66,74,74,31,68,43,43,43,35,35,74,74,80,80,80,55,62,58,51,88],"items_purged":["Defend_R"],"gold":138,"play_id":"62c1da68-fdc6-4e49-8dfa-06a0c65cf85f","is_prod":false,"is_daily":false,"is_ascension_mode":true,"campfire_upgraded":3,"path_taken":["M","?","?","$","?","E","M","R","T","$","E","?","R","M","R","BOSS","M","?","?","M","?","R","$","M","T","R","M","M","?","M","R","BOSS"],"build_version":"2018-02-01-PROD3","purchased_purges":1,"victory":false,"master_deck":["Strike_R","Strike_R","Strike_R","Strike_R","Strike_R","Defend_R","Defend_R","Bash","Flex+1","Heavy Blade+1","Berserk","Whirlwind+1","Warcry+1","Flex","Flex+1","Master of Strategy+1"],"max_hp_per_floor":[80,80,80,80,80,80,80,80,80,80,80,80,80,80,80,80,80,80,80,80,80,80,80,80,80,80,80,82,84,86,88,88],"relics":["Burning Blood","NeowsBlessing","Orichalcum","Regal Pillow","Magic Flower","Peace Pipe","Ancient Tea Set","Orrery","Calipers","Singing Bowl"],"card_choices":[{"not_picked":["Rampage","Bludgeon"],"picked":"Heavy Blade"},{"not_picked":["Demon Form","Barricade"],"picked":"Berserk"},{"not_picked":["Shrug It Off","Wild Strike"],"picked":"Whirlwind"},{"not_picked":["Anger","Clothesline"],"picked":"Warcry"},{"not_picked":["Wild Strike","Bloodletting"],"picked":"Flex"}],"player_experience":307422,"potions_floor_usage":[33,33],"damage_taken":[{"damage":0.0,"enemies":"Cultist","floor":1.0,"turns":1.0},{"damage":0.0,"enemies":"3 Sentries","floor":6.0,"turns":1.0},{"damage":0.0,"enemies":"Small Slimes","floor":7.0,"turns":2.0},{"damage":22.0,"enemies":"Lagavulin","floor":11.0,"turns":5.0},{"damage":10.0,"enemies":"Blue Slaver","floor":12.0,"turns":3.0},{"damage":1.0,"enemies":"Looter","floor":14.0,"turns":2.0},{"damage":52.0,"enemies":"Slime Boss","floor":16.0,"turns":12.0},{"damage":34.0,"enemies":"2 Thieves","floor":18.0,"turns":4.0},{"damage":17.0,"enemies":"Spheric Guardian","floor":21.0,"turns":4.0},{"damage":0.0,"enemies":"3 Cultists","floor":25.0,"turns":2.0},{"damage":36.0,"enemies":"Slaver and Parasite","floor":28.0,"turns":4.0},{"damage":4.0,"enemies":"Sentry and Sphere","floor":29.0,"turns":3.0},{"damage":15.0,"enemies":"Cultist and Chosen","floor":30.0,"turns":4.0},{"damage":18.0,"enemies":"Snake Plant","floor":31.0,"turns":2.0},{"damage":122,"enemies":"Automaton","floor":33,"turns":8}],"event_choices":[{"event_name":"Big Fish","player_choice":"Box","floor":2.0,"damage_taken":0.0},{"event_name":"Fountain of Cleansing","player_choice":"Removed Curse","floor":3.0,"damage_taken":0.0},{"event_name":"Scrap Ooze","player_choice":"success","floor":5.0,"damage_taken":7.0},{"event_name":"Accursed Blacksmith","player_choice":"Forge","floor":19.0,"damage_taken":0.0},{"event_name":"The Mausoleum","player_choice":"Yes","floor":20.0,"damage_taken":0.0},{"event_name":"Duplicator","player_choice":"One dupe","floor":22.0,"damage_taken":0.0}],"boss_relics":[],"potions_floor_spawned":[7,11,16,21,28,31],"seed_played":"-247639247740182160","killed_by":"Automaton","ascension_level":6,"is_trial":false}