{"path_per_floor":["M","?","M","?","?","R","E","$","T","R","M","E","$","M","R","B",null,"M","?","$","M","$","R","M","M","T","M","$","?","M","?","R","B",null,"M","?","?","M","M","R","M"],"character_chosen":"IRONCLAD","items_purchased":["Pummel","Spot Weakness","Juzu Bracelet"],"gold_per_floor":[115,65,85,85,85,85,112,112,112,112,128,156,156,170,170,274,274,290,290,39,50,50,50,61,79,79,98,23,23,34,34,34,136,136,150,150,110,130,144,144,154],"floor_reached":42,"campfire_rested":5,"playtime":2597,"current_hp_per_floor":[40,40,39,39,39,65,44,44,44,70,76,50,50,54,80,34,87,76,76,76,68,68,68,56,41,41,29,29,29,11,11,37,22,69,49,39,39,36,12,32,25],"items_purged":["True Grit"],"gold":154,"play_id":"ce1eba26-8992-4d28-8308-d3d7d1166780","is_prod":false,"is_daily":false,"is_ascension_mode":true,"campfire_upgraded":1,"path_taken":["M","?","M","?","?","R","E","$","T","R","?","E","$","M","R","BOSS","M","?","$","M","?","R","M","M","T","M","$","?","M","?","R","BOSS","M","?","?","M","M","R","M","M"],"build_version":"2018-01-25-PROD3","purchased_purges":2,"victory":false,"master_deck":["Bash+1","Limit Break+1","Bloodletting","Anger+1","Heavy Blade","Twin Strike","Pummel","Spot Weakness","Flex","Limit Break","Madness","Madness"],"max_hp_per_floor":[80,80,80,80,87,87,87,87,87,87,87,87,87,87,87,87,87,87,87,87,87,87,87,87,87,87,87,87,87,87,87,87,87,69,69,69,69,69,69,69,69],"relics":["Burning Blood","Strawberry","Vajra","Frozen Eye","Bag of Marbles","Pandora\u0027s Box","Juzu Bracelet","Molten Egg","Runic Cube"],"card_choices":[{"not_picked":["Feed","Bludgeon"],"picked":"Limit Break"},{"not_picked":["Combust","Disarm"],"picked":"Flex"},{"not_picked":["Fiend Fire","Reaper"],"picked":"Limit Break"}],"player_experience":245588,"potions_floor_usage":[39,42],"damage_taken":[{"damage":6.0,"enemies":"Cultist","floor":1.0,"turns":3.0},{"damage":7.0,"enemies":"Jaw Worm","floor":3.0,"turns":3.0},{"damage":27.0,"enemies":"Gremlin Nob","floor":7.0,"turns":4.0},{"damage":0.0,"enemies":"Small Slimes","floor":11.0,"turns":3.0},{"damage":32.0,"enemies":"Lagavulin","floor":12.0,"turns":7.0},{"damage":2.0,"enemies":"3 Louse","floor":14.0,"turns":3.0},{"damage":52.0,"enemies":"The Guardian","floor":16.0,"turns":13.0},{"damage":17.0,"enemies":"3 Byrds","floor":18.0,"turns":5.0},{"damage":14.0,"enemies":"2 Thieves","floor":21.0,"turns":2.0},{"damage":18.0,"enemies":"Snecko","floor":24.0,"turns":3.0},{"damage":21.0,"enemies":"Slaver and Parasite","floor":25.0,"turns":3.0},{"damage":18.0,"enemies":"Chosen and Byrds","floor":27.0,"turns":4.0},{"damage":24.0,"enemies":"Snake Plant","floor":30.0,"turns":2.0},{"damage":21.0,"enemies":"Champ","floor":33.0,"turns":5.0},{"damage":26.0,"enemies":"3 Darklings","floor":35.0,"turns":3.0},{"damage":9.0,"enemies":"3 Shapes","floor":38.0,"turns":3.0},{"damage":30,"enemies":"Maw","floor":39,"turns":3},{"damage":13,"enemies":"3 Darklings","floor":41,"turns":3},{"damage":35,"enemies":"4 Shapes","floor":42,"turns":2}],"event_choices":[{"event_name":"The Cleric","player_choice":"Card Removal","floor":2.0,"damage_taken":0.0},{"event_name":"Upgrade Shrine","player_choice":"Upgraded","floor":4.0,"damage_taken":0.0},{"event_name":"Scrap Ooze","player_choice":"success","floor":5.0,"damage_taken":7.0},{"event_name":"Back to Basics","player_choice":"Elegance","floor":19.0,"damage_taken":0.0},{"event_name":"Drug Dealer","player_choice":"Ignored","floor":29.0,"damage_taken":0.0},{"event_name":"Vampires","player_choice":"Ignored","floor":31.0,"damage_taken":0.0},{"event_name":"Winding Halls","player_choice":"Embrace Madness","floor":36.0,"damage_taken":0.0},{"event_name":"The Woman in Blue","player_choice":"Bought 3 Potions","floor":37.0,"damage_taken":0.0}],"boss_relics":[],"potions_floor_spawned":[7,11,14,24,30,33,35,41],"seed_played":"4764322658581317574","killed_by":"4 Shapes","ascension_level":2,"is_trial":false}