{"path_per_floor":["M","?","?","?","$","R","M","R","T","E","M","M","M","E","R","B",null,"M","$","M","?","M","R","M","?","T","M","$","R","M","M","R","B",null,"M","?","?","?","$","E","R","?","T","M","$","M","R","?","R"],"character_chosen":"IRONCLAD","items_purchased":["Inflame","Flex","Juzu Bracelet","Matryoshka","Battle Trance","Strength Potion","Master of Strategy","Flash of Steel"],"gold_per_floor":[115,115,115,115,40,40,58,58,58,84,96,107,119,154,154,256,256,274,17,28,28,47,47,65,335,358,376,16,16,34,45,45,140,140,159,159,159,159,59,90,390,390,417,436,39,57,57,57,57],"floor_reached":50,"campfire_rested":5,"playtime":4151,"current_hp_per_floor":[71,71,71,57,57,72,72,72,72,63,65,67,69,62,62,15,72,71,71,72,72,59,59,57,25,25,20,20,41,45,34,55,7,72,68,68,58,58,58,55,55,55,55,24,24,28,49,49,70],"items_purged":["Regret","Normality","Pain"],"gold":57,"play_id":"751cfcae-2700-4885-a17a-cbbd509c8412","is_prod":false,"is_daily":false,"is_ascension_mode":true,"campfire_upgraded":1,"path_taken":["M","?","?","?","?","R","M","R","T","E","M","M","?","E","R","BOSS","M","$","M","?","M","R","M","?","T","M","$","R","M","M","R","BOSS","M","?","?","?","$","E","R","?","T","M","$","M","R","?","R","BOSS"],"build_version":"2018-01-25-PROD3","purchased_purges":4,"victory":false,"master_deck":["Strike_R","Strike_R","Strike_R","Defend_R+1","Defend_R+1","Bash","Iron Wave+1","Offering","Flex","Berserk","Inflame","Flex","Rampage","Flex+1","Writhe","Thunderclap+1","Battle Trance","Pommel Strike+1","Offering+1","Doubt","Madness","Madness","Pummel+1","Master of Strategy","Flash of Steel","Flex","Flex","Exhume"],"max_hp_per_floor":[72,72,72,72,72,72,72,72,72,72,72,72,72,72,72,72,72,72,72,72,72,72,72,72,72,72,72,72,72,72,72,72,72,72,72,72,72,72,72,72,72,72,72,72,72,72,72,72,72],"relics":["Burning Blood","Dream Catcher","Shovel","Centennial Puzzle","Bird Faced Urn","Blue Candle","Cursed Key","Juzu Bracelet","Art of War","Lantern","Matryoshka","Calling Bell","Pantograph","Pen Nib","Omamori","Shuriken","Old Coin","Kunai","Oddly Smooth Stone"],"card_choices":[{"not_picked":["Intimidate","Clash"],"picked":"Iron Wave"},{"not_picked":["Sword Boomerang","Heavy Blade"],"picked":"Offering"},{"not_picked":["Sentinel","Body Slam"],"picked":"Flex"},{"not_picked":["Bludgeon","Double Tap"],"picked":"Berserk"},{"not_picked":["Headbutt","Clothesline"],"picked":"Dropkick"},{"not_picked":["Clash","Disarm"],"picked":"Rampage"},{"not_picked":["Sword Boomerang","Hemokinesis"],"picked":"Flex"},{"not_picked":["Flex","Body Slam"],"picked":"Thunderclap"},{"not_picked":["Bloodletting","Cleave"],"picked":"Pommel Strike"},{"not_picked":["Fiend Fire","Dark Embrace"],"picked":"Offering"},{"not_picked":["Flex","Hemokinesis"],"picked":"Pummel"},{"not_picked":["Twin Strike","Cleave"],"picked":"Flex"},{"not_picked":["Cleave","Thunderclap"],"picked":"Flex"},{"not_picked":["Rage","Pommel Strike"],"picked":"Exhume"}],"player_experience":198698,"potions_floor_usage":[],"damage_taken":[{"damage":7.0,"enemies":"Small Slimes","floor":1.0,"turns":4.0},{"damage":6.0,"enemies":"Jaw Worm","floor":7.0,"turns":4.0},{"damage":15.0,"enemies":"Gremlin Nob","floor":10.0,"turns":4.0},{"damage":4.0,"enemies":"Blue Slaver","floor":11.0,"turns":3.0},{"damage":4.0,"enemies":"3 Louse","floor":12.0,"turns":3.0},{"damage":4.0,"enemies":"2 Fungi Beasts","floor":13.0,"turns":3.0},{"damage":13.0,"enemies":"3 Sentries","floor":14.0,"turns":10.0},{"damage":53.0,"enemies":"The Guardian","floor":16.0,"turns":14.0},{"damage":7.0,"enemies":"Chosen","floor":18.0,"turns":3.0},{"damage":6.0,"enemies":"2 Thieves","floor":20.0,"turns":3.0},{"damage":23.0,"enemies":"Slaver and Parasite","floor":22.0,"turns":6.0},{"damage":10.0,"enemies":"Centurion and Healer","floor":24.0,"turns":3.0},{"damage":15.0,"enemies":"Sentry and Sphere","floor":27.0,"turns":3.0},{"damage":6.0,"enemies":"3 Cultists","floor":30.0,"turns":4.0},{"damage":19.0,"enemies":"Centurion and Healer","floor":31.0,"turns":3.0},{"damage":58.0,"enemies":"Collector","floor":33.0,"turns":5.0},{"damage":12.0,"enemies":"3 Darklings","floor":35.0,"turns":1.0},{"damage":11.0,"enemies":"Giant Head","floor":40.0,"turns":3.0},{"damage":41.0,"enemies":"3 Shapes","floor":44.0,"turns":3.0},{"damage":6.0,"enemies":"3 Darklings","floor":46.0,"turns":3.0},{"damage":79,"enemies":"Time Eater","floor":50,"turns":4}],"event_choices":[{"event_name":"Living Wall","player_choice":"Forget","floor":2.0,"damage_taken":0.0},{"event_name":"Big Fish","player_choice":"Box","floor":3.0,"damage_taken":0.0},{"event_name":"Shining Light","player_choice":"Entered Light","floor":4.0,"damage_taken":0.0},{"event_name":"Bonfire Elementals","player_choice":"BASIC","floor":21.0,"damage_taken":0.0},{"event_name":"Knowing Skull","player_choice":"GOLD GOLD GOLD ","floor":25.0,"damage_taken":0.0},{"event_name":"Mysterious Sphere","player_choice":"Ignore","floor":36.0,"damage_taken":0.0},{"event_name":"Winding Halls","player_choice":"Embrace Madness","floor":37.0,"damage_taken":0.0},{"event_name":"Tomb of Lord Red Mask","player_choice":"Ignored","floor":42.0,"damage_taken":0.0},{"event_name":"Upgrade Shrine","player_choice":"Upgraded","floor":48.0,"damage_taken":0.0}],"boss_relics":[],"potions_floor_spawned":[7,13,14,22,24,33,44,46],"seed_played":"-3507171183593113699","killed_by":"Time Eater","ascension_level":1,"is_trial":false}