{"path_per_floor":["M","M","$","?","?","R","E","M","T","M","?","R","$","M","R","B",null,"M","M","?","M","?","R","$","R","T","?","E","M","$","M","R"],"character_chosen":"IRONCLAD","items_purchased":["Fire Potion","Searing Blow","Molten Egg","Meat on the Bone"],"gold_per_floor":[111,126,2,2,177,177,210,228,296,316,316,316,87,99,99,195,195,166,180,180,191,191,191,91,91,170,170,233,250,4,23,23],"floor_reached":33,"campfire_rested":3,"playtime":2214,"current_hp_per_floor":[73,72,72,56,56,80,69,72,72,75,72,72,72,69,69,43,90,71,72,72,36,36,69,69,73,73,73,30,21,21,22,56],"items_purged":["Decay","Doubt"],"gold":23,"play_id":"c95a6dc6-2589-4b61-96c1-8cf79125e70a","is_prod":false,"is_daily":false,"is_ascension_mode":true,"campfire_upgraded":3,"path_taken":["M","?","$","?","?","R","E","M","T","?","?","R","?","M","R","BOSS","M","M","?","M","?","R","$","R","T","?","E","M","?","M","R","BOSS"],"build_version":"2018-01-25-PROD3","purchased_purges":2,"victory":false,"master_deck":["Strike_R","Strike_R","Strike_R","Strike_R","Strike_R","Defend_R","Defend_R","Defend_R+1","Defend_R+1","Bash","Flex+1","Whirlwind","Heavy Blade","Searing Blow+3","Decay","Flex"],"max_hp_per_floor":[80,80,80,80,80,80,90,90,90,90,90,90,90,90,90,90,90,90,90,90,92,92,92,92,92,92,92,94,94,94,96,96],"relics":["Burning Blood","Ginger","Pear","Bottled Lightning","Unceasing Top","Molten Egg","Eternal Feather","Singing Bowl","Centennial Puzzle","Tiny Chest","Meat on the Bone"],"card_choices":[{"not_picked":["Headbutt","Demon Form"],"picked":"Flex"},{"not_picked":["Headbutt","Flame Barrier"],"picked":"Whirlwind"},{"not_picked":["Flex","Intimidate"],"picked":"Heavy Blade"},{"not_picked":["Disarm","Hemokinesis"],"picked":"Flex"}],"player_experience":205424,"potions_floor_usage":[21,21,31,31],"damage_taken":[{"damage":13.0,"enemies":"Blue Slaver","floor":1.0,"turns":4.0},{"damage":7.0,"enemies":"2 Louse","floor":2.0,"turns":3.0},{"damage":27.0,"enemies":"3 Sentries","floor":7.0,"turns":9.0},{"damage":3.0,"enemies":"Jaw Worm","floor":8.0,"turns":2.0},{"damage":3.0,"enemies":"Exordium Wildlife","floor":10.0,"turns":4.0},{"damage":9.0,"enemies":"2 Fungi Beasts","floor":14.0,"turns":4.0},{"damage":32.0,"enemies":"The Guardian","floor":16.0,"turns":10.0},{"damage":25.0,"enemies":"2 Thieves","floor":18.0,"turns":5.0},{"damage":5.0,"enemies":"3 Byrds","floor":19.0,"turns":6.0},{"damage":44,"enemies":"Centurion and Healer","floor":21,"turns":8},{"damage":51,"enemies":"Slavers","floor":28,"turns":5},{"damage":15,"enemies":"Snake Plant","floor":29,"turns":3},{"damage":19,"enemies":"Snecko","floor":31,"turns":5},{"damage":92,"enemies":"Automaton","floor":33,"turns":6}],"event_choices":[{"event_name":"Shining Light","player_choice":"Entered Light","floor":4.0,"damage_taken":0.0},{"event_name":"Liars Game","player_choice":"agreed","floor":5.0,"damage_taken":0.0},{"event_name":"Scrap Ooze","player_choice":"success","floor":11.0,"damage_taken":3.0},{"event_name":"The Mausoleum","player_choice":"Yes","floor":20.0,"damage_taken":0.0},{"event_name":"Vampires","player_choice":"Ignored","floor":22,"damage_taken":0},{"event_name":"Forgotten Altar","player_choice":"Smashed Altar","floor":27,"damage_taken":0}],"boss_relics":[],"potions_floor_spawned":[2,8,16,19,29],"seed_played":"-578725223219741066","killed_by":"Automaton","ascension_level":1,"is_trial":false}