{"path_per_floor":["M","$","?","?","M","E","M","R","T","T","?","M","R","M","R","B",null,"M","?","M","M","$"],"character_chosen":"IRONCLAD","items_purchased":["Inflame","Pear"],"gold_per_floor":[116,35,35,35,50,84,101,101,101,101,101,119,119,139,139,244,244,261,261,279,292,44],"floor_reached":23,"campfire_rested":2,"playtime":1298,"current_hp_per_floor":[80,80,80,55,54,11,16,40,40,40,40,28,67,61,61,37,98,65,65,32,10,20],"items_purged":[],"gold":44,"play_id":"0e832174-526a-4c33-89b8-2679dde40ba5","is_prod":false,"is_daily":false,"is_ascension_mode":true,"campfire_upgraded":1,"path_taken":["M","$","?","?","M","E","M","R","T","?","?","M","R","M","R","BOSS","M","?","?","M","$","E"],"build_version":"2018-01-25-PROD3","purchased_purges":0,"victory":false,"master_deck":["Strike_R","Strike_R","Strike_R","Strike_R","Strike_R","Defend_R","Defend_R","Defend_R","Defend_R","Bash","Inflame","Limit Break+1","Seeing Red","Berserk","Clumsy","Regret","Flex","Armaments+1"],"max_hp_per_floor":[80,80,80,80,80,80,80,80,80,80,80,80,80,80,80,80,98,98,98,98,98,108],"relics":["Burning Blood","Anchor","Pantograph","Unceasing Top","Magic Flower","Regal Pillow","Darkstone Periapt","Calling Bell","Dream Catcher","Thread and Needle","Vajra","Pear"],"card_choices":[{"not_picked":["Body Slam","Sword Boomerang"],"picked":"Limit Break"},{"not_picked":["Perfected Strike","Battle Trance"],"picked":"Seeing Red"},{"not_picked":["Immolate","Feed"],"picked":"Berserk"},{"not_picked":["Rupture","Perfected Strike"],"picked":"Flex"},{"not_picked":["Warcry","Pummel"],"picked":"Armaments"}],"player_experience":255233,"potions_floor_usage":[21,21,21],"damage_taken":[{"damage":2.0,"enemies":"Small Slimes","floor":1.0,"turns":3.0},{"damage":7.0,"enemies":"Jaw Worm","floor":5.0,"turns":5.0},{"damage":49.0,"enemies":"Lagavulin","floor":6.0,"turns":9.0},{"damage":1.0,"enemies":"Cultist","floor":7.0,"turns":3.0},{"damage":21.0,"enemies":"Large Slime","floor":12.0,"turns":7.0},{"damage":15.0,"enemies":"2 Fungi Beasts","floor":14.0,"turns":4.0},{"damage":52.0,"enemies":"The Guardian","floor":16.0,"turns":8.0},{"damage":42.0,"enemies":"Chosen","floor":18.0,"turns":6.0},{"damage":42.0,"enemies":"Spheric Guardian","floor":20.0,"turns":6.0},{"damage":31,"enemies":"3 Cultists","floor":21,"turns":6},{"damage":28,"enemies":"Book of Stabbing","floor":23,"turns":3}],"event_choices":[{"event_name":"The Cleric","player_choice":"Leave","floor":3.0,"damage_taken":0.0},{"event_name":"Scrap Ooze","player_choice":"success","floor":4.0,"damage_taken":25.0},{"event_name":"Wheel of Change","player_choice":"Relic","floor":11.0,"damage_taken":0.0},{"event_name":"Back to Basics","player_choice":"Elegance","floor":19.0,"damage_taken":0.0}],"boss_relics":[],"potions_floor_spawned":[6,12,14,20],"seed_played":"6640832187362013094","killed_by":"Book of Stabbing","ascension_level":3,"is_trial":false}