{"path_per_floor":["M","?","$","?","M","R","T","E","T","R","M","R","?","E","R","B",null,"M","?","$","M","$","E","R","?","T","?","$","M","?","M","R","B",null,"M","$","?","M","?","?","?","R","T","R"],"character_chosen":"IRONCLAD","items_purchased":["Metallicize","Shrug It Off","Orichalcum","Metallicize","Bronze Scales","Self Forming Clay","War Paint"],"gold_per_floor":[111,111,23,23,39,39,115,148,148,148,168,168,168,193,193,297,297,316,316,138,154,15,41,41,241,291,291,46,57,57,73,73,174,174,193,79,79,90,0,0,0,0,30,30],"floor_reached":45,"campfire_rested":4,"playtime":2556,"current_hp_per_floor":[69,57,57,50,40,64,64,36,36,36,44,68,68,69,69,50,73,64,64,64,69,69,42,66,66,66,66,66,63,63,58,80,67,77,80,80,80,72,72,72,62,62,62,62],"items_purged":["Strike_R","Strike_R"],"gold":30,"play_id":"bf5f6355-7538-41f9-a663-767c40bed033","is_prod":false,"is_daily":false,"is_ascension_mode":true,"campfire_upgraded":4,"path_taken":["M","?","$","?","M","R","?","E","T","R","M","R","?","E","R","BOSS","M","?","$","M","$","E","R","?","T","?","?","M","?","M","R","BOSS","M","$","?","M","?","?","?","R","T","R","E"],"build_version":"2018-02-01-PROD3","purchased_purges":4,"victory":false,"master_deck":["Strike_R","Defend_R","Defend_R","Defend_R+1","Defend_R","Bash","Demon Form","Metallicize","Shrug It Off+1","Body Slam+1","Iron Wave+1","Barricade+1","Metallicize+1","Metallicize+1","Flame Barrier","Madness+1","Madness+1","Clumsy"],"max_hp_per_floor":[80,80,80,80,80,80,80,80,80,80,80,80,80,80,80,80,80,80,80,80,80,80,80,80,80,80,80,80,80,80,80,80,80,80,80,80,80,80,80,80,80,80,80,80],"relics":["Burning Blood","Vajra","Frozen Egg 2","Juzu Bracelet","Blood Vial","Bottled Tornado","Sozu","The Courier","Orichalcum","Shuriken","Lantern","Bronze Scales","Self Forming Clay","Cursed Key","War Paint","Red Mask","Tiny Chest"],"card_choices":[{"not_picked":["Barricade","Feed"],"picked":"Demon Form"},{"not_picked":["True Grit","Uppercut"],"picked":"Body Slam"},{"not_picked":["Sword Boomerang","Reckless Charge"],"picked":"Iron Wave"},{"not_picked":["Double Tap","Impervious"],"picked":"Barricade"},{"not_picked":["Heavy Blade","Clothesline"],"picked":"Metallicize"},{"not_picked":["Corruption","Body Slam"],"picked":"Iron Wave"}],"player_experience":301277,"potions_floor_usage":[],"damage_taken":[{"damage":9.0,"enemies":"2 Louse","floor":1.0,"turns":3.0},{"damage":16.0,"enemies":"Jaw Worm","floor":5.0,"turns":4.0},{"damage":34.0,"enemies":"3 Sentries","floor":8.0,"turns":9.0},{"damage":0.0,"enemies":"Small Slimes","floor":11.0,"turns":4.0},{"damage":7.0,"enemies":"Lagavulin","floor":14.0,"turns":7.0},{"damage":27.0,"enemies":"Hexaghost","floor":16.0,"turns":9.0},{"damage":17.0,"enemies":"Shell Parasite","floor":18.0,"turns":6.0},{"damage":3.0,"enemies":"Chosen","floor":21.0,"turns":6.0},{"damage":35.0,"enemies":"Book of Stabbing","floor":23.0,"turns":7.0},{"damage":11.0,"enemies":"Centurion and Healer","floor":29.0,"turns":6.0},{"damage":13.0,"enemies":"Snake Plant","floor":31.0,"turns":4.0},{"damage":19.0,"enemies":"Collector","floor":33.0,"turns":9.0},{"damage":1.0,"enemies":"Orb Walker","floor":35.0,"turns":4.0},{"damage":14.0,"enemies":"3 Darklings","floor":38.0,"turns":7.0},{"damage":81,"enemies":"2 Orb Walkers","floor":45,"turns":5}],"event_choices":[{"event_name":"Scrap Ooze","player_choice":"success","floor":2.0,"damage_taken":12.0},{"event_name":"Golden Wing","player_choice":"Card Removal","floor":4.0,"damage_taken":0.0},{"event_name":"Purifier","player_choice":"One Purge","floor":13.0,"damage_taken":0.0},{"event_name":"The Mausoleum","player_choice":"Yes","floor":19.0,"damage_taken":0.0},{"event_name":"Wheel of Change","player_choice":"Gold","floor":25.0,"damage_taken":0.0},{"event_name":"The Library","player_choice":"Read","floor":27.0,"damage_taken":0.0},{"event_name":"Addict","player_choice":"Ignored","floor":30.0,"damage_taken":0.0},{"event_name":"Tomb of Lord Red Mask","player_choice":"Paid","floor":39.0,"damage_taken":0.0},{"event_name":"Bonfire Elementals","player_choice":"BASIC","floor":40.0,"damage_taken":0.0},{"event_name":"Winding Halls","player_choice":"Embrace Madness","floor":41.0,"damage_taken":0.0}],"boss_relics":[],"potions_floor_spawned":[8,14,16,23,29],"seed_played":"-3954983467116500188","killed_by":"2 Orb Walkers","ascension_level":6,"is_trial":false}