{"path_per_floor":["M","?","M","$","?","E","T","E","T","E","M","M","R","$","R","B",null,"M","?","M","M","$","R","$","R","T","?","E","R","$","M","R","B",null,"M","?","?","M","?","R","E","R","T","$","M","M","M","M","R","B"],"character_chosen":"IRONCLAD","items_purchased":["Metallicize","Tiny Chest","Apotheosis","Bottled Lightning"],"gold_per_floor":[112,112,132,132,207,232,232,263,263,295,308,327,327,125,125,229,229,246,161,174,193,193,193,14,14,14,14,40,40,40,54,54,153,153,164,164,164,175,224,224,253,253,330,8,19,32,45,65,65,65],"floor_reached":51,"campfire_rested":2,"playtime":3898,"current_hp_per_floor":[80,73,79,79,68,74,74,54,54,47,52,55,80,80,80,67,80,83,83,83,77,77,77,77,77,77,58,58,58,58,58,58,58,58,58,58,48,62,62,62,38,75,75,75,76,80,80,84,84,64],"items_purged":["Decay"],"gold":65,"play_id":"1ad85394-ca5d-412d-8594-21f62c288558","is_prod":false,"is_daily":false,"is_ascension_mode":false,"campfire_upgraded":1,"path_taken":["M","?","M","$","?","E","?","E","T","E","?","M","R","?","R","BOSS","M","?","M","M","$","R","$","R","T","?","E","R","$","M","R","BOSS","M","?","?","M","?","R","E","R","T","$","M","M","?","?","R","BOSS"],"build_version":"2018-01-25-PROD3","purchased_purges":4,"victory":true,"master_deck":["Defend_R","Defend_R","Defend_R","Defend_R+1","Bash","Iron Wave","Flame Barrier+1","Metallicize","Iron Wave","Metallicize","Feed","Body Slam+1","Apotheosis+1","Body Slam+1","Bite_R","Bite_R+1","Bite_R","Bite_R","Bite_R","Flame Barrier+1","Barricade+1","Madness","Madness+1","Juggernaut"],"max_hp_per_floor":[80,80,80,80,80,80,80,80,80,80,80,80,80,80,80,80,80,83,83,83,83,83,83,83,83,83,58,58,58,58,58,58,58,58,58,58,58,62,76,76,76,76,76,76,76,80,80,84,84,84],"relics":["Burning Blood","NeowsBlessing","Shovel","Thread and Needle","Calipers","Regal Pillow","Blue Candle","Bronze Scales","Tiny Chest","Peace Pipe","Question Card","Prayer Wheel","Dodecahedron","Charon\u0027s Ashes","Whetstone","Matryoshka","Toxic Egg","Cursed Key","Mango","Ice Cream","Magic Flower","Ancient Tea Set","Ornamental Fan","Bottled Lightning","War Paint"],"card_choices":[{"not_picked":["Heavy Blade","Headbutt"],"picked":"Iron Wave"},{"not_picked":["Feed","Corruption"],"picked":"Flame Barrier"},{"not_picked":["Rage","Anger"],"picked":"Metallicize"},{"not_picked":["Heavy Blade","Whirlwind"],"picked":"Iron Wave"},{"not_picked":["Dark Embrace","Limit Break"],"picked":"Feed"},{"not_picked":["Anger","Blood for Blood","Thunderclap"],"picked":"Body Slam"},{"not_picked":["Hemokinesis","Shockwave","Headbutt"],"picked":"Body Slam"},{"not_picked":["Sentinel","Shrug It Off","Limit Break"],"picked":"Flame Barrier"},{"not_picked":["Juggernaut","Immolate","Brutality"],"picked":"Barricade"},{"not_picked":["Armaments","Anger","Rage"],"picked":"Juggernaut"}],"player_experience":210701,"potions_floor_usage":[41,41,50,50],"damage_taken":[{"damage":0.0,"enemies":"Small Slimes","floor":1.0,"turns":1.0},{"damage":0.0,"enemies":"2 Louse","floor":3.0,"turns":1.0},{"damage":0.0,"enemies":"Lagavulin","floor":6.0,"turns":1.0},{"damage":26.0,"enemies":"Gremlin Nob","floor":8.0,"turns":5.0},{"damage":13.0,"enemies":"Lagavulin","floor":10.0,"turns":10.0},{"damage":1.0,"enemies":"Jaw Worm","floor":11.0,"turns":4.0},{"damage":3.0,"enemies":"Lots of Slimes","floor":12.0,"turns":4.0},{"damage":19.0,"enemies":"Slime Boss","floor":16.0,"turns":15.0},{"damage":2.0,"enemies":"Shell Parasite","floor":18.0,"turns":7.0},{"damage":2.0,"enemies":"Chosen","floor":20.0,"turns":9.0},{"damage":12.0,"enemies":"Snake Plant","floor":21.0,"turns":6.0},{"damage":0.0,"enemies":"Book of Stabbing","floor":28.0,"turns":5.0},{"damage":12.0,"enemies":"Slaver and Parasite","floor":31.0,"turns":8.0},{"damage":10.0,"enemies":"Champ","floor":33.0,"turns":11.0},{"damage":16.0,"enemies":"3 Darklings","floor":35.0,"turns":5.0},{"damage":0.0,"enemies":"3 Shapes","floor":38.0,"turns":5.0},{"damage":29.0,"enemies":"Mysterious Sphere","floor":39.0,"turns":7.0},{"damage":53,"enemies":"2 Orb Walkers","floor":41,"turns":7},{"damage":18,"enemies":"Sphere and 2 Shapes","floor":45,"turns":6},{"damage":0,"enemies":"4 Shapes","floor":46,"turns":5},{"damage":4,"enemies":"3 Darklings","floor":47,"turns":5},{"damage":0,"enemies":"Sphere and 2 Shapes","floor":48,"turns":6},{"damage":64,"enemies":"Donu and Deca","floor":50,"turns":9}],"event_choices":[{"event_name":"Scrap Ooze","player_choice":"success","floor":2.0,"damage_taken":7.0},{"event_name":"World of Goop","player_choice":"Gather Gold","floor":5.0,"damage_taken":0.0},{"event_name":"Addict","player_choice":"Obtained Relic","floor":19.0,"damage_taken":0.0},{"event_name":"Vampires","player_choice":"Became a vampire","floor":27.0,"damage_taken":0.0},{"event_name":"Upgrade Shrine","player_choice":"Upgraded","floor":36.0,"damage_taken":0.0},{"event_name":"Winding Halls","player_choice":"Embrace Madness","floor":37.0,"damage_taken":0.0},{"event_name":"Mysterious Sphere","player_choice":"Fight","floor":39.0,"damage_taken":0.0}],"boss_relics":[],"potions_floor_spawned":[10,12,20,28,35,39,45,47,48],"seed_played":"-388924792845470680","ascension_level":0,"is_trial":false}