{"path_per_floor":["M","?","?","?","?","E","M","R","T","M","M","$","M","E","R","B",null,"M","?","?","M","$","R","E","R","T","?","R","$","R","E","R","B",null,"M","?","$","?","M","R","$","M","T","M","M","R","?","$","R","B"],"character_chosen":"IRONCLAD","items_purchased":["Mummified Hand","Oddly Smooth Stone","Bronze Scales"],"gold_per_floor":[17,17,92,267,267,295,310,310,337,356,374,114,131,159,159,256,256,276,191,191,176,176,176,203,203,203,203,203,203,203,235,235,340,340,350,350,155,155,174,174,30,45,68,79,95,95,0,0,0,0],"floor_reached":51,"campfire_rested":3,"playtime":3357,"current_hp_per_floor":[96,89,78,78,78,45,51,79,79,73,69,69,75,51,79,22,96,93,93,93,88,88,88,85,85,85,85,85,85,85,78,78,73,96,96,96,96,86,92,96,96,96,103,103,103,103,103,103,103,53],"items_purged":["Strike_R"],"gold":0,"play_id":"c6459063-0660-4a6c-8bb5-90b33543ebc8","is_prod":false,"is_daily":false,"is_ascension_mode":true,"campfire_upgraded":7,"path_taken":["M","?","?","?","?","E","M","R","T","?","M","$","M","E","R","BOSS","M","?","?","M","$","R","E","R","T","?","R","$","R","E","R","BOSS","M","?","$","?","?","R","$","?","T","M","M","R","?","?","R","BOSS"],"build_version":"2018-01-25-PROD3","purchased_purges":4,"victory":true,"master_deck":["Strike_R+1","Strike_R+1","Strike_R+1","Strike_R+1","Defend_R+1","Defend_R+1","Defend_R+1","Defend_R+1","Bash+1","Flame Barrier+1","Metallicize+1","Ghostly Armor+1","Iron Wave+1","Juggernaut+1","Madness+1","Madness+1","Iron Wave+1"],"max_hp_per_floor":[96,96,96,96,96,96,96,96,96,96,96,96,96,96,96,96,96,96,96,96,96,96,96,96,96,96,96,96,96,96,96,96,96,96,96,96,96,96,96,96,96,96,103,103,103,103,103,103,103,103],"relics":["Burning Blood","Orichalcum","Smiling Mask","Ancient Tea Set","Mummified Hand","Whetstone","Velvet Choker","Bag of Preparation","Regal Pillow","Torii","Letter Opener","Thread and Needle","Eternal Feather","Oddly Smooth Stone","Bronze Scales","Strawberry","Red Mask"],"card_choices":[{"not_picked":["Body Slam","Havoc"],"picked":"Flame Barrier"},{"not_picked":["Hemokinesis","Twin Strike"],"picked":"Metallicize"},{"not_picked":["Twin Strike","Warcry"],"picked":"Ghostly Armor"},{"not_picked":["Clash","Rupture"],"picked":"Iron Wave"},{"not_picked":["Offering","Double Tap"],"picked":"Juggernaut"},{"not_picked":["Warcry","Entrench"],"picked":"Iron Wave"}],"player_experience":264148,"potions_floor_usage":[16,24,50,50,50],"damage_taken":[{"damage":4,"enemies":"2 Louse","floor":1,"turns":4},{"damage":39,"enemies":"Lagavulin","floor":6,"turns":8},{"damage":0,"enemies":"Cultist","floor":7,"turns":3},{"damage":12,"enemies":"Jaw Worm","floor":10,"turns":4},{"damage":10,"enemies":"Large Slime","floor":11,"turns":11},{"damage":0,"enemies":"2 Fungi Beasts","floor":13,"turns":4},{"damage":30,"enemies":"3 Sentries","floor":14,"turns":12},{"damage":63,"enemies":"Slime Boss","floor":16,"turns":27},{"damage":9,"enemies":"Spheric Guardian","floor":18,"turns":5},{"damage":11,"enemies":"2 Thieves","floor":21,"turns":4},{"damage":9,"enemies":"Book of Stabbing","floor":24,"turns":5},{"damage":13,"enemies":"Slavers","floor":31,"turns":5},{"damage":11,"enemies":"Automaton","floor":33,"turns":11},{"damage":0,"enemies":"3 Shapes","floor":35,"turns":5},{"damage":0,"enemies":"Orb Walker","floor":39,"turns":3},{"damage":0,"enemies":"3 Darklings","floor":42,"turns":4},{"damage":0,"enemies":"4 Shapes","floor":44,"turns":5},{"damage":0,"enemies":"Maw","floor":45,"turns":7},{"damage":56,"enemies":"Time Eater","floor":50,"turns":13}],"event_choices":[{"event_name":"Scrap Ooze","player_choice":"success","floor":2,"damage_taken":7},{"event_name":"World of Goop","player_choice":"Gather Gold","floor":3,"damage_taken":0},{"event_name":"Liars Game","player_choice":"agreed","floor":4,"damage_taken":0},{"event_name":"Fountain of Cleansing","player_choice":"Removed Curse","floor":5,"damage_taken":0},{"event_name":"Addict","player_choice":"Obtained Relic","floor":19,"damage_taken":0},{"event_name":"The Mausoleum","player_choice":"Yes","floor":20,"damage_taken":0},{"event_name":"Back to Basics","player_choice":"Simplicity","floor":27,"damage_taken":0},{"event_name":"Mysterious Sphere","player_choice":"Ignore","floor":36,"damage_taken":0},{"event_name":"Winding Halls","player_choice":"Embrace Madness","floor":38,"damage_taken":0},{"event_name":"Tomb of Lord Red Mask","player_choice":"Paid","floor":47,"damage_taken":0}],"boss_relics":[{"not_picked":["Calling Bell","Mark of Pain"],"picked":"Velvet Choker"},{"not_picked":["Runic Pyramid","Philosopher\u0027s Stone"],"picked":"Eternal Feather"}],"potions_floor_spawned":[6,10,16,18,33,42],"seed_played":"5190583978148996950","ascension_level":3,"is_trial":false}