{"path_per_floor":["M","?","?","M","$","R","E","R","T","R","M","$","R","M","R","B",null,"M","M","?","M","?","R","M","$","T","M","R","?","R","M","R","B",null,"M","?","M","?","?","R","$","R","T","$","M","M","M","M","R","B"],"character_chosen":"IRONCLAD","items_purchased":["Omamori","Shrug It Off","Flame Barrier","Body Slam"],"gold_per_floor":[13,263,263,277,31,31,65,65,89,89,102,102,102,119,119,220,250,270,260,260,279,204,204,215,87,110,128,128,128,128,138,138,237,237,253,253,266,266,266,266,166,166,192,67,79,93,109,124,124,124],"floor_reached":51,"campfire_rested":2,"playtime":4375,"current_hp_per_floor":[96,96,96,89,89,89,91,91,91,91,97,97,97,103,103,84,108,102,91,91,84,84,84,75,75,75,62,108,108,108,108,108,67,108,101,101,107,97,97,97,97,97,97,97,95,83,89,77,108,95],"items_purged":["Regret","Strike_R","Bash"],"gold":124,"play_id":"4f4224a2-be3f-46cf-8d2b-1c203c70a292","is_prod":false,"is_daily":false,"is_ascension_mode":true,"campfire_upgraded":10,"path_taken":["M","?","?","M","?","R","E","R","T","R","M","$","R","M","R","BOSS","M","M","?","?","?","R","M","$","T","M","R","?","R","M","R","BOSS","M","?","M","?","?","R","$","R","T","$","M","?","?","M","R","BOSS"],"build_version":"2018-01-25-PROD3","purchased_purges":7,"victory":true,"master_deck":["Strike_R","Strike_R","Defend_R+1","Defend_R","Defend_R+1","Defend_R","Ghostly Armor","Armaments+1","Shrug It Off","Body Slam+1","Body Slam+1","Whirlwind+1","Juggernaut+1","Flame Barrier+1","Body Slam+1","Iron Wave+1","Metallicize+1","Barricade+1","Madness","Madness+1"],"max_hp_per_floor":[96,96,96,96,96,96,103,103,103,103,103,103,103,103,103,103,108,108,108,108,108,108,108,108,108,108,108,108,108,108,108,108,108,108,108,108,108,108,108,108,108,108,108,108,108,108,108,108,108,108],"relics":["Burning Blood","Omamori","Strawberry","Regal Pillow","Tiny House","Bronze Scales","Gambling Chip","Velvet Choker","Orichalcum"],"card_choices":[{"not_picked":["Feel No Pain","Dropkick"],"picked":"Armaments"},{"not_picked":["Corruption","Clothesline"],"picked":"Body Slam"},{"not_picked":["Warcry","Wild Strike"],"picked":"Body Slam"},{"not_picked":["Flex","Cleave"],"picked":"Whirlwind"},{"not_picked":["Limit Break","Heavy Blade"],"picked":"Iron Wave"},{"not_picked":["Flex","Armaments"],"picked":"Metallicize"},{"not_picked":["Bludgeon","Brutality"],"picked":"Barricade"}],"player_experience":232974,"potions_floor_usage":[7,21,33,37,45,50,50],"damage_taken":[{"damage":3,"enemies":"Small Slimes","floor":1,"turns":4},{"damage":13,"enemies":"Blue Slaver","floor":4,"turns":6},{"damage":11,"enemies":"3 Sentries","floor":7,"turns":9},{"damage":0,"enemies":"Cultist","floor":11,"turns":3},{"damage":0,"enemies":"Red Slaver","floor":14,"turns":3},{"damage":25,"enemies":"The Guardian","floor":16,"turns":11},{"damage":12,"enemies":"Chosen","floor":18,"turns":6},{"damage":17,"enemies":"2 Thieves","floor":19,"turns":4},{"damage":13,"enemies":"Centurion and Healer","floor":21,"turns":8},{"damage":15,"enemies":"Snake Plant","floor":24,"turns":4},{"damage":19,"enemies":"3 Cultists","floor":27,"turns":4},{"damage":0,"enemies":"Snecko","floor":31,"turns":4},{"damage":47,"enemies":"Collector","floor":33,"turns":12},{"damage":13,"enemies":"3 Darklings","floor":35,"turns":3},{"damage":0,"enemies":"Orb Walker","floor":37,"turns":3},{"damage":8,"enemies":"Sphere and 2 Shapes","floor":45,"turns":5},{"damage":18,"enemies":"4 Shapes","floor":46,"turns":6},{"damage":0,"enemies":"Maw","floor":47,"turns":6},{"damage":18,"enemies":"3 Darklings","floor":48,"turns":4},{"damage":34,"enemies":"Time Eater","floor":50,"turns":10}],"event_choices":[{"event_name":"Golden Shrine","player_choice":"Desecrate","floor":2,"damage_taken":0},{"event_name":"Transmorgrifier","player_choice":"Transform","floor":3,"damage_taken":0},{"event_name":"The Library","player_choice":"Read","floor":20,"damage_taken":0},{"event_name":"Beggar","player_choice":"Gave Gold","floor":22,"damage_taken":0},{"event_name":"The Mausoleum","player_choice":"Yes","floor":29,"damage_taken":0},{"event_name":"Mysterious Sphere","player_choice":"Ignore","floor":36,"damage_taken":0},{"event_name":"Winding Halls","player_choice":"Embrace Madness","floor":38,"damage_taken":0},{"event_name":"Tomb of Lord Red Mask","player_choice":"Ignored","floor":39,"damage_taken":0}],"boss_relics":[{"not_picked":["Runic Cube","Runic Dome"],"picked":"Tiny House"},{"not_picked":["Black Star","Cursed Key"],"picked":"Velvet Choker"}],"potions_floor_spawned":[1,4,16,19,21,24,33,35,48],"seed_played":"8536779458385715832","ascension_level":1,"is_trial":false}