{"path_per_floor":["M","M","$","?","M","E","R","E","T","R","M","?","R","$","R","B",null,"M","M","?","$","M","R","M","R","T","R","M","?","$","?","R"],"character_chosen":"IRONCLAD","items_purchased":["Body Slam"],"gold_per_floor":[110,130,10,10,21,56,56,91,91,91,102,102,102,2,2,99,99,110,122,37,37,50,50,62,62,62,62,81,81,81,81,81],"floor_reached":33,"campfire_rested":4,"playtime":1865,"current_hp_per_floor":[74,73,73,73,79,24,50,33,33,59,50,50,76,76,76,31,74,80,75,75,75,74,74,71,71,71,71,69,54,54,54,81],"items_purged":["Strike_R","Strike_R"],"gold":81,"play_id":"22b093eb-ab83-43bc-a387-295f7e1ec52d","is_prod":false,"is_daily":false,"is_ascension_mode":true,"campfire_upgraded":4,"path_taken":["M","?","$","?","M","E","R","E","T","R","M","?","R","$","R","BOSS","M","M","?","$","M","R","?","R","T","R","M","?","$","?","R","BOSS"],"build_version":"2018-02-01-PROD3","purchased_purges":3,"victory":false,"master_deck":["Strike_R","Strike_R","Strike_R","Defend_R","Defend_R","Defend_R","Defend_R","Bash","Iron Wave","Flex+1","Body Slam+1","Metallicize","Impervious","Whirlwind+1","Flex+1","Bloodletting"],"max_hp_per_floor":[88,88,88,88,88,88,88,88,88,88,88,88,88,88,88,88,88,88,88,88,88,88,88,88,88,88,88,88,93,93,93,93],"relics":["Burning Blood","Champion Belt","Self Forming Clay","Shuriken","Charon\u0027s Ashes","Spirit Poop","Velvet Choker","Happy Flower","Thread and Needle"],"card_choices":[{"not_picked":["Wild Strike","Sentinel"],"picked":"Iron Wave"},{"not_picked":["Pummel","True Grit"],"picked":"Flex"},{"not_picked":["Wild Strike","Burning Pact"],"picked":"Metallicize"},{"not_picked":["Offering","Exhume"],"picked":"Impervious"},{"not_picked":["Headbutt","Heavy Blade"],"picked":"Whirlwind"},{"not_picked":["Body Slam","Dropkick"],"picked":"Flex"}],"player_experience":303833,"potions_floor_usage":[8,16,16],"damage_taken":[{"damage":12,"enemies":"Blue Slaver","floor":1,"turns":5},{"damage":7,"enemies":"Jaw Worm","floor":2,"turns":3},{"damage":0,"enemies":"Small Slimes","floor":5,"turns":3},{"damage":61,"enemies":"Lagavulin","floor":6,"turns":8},{"damage":23,"enemies":"Gremlin Nob","floor":8,"turns":4},{"damage":15,"enemies":"Exordium Thugs","floor":11,"turns":5},{"damage":51,"enemies":"Slime Boss","floor":16,"turns":13},{"damage":0,"enemies":"Chosen","floor":18,"turns":5},{"damage":11,"enemies":"2 Thieves","floor":19,"turns":4},{"damage":7,"enemies":"3 Cultists","floor":22,"turns":4},{"damage":9,"enemies":"Snake Plant","floor":24,"turns":4},{"damage":8,"enemies":"Snecko","floor":28,"turns":4},{"damage":102,"enemies":"Champ","floor":33,"turns":10}],"event_choices":[{"event_name":"Big Fish","player_choice":"Box","floor":4,"damage_taken":0},{"event_name":"Bonfire Elementals","player_choice":"CURSE","floor":12,"damage_taken":0},{"event_name":"Addict","player_choice":"Obtained Relic","floor":20,"damage_taken":0},{"event_name":"Forgotten Altar","player_choice":"Shed Blood","floor":29,"damage_taken":0},{"event_name":"The Library","player_choice":"Read","floor":31,"damage_taken":0}],"boss_relics":[{"not_picked":["Calling Bell","Black Star"],"picked":"Velvet Choker"}],"potions_floor_spawned":[6,8,11,24],"seed_played":"767941107745884388","killed_by":"Champ","ascension_level":6,"is_trial":false}