{"path_per_floor":["M","M","$","T","?","E","R","?","T","R","?","M","?","M","R","B",null,"M","$","M","?","$","R","M","R","T","M","R","M","R","M","R"],"character_chosen":"IRONCLAD","items_purchased":["Apotheosis","Anchor"],"gold_per_floor":[12,31,31,31,206,235,235,235,235,235,235,253,203,228,228,351,351,341,2,16,16,16,16,32,32,32,50,50,70,70,88,88],"floor_reached":33,"campfire_rested":4,"playtime":2175,"current_hp_per_floor":[85,89,89,89,89,55,83,71,71,71,71,70,70,52,80,41,96,80,80,78,78,78,78,68,68,68,63,91,58,86,88,88],"items_purged":[],"gold":88,"play_id":"484a41d7-cfd3-49e9-8618-21b70b19b1d8","is_prod":false,"is_daily":false,"is_ascension_mode":true,"campfire_upgraded":1,"path_taken":["M","?","$","?","?","E","R","?","T","R","?","M","?","M","R","BOSS","M","$","M","?","?","R","M","R","T","M","R","M","R","M","R","BOSS"],"build_version":"2018-01-25-PROD3","purchased_purges":0,"victory":false,"master_deck":["Strike_R","Strike_R","Strike_R","Strike_R","Strike_R","Defend_R","Defend_R","Defend_R","Defend_R","Bash","Spot Weakness","Ghostly Armor","Injury","Iron Wave","Impervious","Iron Wave","Shrug It Off+1","Flame Barrier","Burning Pact","Apotheosis+1","Warcry+1"],"max_hp_per_floor":[96,96,96,96,96,96,96,96,96,96,96,96,96,96,96,96,96,96,96,96,96,96,96,96,96,96,96,96,96,96,96,96],"relics":["Burning Blood","Shovel","Juzu Bracelet","Sundial","Ice Cream","Charon\u0027s Ashes","Golden Idol","Orrery","Anchor","Ornamental Fan","Darkstone Periapt","War Paint"],"card_choices":[{"not_picked":["Fire Breathing","Warcry"],"picked":"Spot Weakness"},{"not_picked":["Thunderclap","Cleave"],"picked":"Ghostly Armor"},{"not_picked":["Havoc","Thunderclap"],"picked":"Iron Wave"},{"not_picked":["Fiend Fire","Offering"],"picked":"Impervious"},{"not_picked":["Dual Wield","True Grit"],"picked":"Iron Wave"},{"not_picked":["Anger","Clothesline"],"picked":"Shrug It Off"},{"not_picked":["True Grit","Dropkick"],"picked":"Flame Barrier"},{"not_picked":["Heavy Blade","Pommel Strike"],"picked":"Burning Pact"}],"player_experience":237349,"potions_floor_usage":[],"damage_taken":[{"damage":17.0,"enemies":"Blue Slaver","floor":1.0,"turns":5.0},{"damage":2.0,"enemies":"Small Slimes","floor":2.0,"turns":4.0},{"damage":40.0,"enemies":"3 Sentries","floor":6.0,"turns":6.0},{"damage":7.0,"enemies":"Jaw Worm","floor":12.0,"turns":3.0},{"damage":24.0,"enemies":"Lots of Slimes","floor":14.0,"turns":6.0},{"damage":45.0,"enemies":"The Guardian","floor":16.0,"turns":13.0},{"damage":22.0,"enemies":"2 Thieves","floor":18.0,"turns":4.0},{"damage":8.0,"enemies":"Chosen","floor":20.0,"turns":7.0},{"damage":16.0,"enemies":"Snecko","floor":24.0,"turns":7.0},{"damage":11.0,"enemies":"Slaver and Parasite","floor":27.0,"turns":7.0},{"damage":39.0,"enemies":"Centurion and Healer","floor":29.0,"turns":10.0},{"damage":4.0,"enemies":"Snecko","floor":31.0,"turns":8.0},{"damage":116,"enemies":"Automaton","floor":33,"turns":12}],"event_choices":[{"event_name":"Liars Game","player_choice":"agreed","floor":5.0,"damage_taken":0.0},{"event_name":"Scrap Ooze","player_choice":"success","floor":8.0,"damage_taken":12.0},{"event_name":"Golden Idol","player_choice":"Take Wound","floor":11.0,"damage_taken":0.0},{"event_name":"The Cleric","player_choice":"Card Removal","floor":13.0,"damage_taken":0.0},{"event_name":"The Library","player_choice":"Read","floor":21.0,"damage_taken":0.0}],"boss_relics":[],"potions_floor_spawned":[1,2,16,20,27],"seed_played":"-2382992097498719508","killed_by":"Automaton","ascension_level":2,"is_trial":false}