{"path_per_floor":["M","M","?","M","$","E","R","$","T","M","E","?","R","M","R","B",null,"M","?","M","M","$","R","M","R","T","R","M","?","M","E","R","B",null,"M","$","M","M","M","R","?","R","T","M","R","?","?","M","R"],"character_chosen":"IRONCLAD","items_purchased":["Flex","Whetstone","Flash of Steel","Flex","Battle Trance"],"gold_per_floor":[114,130,130,147,19,44,44,44,44,56,85,185,185,205,205,279,279,292,292,309,321,89,89,103,103,126,126,136,186,198,229,229,302,302,315,86,103,118,137,137,137,137,437,456,456,456,456,467,467],"floor_reached":50,"campfire_rested":7,"playtime":2319,"current_hp_per_floor":[74,75,72,72,72,43,64,64,64,70,41,41,62,52,52,14,58,46,46,42,33,33,54,42,63,63,63,59,59,66,63,63,21,59,27,27,31,39,29,50,50,50,50,50,71,71,71,64,72],"items_purged":["Defend_R","Pain"],"gold":467,"score":788,"play_id":"fad2827b-38e9-4cbe-a4ae-f83c85325d44","is_prod":false,"is_daily":false,"is_ascension_mode":true,"campfire_upgraded":4,"path_taken":["M","M","?","?","?","E","R","$","T","M","E","?","R","M","R","BOSS","M","?","M","M","$","R","M","R","T","R","?","?","?","E","R","BOSS","M","$","M","M","M","R","?","R","T","M","R","?","?","M","R","BOSS"],"build_version":"2018-02-15-PROD1","purchased_purges":4,"victory":false,"master_deck":["Strike_R","Strike_R","Strike_R","Defend_R","Defend_R","Defend_R","Bash","Clash","Whirlwind+1","Flex+1","Pommel Strike+1","Heavy Blade+1","Flash of Steel","Decay","Limit Break+1","Offering+1","Clumsy","Doubt","Flex+1","Flex+1","Battle Trance+1","Pommel Strike+1","Regret"],"max_hp_per_floor":[75,75,72,72,72,72,72,72,72,72,72,72,72,72,72,72,72,72,72,72,72,72,72,72,72,72,72,72,72,72,72,72,72,72,72,72,72,72,72,72,72,72,72,72,72,72,72,72,72],"relics":["Burning Blood","NeowsBlessing","Centennial Puzzle","Bird Faced Urn","Blue Candle","Cursed Key","Whetstone","Blood Vial","Letter Opener","Calling Bell","Shovel","Oddly Smooth Stone","Toxic Egg 2","Old Coin"],"card_choices":[{"not_picked":["Carnage","Body Slam"],"picked":"Clash"},{"not_picked":["Searing Blow","Anger"],"picked":"Whirlwind"},{"not_picked":["True Grit","Shrug It Off"],"picked":"Pommel Strike"},{"not_picked":["True Grit","Searing Blow"],"picked":"Heavy Blade"},{"not_picked":["Body Slam","Wild Strike"],"picked":"Limit Break"},{"not_picked":["Dark Embrace","Bludgeon"],"picked":"Offering"},{"not_picked":["Disarm","Clash"],"picked":"Flex"},{"not_picked":["Second Wind","Warcry"],"picked":"Pommel Strike"}],"player_experience":455631,"potions_floor_usage":[50],"damage_taken":[{"damage":0.0,"enemies":"2 Louse","floor":1.0,"turns":2.0},{"damage":0.0,"enemies":"Small Slimes","floor":2.0,"turns":1.0},{"damage":0.0,"enemies":"Cultist","floor":4.0,"turns":1.0},{"damage":35.0,"enemies":"3 Sentries","floor":6.0,"turns":8.0},{"damage":0.0,"enemies":"Lots of Slimes","floor":10.0,"turns":1.0},{"damage":35.0,"enemies":"Lagavulin","floor":11.0,"turns":5.0},{"damage":16.0,"enemies":"3 Louse","floor":14.0,"turns":2.0},{"damage":44.0,"enemies":"Slime Boss","floor":16.0,"turns":10.0},{"damage":18.0,"enemies":"Shell Parasite","floor":18.0,"turns":4.0},{"damage":10.0,"enemies":"Chosen","floor":20.0,"turns":4.0},{"damage":15.0,"enemies":"Centurion and Healer","floor":21.0,"turns":4.0},{"damage":18.0,"enemies":"Snecko","floor":24.0,"turns":3.0},{"damage":12.0,"enemies":"Sentry and Sphere","floor":28.0,"turns":3.0},{"damage":1.0,"enemies":"3 Cultists","floor":30.0,"turns":2.0},{"damage":11.0,"enemies":"Gremlin Leader","floor":31.0,"turns":6.0},{"damage":50.0,"enemies":"Automaton","floor":33.0,"turns":5.0},{"damage":40.0,"enemies":"3 Shapes","floor":35.0,"turns":3.0},{"damage":4.0,"enemies":"3 Darklings","floor":37.0,"turns":1.0},{"damage":0.0,"enemies":"Sphere and 2 Shapes","floor":38.0,"turns":1.0},{"damage":18.0,"enemies":"4 Shapes","floor":39.0,"turns":1.0},{"damage":8.0,"enemies":"3 Darklings","floor":44.0,"turns":2.0},{"damage":14.0,"enemies":"Sphere and 2 Shapes","floor":48.0,"turns":2.0},{"damage":98,"enemies":"Donu and Deca","floor":50,"turns":4}],"event_choices":[{"event_name":"Living Wall","player_choice":"Forget","floor":3.0,"damage_taken":0.0},{"event_name":"Wheel of Change","player_choice":"Gold","floor":12.0,"damage_taken":0.0},{"event_name":"Bonfire Elementals","player_choice":"BASIC","floor":19.0,"damage_taken":0.0},{"event_name":"The Joust","player_choice":"Bet on Murderer","floor":29.0,"damage_taken":0.0},{"event_name":"Mysterious Sphere","player_choice":"Ignore","floor":46.0,"damage_taken":0.0},{"event_name":"Accursed Blacksmith","player_choice":"Forge","floor":47.0,"damage_taken":0.0}],"boss_relics":[],"potions_floor_spawned":[4,10,11,20,30,33,38],"seed_played":"8436635831323634336","killed_by":"Donu and Deca","ascension_level":14,"is_trial":false}