{"path_per_floor":["M","?","M","?","M","R","M","$","T","M","R","M","$","M","R","B",null,"M","?","M","$","?","R"],"character_chosen":"IRONCLAD","items_purchased":["Limit Break","Flex","Anchor"],"gold_per_floor":[115,115,127,302,318,318,336,110,190,207,207,226,78,95,95,169,169,181,181,197,42,42,42],"floor_reached":24,"campfire_rested":2,"playtime":795,"current_hp_per_floor":[72,69,72,72,66,66,52,52,52,44,44,35,35,41,62,38,64,38,22,14,14,14,35],"items_purged":["Doubt","Strike_R"],"gold":42,"score":320,"play_id":"64d66d60-a011-43a6-a8b0-100cb1683a1c","is_prod":false,"is_daily":false,"is_ascension_mode":true,"campfire_upgraded":2,"path_taken":["M","?","M","?","M","R","M","$","T","M","R","M","$","M","R","BOSS","M","?","M","$","?","R","E"],"build_version":"2018-02-15-PROD1","purchased_purges":3,"victory":false,"master_deck":["Strike_R","Strike_R","Strike_R","Strike_R","Defend_R","Defend_R","Defend_R","Defend_R","Bash","Flex+1","Limit Break+1","Flex"],"max_hp_per_floor":[72,72,72,72,72,72,72,72,72,72,72,72,72,72,72,72,72,72,72,72,72,72,72],"relics":["Burning Blood","Self Forming Clay","Tiny Chest","Runic Dome","Enchiridion","Anchor"],"card_choices":[{"not_picked":["Twin Strike","Pommel Strike"],"picked":"Flex"}],"player_experience":435162,"potions_floor_usage":[24,24],"damage_taken":[{"damage":2.0,"enemies":"2 Louse","floor":1.0,"turns":2.0},{"damage":2.0,"enemies":"Small Slimes","floor":3.0,"turns":4.0},{"damage":12.0,"enemies":"Jaw Worm","floor":5.0,"turns":3.0},{"damage":20.0,"enemies":"Exordium Thugs","floor":7.0,"turns":5.0},{"damage":14.0,"enemies":"Looter","floor":10.0,"turns":3.0},{"damage":15.0,"enemies":"Exordium Wildlife","floor":12.0,"turns":4.0},{"damage":0.0,"enemies":"Large Slime","floor":14.0,"turns":5.0},{"damage":30.0,"enemies":"The Guardian","floor":16.0,"turns":7.0},{"damage":32.0,"enemies":"3 Byrds","floor":18.0,"turns":7.0},{"damage":14.0,"enemies":"2 Thieves","floor":20.0,"turns":4.0},{"damage":38,"enemies":"Book of Stabbing","floor":24,"turns":4}],"event_choices":[{"event_name":"Scrap Ooze","player_choice":"success","floor":2.0,"damage_taken":3.0},{"event_name":"Liars Game","player_choice":"agreed","floor":4.0,"damage_taken":0.0},{"event_name":"Cursed Tome","player_choice":"Obtained Book","floor":19.0,"damage_taken":0.0},{"event_name":"Addict","player_choice":"Ignored","floor":22.0,"damage_taken":0.0}],"boss_relics":[],"potions_floor_spawned":[3,5,12,16,18],"seed_played":"-4808681209365211043","killed_by":"Book of Stabbing","ascension_level":14,"is_trial":false}