{"path_per_floor":["M","?","M","$","M","R","E","M","T","?","$","R","$","?","R","B",null,"M","?","?","M","$","R"],"character_chosen":"IRONCLAD","items_purchased":["Toxic Egg 2","Flex","Pummel","Pen Nib"],"gold_per_floor":[109,284,299,39,55,55,82,100,123,123,123,123,9,84,84,186,186,205,205,205,216,68,68],"floor_reached":24,"campfire_rested":3,"playtime":1095,"current_hp_per_floor":[75,75,71,71,63,63,31,26,26,26,26,50,50,39,63,16,64,27,27,27,25,25,49],"items_purged":["Strike_R"],"gold":68,"play_id":"b81bacc2-b3a7-4a1f-b75a-740d47136923","is_prod":false,"is_daily":false,"is_ascension_mode":true,"campfire_upgraded":1,"path_taken":["M","?","M","$","M","R","E","M","T","?","?","R","$","?","R","BOSS","M","?","?","M","$","R","M"],"build_version":"2018-02-01-PROD3","purchased_purges":2,"victory":false,"master_deck":["Strike_R","Strike_R","Strike_R","Strike_R","Defend_R","Defend_R","Defend_R","Defend_R","Bash+1","Flex+1","Pummel","Reaper","Heavy Blade","Battle Trance+1"],"max_hp_per_floor":[80,80,80,80,80,80,80,80,80,80,80,80,80,80,80,80,80,80,80,80,80,80,80],"relics":["Burning Blood","Vajra","Toxic Egg 2","Anchor","Juzu Bracelet","Spirit Poop","Orrery","Pen Nib"],"card_choices":[{"not_picked":["Brutality","Exhume"],"picked":"Reaper"},{"not_picked":["Intimidate","Clothesline"],"picked":"Heavy Blade"}],"player_experience":329691,"potions_floor_usage":[16,16,18,18,21],"damage_taken":[{"damage":3.0,"enemies":"2 Louse","floor":1.0,"turns":4.0},{"damage":10.0,"enemies":"Cultist","floor":3.0,"turns":5.0},{"damage":14.0,"enemies":"Blue Slaver","floor":5.0,"turns":4.0},{"damage":38.0,"enemies":"Gremlin Nob","floor":7.0,"turns":4.0},{"damage":11.0,"enemies":"Lots of Slimes","floor":8.0,"turns":5.0},{"damage":53,"enemies":"Hexaghost","floor":16,"turns":7},{"damage":58,"enemies":"3 Byrds","floor":18,"turns":7},{"damage":26,"enemies":"2 Thieves","floor":21,"turns":4},{"damage":69,"enemies":"Slaver and Parasite","floor":24,"turns":7}],"event_choices":[{"event_name":"Liars Game","player_choice":"agreed","floor":2.0,"damage_taken":0.0},{"event_name":"Bonfire Elementals","player_choice":"CURSE","floor":10.0,"damage_taken":0.0},{"event_name":"World of Goop","player_choice":"Gather Gold","floor":14.0,"damage_taken":0.0},{"event_name":"The Library","player_choice":"Read","floor":19,"damage_taken":0},{"event_name":"The Lab","player_choice":"Got Potions","floor":20,"damage_taken":0}],"boss_relics":[{"not_picked":["Black Star","Ectoplasm"],"picked":"Orrery"}],"potions_floor_spawned":[1,5,7,16,18],"seed_played":"-7046317372013289694","killed_by":"Slaver and Parasite","ascension_level":7,"is_trial":false}