{"path_per_floor":["M","M","?","?","?","R","E","R","T","M","$","E","T","?","R","B",null,"M","$","M"],"character_chosen":"IRONCLAD","items_purchased":["Shovel","Flex"],"gold_per_floor":[118,135,210,210,385,385,414,414,414,429,69,100,100,100,100,199,199,212,58,79],"floor_reached":21,"campfire_rested":1,"playtime":471,"current_hp_per_floor":[74,75,64,61,61,61,67,67,67,72,72,63,63,45,67,37,66,39,39,32],"items_purged":["Doubt","Parasite"],"gold":79,"score":357,"play_id":"9a94e3af-429e-4191-a7bb-6500145a04ed","is_prod":false,"is_daily":false,"is_ascension_mode":true,"campfire_upgraded":2,"path_taken":["M","M","?","?","?","R","E","R","T","?","$","E","?","?","R","BOSS","M","$","?","M"],"build_version":"2018-02-15-PROD1","purchased_purges":2,"victory":false,"master_deck":["Strike_R","Strike_R","Strike_R","Strike_R","Strike_R","Defend_R","Defend_R","Defend_R","Defend_R","Bash+1","Spot Weakness+1","Limit Break","Flex","Whirlwind"],"max_hp_per_floor":[75,75,75,75,75,75,75,75,75,75,75,75,75,75,75,75,75,75,72,72],"relics":["Burning Blood","NeowsBlessing","Anchor","Bag of Marbles","Du-Vu Doll","Shovel","Omamori","Bronze Scales","Golden Idol","White Beast Statue"],"card_choices":[{"not_picked":["Iron Wave","Hemokinesis"],"picked":"Spot Weakness"},{"not_picked":["Reaper","Impervious"],"picked":"Limit Break"},{"not_picked":["Thunderclap","Rage"],"picked":"Whirlwind"}],"player_experience":435957,"potions_floor_usage":[16,16,20,20],"damage_taken":[{"damage":0.0,"enemies":"Jaw Worm","floor":1.0,"turns":1.0},{"damage":0.0,"enemies":"2 Louse","floor":2.0,"turns":1.0},{"damage":0,"enemies":"3 Sentries","floor":7,"turns":2},{"damage":1,"enemies":"Cultist","floor":10,"turns":3},{"damage":15,"enemies":"Gremlin Nob","floor":12,"turns":3},{"damage":36,"enemies":"The Guardian","floor":16,"turns":6},{"damage":33,"enemies":"Spheric Guardian","floor":18,"turns":4},{"damage":13,"enemies":"2 Thieves","floor":20,"turns":4},{"damage":38,"enemies":"3 Cultists","floor":21,"turns":3}],"event_choices":[{"event_name":"World of Goop","player_choice":"Gather Gold","floor":3.0,"damage_taken":0.0},{"event_name":"Scrap Ooze","player_choice":"success","floor":4,"damage_taken":3},{"event_name":"Liars Game","player_choice":"agreed","floor":5,"damage_taken":0},{"event_name":"Golden Idol","player_choice":"Take Damage","floor":14,"damage_taken":0}],"boss_relics":[{"not_picked":["Runic Dome","Ectoplasm"],"picked":"White Beast Statue"}],"potions_floor_spawned":[7,10,12,16,18,20],"seed_played":"-8988096546928425995","killed_by":"3 Cultists","ascension_level":14,"is_trial":false}