{"path_per_floor":["M","M","$","M","?","R","M","M","T","M","M","$","R","?","R","B",null,"M","M","$","?","?","R","M","R","T","E","R","?","?","M","R","B",null,"M","?","?","?","M","R","M","?","T","?","M","$","R","$","R","B"],"character_chosen":"IRONCLAD","items_purchased":["Flex","Ancient Tea Set","Flash of Steel","Bottled Flame","Bag of Preparation","Flex","Energy Potion"],"gold_per_floor":[117,133,58,77,77,77,97,115,166,182,199,2,2,2,2,77,77,93,105,14,14,14,14,25,25,101,128,128,128,128,144,144,221,221,232,232,232,283,297,297,314,314,314,564,574,300,300,2,2,2],"floor_reached":51,"campfire_rested":3,"playtime":2294,"current_hp_per_floor":[65,59,59,58,55,55,58,57,57,55,55,55,55,55,55,20,57,37,45,45,45,45,45,42,62,62,69,69,69,69,56,56,28,59,65,65,56,63,50,50,16,16,16,16,12,12,32,32,52,12],"items_purged":["Defend_R","Madness","Madness"],"gold":2,"score":934,"play_id":"87f55db0-97f0-4539-af55-930b2dc655dd","is_prod":false,"is_daily":false,"is_ascension_mode":true,"campfire_upgraded":6,"path_taken":["M","?","?","?","?","R","M","M","T","M","M","$","R","?","R","BOSS","M","M","$","?","?","R","?","R","T","E","R","?","?","M","R","BOSS","M","?","?","?","?","R","M","?","T","?","M","$","R","$","R","BOSS"],"build_version":"2018-02-15-PROD1","purchased_purges":5,"victory":true,"master_deck":["Defend_R","Bash+1","Flex+1","Battle Trance+1","Flex+1","Thunderclap","Double Tap+1","Heavy Blade+1","Flash of Steel","Flash of Steel","Bite","Bite","Bite","Bite","Bite","Whirlwind","Flex"],"max_hp_per_floor":[69,69,69,69,69,69,69,69,69,69,69,69,69,69,69,69,69,69,69,69,69,69,69,69,69,69,69,69,69,69,69,69,69,69,69,69,69,69,69,69,69,69,69,69,69,69,69,69,69,69],"relics":["Burning Blood","Orichalcum","Ancient Tea Set","Philosopher\u0027s Stone","Mummified Hand","Omamori","Cursed Key","Shovel","Lantern","The Courier","Bottled Flame","Bag of Preparation"],"card_choices":[{"not_picked":["Body Slam","Pommel Strike"],"picked":"Flex"},{"not_picked":["Sword Boomerang","Body Slam"],"picked":"Battle Trance"},{"not_picked":["Demon Form","Feed"],"picked":"Double Tap"},{"not_picked":["True Grit","Pommel Strike"],"picked":"Heavy Blade"},{"not_picked":["Fiend Fire","Dark Embrace"],"picked":"Limit Break"},{"not_picked":["Twin Strike","Iron Wave"],"picked":"Whirlwind"}],"player_experience":428109,"potions_floor_usage":[50,50,50],"damage_taken":[{"damage":10.0,"enemies":"Cultist","floor":1.0,"turns":5.0},{"damage":12.0,"enemies":"Small Slimes","floor":2.0,"turns":3.0},{"damage":7.0,"enemies":"2 Louse","floor":4.0,"turns":3.0},{"damage":5.0,"enemies":"Gremlin Gang","floor":7.0,"turns":4.0},{"damage":9.0,"enemies":"2 Fungi Beasts","floor":8.0,"turns":3.0},{"damage":10.0,"enemies":"Exordium Thugs","floor":10.0,"turns":5.0},{"damage":8.0,"enemies":"Blue Slaver","floor":11.0,"turns":2.0},{"damage":43.0,"enemies":"Hexaghost","floor":16.0,"turns":6.0},{"damage":28.0,"enemies":"2 Thieves","floor":18.0,"turns":3.0},{"damage":0.0,"enemies":"Spheric Guardian","floor":19.0,"turns":2.0},{"damage":11.0,"enemies":"Centurion and Healer","floor":24.0,"turns":2.0},{"damage":0.0,"enemies":"Gremlin Leader","floor":27.0,"turns":6.0},{"damage":19.0,"enemies":"Snake Plant","floor":31.0,"turns":2.0},{"damage":62.0,"enemies":"Collector","floor":33.0,"turns":7.0},{"damage":0.0,"enemies":"Orb Walker","floor":35.0,"turns":1.0},{"damage":7.0,"enemies":"Mysterious Sphere","floor":38.0,"turns":4.0},{"damage":37.0,"enemies":"3 Darklings","floor":39.0,"turns":4.0},{"damage":50.0,"enemies":"Sphere and 2 Shapes","floor":41.0,"turns":4.0},{"damage":22.0,"enemies":"4 Shapes","floor":45.0,"turns":3.0},{"damage":54,"enemies":"Time Eater","floor":50,"turns":3}],"event_choices":[{"event_name":"Scrap Ooze","player_choice":"success","floor":5.0,"damage_taken":3.0},{"event_name":"Transmorgrifier","player_choice":"Transform","floor":14.0,"damage_taken":0.0},{"event_name":"Drug Dealer","player_choice":"Ignored","floor":21.0,"damage_taken":0.0},{"event_name":"Duplicator","player_choice":"One dupe","floor":22.0,"damage_taken":0.0},{"event_name":"Vampires","player_choice":"Became a vampire (Vial)","floor":29.0,"damage_taken":0.0},{"event_name":"Bonfire Elementals","player_choice":"BASIC","floor":30.0,"damage_taken":0.0},{"event_name":"Winding Halls","player_choice":"Embrace Madness","floor":37.0,"damage_taken":0.0},{"event_name":"Mysterious Sphere","player_choice":"Fight","floor":38.0,"damage_taken":0.0},{"event_name":"Tomb of Lord Red Mask","player_choice":"Ignored","floor":42.0,"damage_taken":0.0},{"event_name":"Golden Shrine","player_choice":"Desecrate","floor":44.0,"damage_taken":0.0}],"boss_relics":[],"potions_floor_spawned":[2,4,10,11,19,27,31,35,38],"seed_played":"-9217553810438076348","ascension_level":13,"is_trial":false}