{"path_per_floor":["M","?","?","M","M","E","R","M","T","R","M","?","R","M","R","B",null,"M","M","$","?"],"character_chosen":"IRONCLAD","items_purchased":["Bottled Tornado"],"gold_per_floor":[109,59,59,70,83,117,117,130,203,203,213,213,213,228,228,304,304,284,296,2,2],"floor_reached":22,"campfire_rested":4,"playtime":1564,"current_hp_per_floor":[34,34,34,37,40,12,35,19,19,42,34,27,50,37,60,13,61,41,43,43,29],"items_purged":["Strike_R"],"gold":2,"score":307,"play_id":"4cdf9684-b19d-4d62-9b14-57279b985cf2","is_prod":false,"is_daily":false,"is_ascension_mode":true,"campfire_upgraded":0,"path_taken":["M","?","?","?","M","E","R","?","T","R","M","?","R","?","R","BOSS","M","M","$","?","M"],"build_version":"2018-02-15-PROD1","purchased_purges":5,"victory":false,"master_deck":["Strike_R","Strike_R","Strike_R","Strike_R","Defend_R","Defend_R","Defend_R","Defend_R","Bash","Barricade","Armaments","Iron Wave","Demon Form","Flame Barrier+1","Iron Wave"],"max_hp_per_floor":[80,77,77,77,77,77,77,77,77,77,77,77,77,77,77,77,77,77,77,77,82],"relics":["Burning Blood","Bottled Flame","Smiling Mask","Oddly Smooth Stone","Question Card","Bottled Tornado"],"card_choices":[{"not_picked":["Berserk","Feed"],"picked":"Barricade"},{"not_picked":["Dropkick","Flex"],"picked":"Armaments"},{"not_picked":["Shrug It Off","Cleave"],"picked":"Iron Wave"},{"not_picked":["Immolate","Exhume"],"picked":"Demon Form"},{"not_picked":["Pommel Strike","Twin Strike","Feel No Pain"],"picked":"Flame Barrier"},{"not_picked":["Fire Breathing","Dropkick","Searing Blow"],"picked":"Iron Wave"}],"player_experience":409004,"potions_floor_usage":[6,14,16,22],"damage_taken":[{"damage":4,"enemies":"Jaw Worm","floor":1,"turns":4},{"damage":3,"enemies":"2 Louse","floor":4,"turns":4},{"damage":3,"enemies":"Small Slimes","floor":5,"turns":6},{"damage":34,"enemies":"Gremlin Nob","floor":6,"turns":5},{"damage":22,"enemies":"Looter","floor":8,"turns":3},{"damage":14,"enemies":"Red Slaver","floor":11,"turns":7},{"damage":19,"enemies":"Exordium Wildlife","floor":14,"turns":10},{"damage":53,"enemies":"Slime Boss","floor":16,"turns":34},{"damage":26,"enemies":"2 Thieves","floor":18,"turns":4},{"damage":4,"enemies":"Chosen","floor":19,"turns":7},{"damage":31,"enemies":"Snake Plant","floor":22,"turns":4}],"event_choices":[{"event_name":"The Cleric","player_choice":"Card Removal","floor":2,"damage_taken":0},{"event_name":"Shining Light","player_choice":"Ignored","floor":3,"damage_taken":0},{"event_name":"Scrap Ooze","player_choice":"success","floor":12,"damage_taken":7},{"event_name":"Forgotten Altar","player_choice":"Shed Blood","floor":21,"damage_taken":0}],"boss_relics":[{"not_picked":["White Beast Statue","Ectoplasm"],"picked":"Question Card"}],"potions_floor_spawned":[4,6,8,11],"seed_played":"-6364086974050866478","killed_by":"Snake Plant","ascension_level":13,"is_trial":false}