{"path_per_floor":["M","$","M","?","M","R","M","M","T","$","M","R","E","M","R","B",null,"M","?","M","?","T","R","M","R","T","T","$","M","M","M","R"],"character_chosen":"IRONCLAD","items_purchased":["Rupture"],"gold_per_floor":[116,7,24,24,41,41,51,68,143,43,59,59,91,106,106,181,181,192,192,207,107,107,107,123,123,146,192,67,81,94,105,105],"floor_reached":33,"campfire_rested":5,"playtime":1427,"current_hp_per_floor":[68,65,58,58,55,55,53,44,44,44,40,59,43,27,46,11,52,32,32,19,19,19,38,22,41,41,41,41,32,23,7,26],"items_purged":["Parasite","Strike_R","Defend_R"],"gold":105,"score":427,"play_id":"73ef2d75-ed5e-4e4a-9e5c-40275000f6e4","is_prod":false,"is_daily":false,"is_ascension_mode":true,"campfire_upgraded":1,"path_taken":["M","?","M","?","M","R","M","M","T","$","?","R","E","M","R","BOSS","M","?","M","?","?","R","M","R","T","?","?","M","?","M","R","BOSS"],"build_version":"2018-02-15-PROD1","purchased_purges":4,"victory":false,"master_deck":["Strike_R","Strike_R","Defend_R","Bash+1","Offering","Rupture+1","Whirlwind+1","Exhume","Double Tap","Heavy Blade+1","Dual Wield+1","Immolate+1","Bloodletting","J.A.X.","Seeing Red","Flex"],"max_hp_per_floor":[68,65,65,65,65,65,65,65,65,65,65,65,65,65,65,65,65,65,65,65,65,65,65,65,65,65,65,65,65,65,65,65],"relics":["Burning Blood","Tiny Chest","Prayer Wheel","Astrolabe","Self Forming Clay","Torii","Oddly Smooth Stone","Whetstone"],"card_choices":[{"not_picked":["Limit Break","Juggernaut"],"picked":"Offering"},{"not_picked":["Heavy Blade","Rampage"],"picked":"Whirlwind"},{"not_picked":["Reaper","Berserk"],"picked":"Double Tap"},{"not_picked":["Pommel Strike","Anger"],"picked":"Bloodletting"},{"not_picked":["Shrug It Off","Rupture"],"picked":"Seeing Red"},{"not_picked":["Double Tap","Heavy Blade"],"picked":"Flex"}],"player_experience":447041,"potions_floor_usage":[33,33],"damage_taken":[{"damage":4.0,"enemies":"Cultist","floor":1.0,"turns":2.0},{"damage":13.0,"enemies":"Jaw Worm","floor":3.0,"turns":4.0},{"damage":9.0,"enemies":"Small Slimes","floor":5.0,"turns":2.0},{"damage":8.0,"enemies":"Exordium Wildlife","floor":7.0,"turns":1.0},{"damage":15.0,"enemies":"3 Louse","floor":8.0,"turns":2.0},{"damage":10.0,"enemies":"Looter","floor":11.0,"turns":2.0},{"damage":22.0,"enemies":"Gremlin Nob","floor":13.0,"turns":3.0},{"damage":22.0,"enemies":"Exordium Wildlife","floor":14.0,"turns":3.0},{"damage":41.0,"enemies":"Slime Boss","floor":16.0,"turns":9.0},{"damage":26.0,"enemies":"Shell Parasite","floor":18.0,"turns":3.0},{"damage":19.0,"enemies":"Chosen","floor":20.0,"turns":3.0},{"damage":22.0,"enemies":"Snake Plant","floor":24.0,"turns":4.0},{"damage":15.0,"enemies":"Sentry and Sphere","floor":29.0,"turns":3.0},{"damage":15.0,"enemies":"Centurion and Healer","floor":30.0,"turns":2.0},{"damage":22,"enemies":"Snecko","floor":31,"turns":3},{"damage":42,"enemies":"Automaton","floor":33,"turns":4}],"event_choices":[{"event_name":"Transmorgrifier","player_choice":"Transform","floor":4.0,"damage_taken":0.0},{"event_name":"The Mausoleum","player_choice":"Yes","floor":19.0,"damage_taken":0.0},{"event_name":"Drug Dealer","player_choice":"Got JAXXED","floor":21.0,"damage_taken":0.0}],"boss_relics":[],"potions_floor_spawned":[3,7,13,16,24,31],"seed_played":"7791609153059833715","killed_by":"Automaton","ascension_level":14,"is_trial":false}