{"path_per_floor":["M","?","?","M","M","R","M","M","T","M","R","$","R","M","R","B",null,"M","$","?","?","M","R","M","R","T","R","M","M","R","M","R","B",null,"M","M","$","M","?","R"],"character_chosen":"IRONCLAD","items_purchased":["Ancient Tea Set","Reaper","Flex"],"gold_per_floor":[109,109,109,127,142,142,165,188,214,228,228,74,74,97,97,188,188,213,70,70,70,86,86,101,101,101,101,112,122,122,134,134,212,212,227,242,122,141,141,141],"floor_reached":41,"campfire_rested":5,"playtime":1355,"current_hp_per_floor":[66,48,33,30,30,52,45,36,36,37,59,59,59,64,64,8,58,34,34,34,34,31,53,32,54,54,54,45,50,50,54,75,39,66,75,75,75,66,57,57],"items_purged":["Injury"],"gold":141,"score":599,"play_id":"807a98cb-9f63-4985-a2a7-348becfdd484","is_prod":false,"is_daily":false,"is_ascension_mode":true,"campfire_upgraded":5,"path_taken":["M","?","?","M","M","R","M","M","T","M","R","$","R","?","R","BOSS","M","$","?","?","M","R","M","R","T","R","M","M","R","M","R","BOSS","M","M","$","M","?","R","E"],"build_version":"2018-02-15-PROD1","purchased_purges":1,"victory":false,"master_deck":["Bash+1","Parasite","Heavy Blade+1","Seeing Red","Inflame+1","Reaper","Inflame+1","Reaper","Inflame","Flex+1","Battle Trance","Reaper","Bloodletting","Seeing Red","Thunderclap","Armaments+1","Inflame","Infernal Blade","Thunderclap","Wild Strike","Flame Barrier","Inflame+1","Flex","Madness","Madness"],"max_hp_per_floor":[75,75,75,75,75,75,75,75,75,75,75,75,75,75,75,75,75,75,75,75,75,75,75,75,75,75,75,75,75,75,75,75,75,75,75,75,75,75,75,75],"relics":["Burning Blood","Happy Flower","Bloody Idol","Bronze Scales","Ancient Tea Set","Cursed Key","Magic Flower","Pandora\u0027s Box"],"card_choices":[{"not_picked":["Pummel","Evolve"],"picked":"Heavy Blade"},{"not_picked":["Shrug It Off","Armaments"],"picked":"Seeing Red"},{"not_picked":["Iron Wave","Perfected Strike"],"picked":"Inflame"},{"not_picked":["Blood for Blood","Infernal Blade"],"picked":"Reaper"},{"not_picked":["Anger","Havoc"],"picked":"Inflame"},{"not_picked":["Sword Boomerang","Clash"],"picked":"Flex"},{"not_picked":["Rupture","Flex"],"picked":"Battle Trance"},{"not_picked":["Bludgeon","Fiend Fire"],"picked":"Reaper"},{"not_picked":["Spot Weakness","Heavy Blade"],"picked":"Inflame"}],"player_experience":458320,"potions_floor_usage":[16,18,33,33,33],"damage_taken":[{"damage":8,"enemies":"Jaw Worm","floor":1,"turns":4},{"damage":9,"enemies":"Small Slimes","floor":4,"turns":4},{"damage":6,"enemies":"Cultist","floor":5,"turns":3},{"damage":13,"enemies":"Blue Slaver","floor":7,"turns":2},{"damage":15,"enemies":"2 Fungi Beasts","floor":8,"turns":4},{"damage":5,"enemies":"3 Louse","floor":10,"turns":3},{"damage":1,"enemies":"Looter","floor":14,"turns":3},{"damage":62,"enemies":"The Guardian","floor":16,"turns":8},{"damage":30,"enemies":"2 Thieves","floor":18,"turns":4},{"damage":14,"enemies":"Shell Parasite","floor":22,"turns":3},{"damage":32,"enemies":"Snecko","floor":24,"turns":4},{"damage":46,"enemies":"Centurion and Healer","floor":28,"turns":6},{"damage":43,"enemies":"Snake Plant","floor":29,"turns":4},{"damage":32,"enemies":"Snecko","floor":31,"turns":4},{"damage":96,"enemies":"Automaton","floor":33,"turns":8},{"damage":20,"enemies":"Orb Walker","floor":35,"turns":3},{"damage":23,"enemies":"3 Shapes","floor":36,"turns":2},{"damage":72,"enemies":"3 Darklings","floor":38,"turns":5},{"damage":79,"enemies":"Nemesis","floor":41,"turns":6}],"event_choices":[{"event_name":"Golden Idol","player_choice":"Take Damage","floor":2,"damage_taken":0},{"event_name":"Shining Light","player_choice":"Entered Light","floor":3,"damage_taken":0},{"event_name":"Forgotten Altar","player_choice":"Gave Idol","floor":20,"damage_taken":0},{"event_name":"Duplicator","player_choice":"One dupe","floor":21,"damage_taken":0},{"event_name":"Winding Halls","player_choice":"Embrace Madness","floor":39,"damage_taken":0}],"boss_relics":[{"not_picked":["Velvet Choker","Ectoplasm"],"picked":"Cursed Key"},{"not_picked":["Runic Pyramid","Orrery"],"picked":"Pandora\u0027s Box"}],"potions_floor_spawned":[1,10,14,22,24,31,38],"seed_played":"4383823201017065402","killed_by":"Nemesis","ascension_level":14,"is_trial":false}