{"path_per_floor":["M","M","?","$","M","R","E","R","T","E","?","E","$","M","R","B",null,"M","?","?","M","$","E","R","M","T","?","M","R","M","M","R"],"character_chosen":"IRONCLAD","items_purchased":["Whirlwind","Inflame","Flex"],"gold_per_floor":[112,130,130,55,66,66,98,98,98,125,300,327,124,144,144,249,249,260,260,160,177,0,35,35,51,99,99,118,118,128,143,143],"floor_reached":33,"campfire_rested":4,"playtime":1446,"current_hp_per_floor":[70,72,72,72,71,71,40,61,61,44,44,24,24,22,43,7,56,60,44,44,47,47,22,45,10,10,10,13,51,39,48,48],"items_purged":["Regret","Doubt","Defend_R"],"gold":143,"play_id":"494fb36e-0f68-41a9-bfe4-7e48a56d2f75","is_prod":false,"is_daily":false,"is_ascension_mode":true,"campfire_upgraded":2,"path_taken":["M","M","?","$","?","R","E","R","T","E","?","E","$","M","R","BOSS","M","?","?","M","$","E","R","M","T","?","M","R","?","?","R","BOSS"],"build_version":"2018-02-01-PROD3","purchased_purges":3,"victory":false,"master_deck":["Defend_R","Defend_R","Defend_R","Bash","Offering+1","Seeing Red+1","Pummel","Whirlwind","Inflame","J.A.X.","Flex","Bite","Bite","Bite","Bite","Bite"],"max_hp_per_floor":[72,72,72,72,72,72,72,72,72,72,72,72,72,72,72,72,72,72,72,72,72,72,79,79,79,79,79,79,79,79,79,79],"relics":["Burning Blood","Pen Nib","Bottled Lightning","Mercury Hourglass","Vajra","Orrery","Enchiridion","Strawberry","Regal Pillow"],"card_choices":[{"not_picked":["Barricade","Feed"],"picked":"Offering"},{"not_picked":["Disarm","Sword Boomerang"],"picked":"Seeing Red"},{"not_picked":["Rampage","Headbutt"],"picked":"Pummel"}],"player_experience":328245,"potions_floor_usage":[33,33,33],"damage_taken":[{"damage":8.0,"enemies":"Jaw Worm","floor":1.0,"turns":4.0},{"damage":4.0,"enemies":"Cultist","floor":2.0,"turns":2.0},{"damage":7.0,"enemies":"Blue Slaver","floor":5.0,"turns":3.0},{"damage":37.0,"enemies":"Gremlin Nob","floor":7.0,"turns":4.0},{"damage":25.0,"enemies":"3 Sentries","floor":10.0,"turns":9.0},{"damage":28.0,"enemies":"Gremlin Nob","floor":12.0,"turns":4.0},{"damage":10.0,"enemies":"Looter","floor":14.0,"turns":2.0},{"damage":44.0,"enemies":"The Guardian","floor":16.0,"turns":7.0},{"damage":4.0,"enemies":"Shell Parasite","floor":18.0,"turns":2.0},{"damage":5.0,"enemies":"3 Byrds","floor":21.0,"turns":4.0},{"damage":40.0,"enemies":"Book of Stabbing","floor":23.0,"turns":3.0},{"damage":43.0,"enemies":"Cultist and Chosen","floor":25.0,"turns":4.0},{"damage":7.0,"enemies":"Chosen and Byrds","floor":28.0,"turns":2.0},{"damage":28.0,"enemies":"Snake Plant","floor":30.0,"turns":3.0},{"damage":7.0,"enemies":"Centurion and Healer","floor":31.0,"turns":3.0},{"damage":68,"enemies":"Automaton","floor":33,"turns":6}],"event_choices":[{"event_name":"Big Fish","player_choice":"Box","floor":3.0,"damage_taken":0.0},{"event_name":"Liars Game","player_choice":"agreed","floor":11.0,"damage_taken":0.0},{"event_name":"Cursed Tome","player_choice":"Obtained Book","floor":19.0,"damage_taken":0.0},{"event_name":"Drug Dealer","player_choice":"Got JAXXED","floor":20.0,"damage_taken":0.0},{"event_name":"Vampires","player_choice":"Became a vampire (Vial)","floor":27.0,"damage_taken":0.0}],"boss_relics":[],"potions_floor_spawned":[2,5,12,18,23,30,31],"seed_played":"176961240464295176","killed_by":"Automaton","ascension_level":7,"is_trial":false}