{"path_per_floor":["M","?","$","M","M","R","$","R","T","?","E","R","E","M","R","B",null,"M","?","?","M","?","R","M"],"character_chosen":"IRONCLAD","items_purchased":["Flex"],"gold_per_floor":[110,110,35,46,61,61,10,10,33,33,64,64,95,105,105,205,205,186,186,111,121,121,121,135],"floor_reached":25,"campfire_rested":3,"playtime":748,"current_hp_per_floor":[61,66,66,66,69,69,69,69,69,53,31,55,52,53,77,48,74,60,60,60,48,48,72,30],"items_purged":["Parasite"],"gold":135,"score":324,"play_id":"2837416b-48d2-4417-94e3-d4cec57a9515","is_prod":false,"is_daily":false,"is_ascension_mode":true,"campfire_upgraded":2,"path_taken":["M","?","$","M","M","R","$","R","T","?","E","R","E","M","R","BOSS","M","?","?","M","?","R","M","E"],"build_version":"2018-02-08-PROD1","purchased_purges":1,"victory":false,"master_deck":["Strike_R+1","Strike_R+1","Strike_R","Strike_R","Strike_R","Defend_R","Defend_R","Defend_R","Bash+1","Flex+1","Ghostly Armor","Flex+1","Inflame","Whirlwind","Rupture+1"],"max_hp_per_floor":[80,85,82,82,82,82,82,82,82,82,82,82,82,82,82,82,82,82,82,82,82,82,82,82],"relics":["Black Blood","Orichalcum","Kunai","Toxic Egg 2","Art of War"],"card_choices":[{"not_picked":["Dual Wield","Carnage"],"picked":"Ghostly Armor"},{"not_picked":["Havoc","Armaments"],"picked":"Flex"},{"not_picked":["True Grit","Uppercut"],"picked":"Inflame"},{"not_picked":["Perfected Strike","Clash"],"picked":"Rupture"}],"player_experience":357304,"potions_floor_usage":[18,24,25],"damage_taken":[{"damage":17.0,"enemies":"Blue Slaver","floor":1.0,"turns":6.0},{"damage":6.0,"enemies":"2 Louse","floor":4.0,"turns":4.0},{"damage":3.0,"enemies":"Jaw Worm","floor":5.0,"turns":5.0},{"damage":28.0,"enemies":"Lagavulin","floor":11.0,"turns":6.0},{"damage":9.0,"enemies":"Gremlin Nob","floor":13.0,"turns":4.0},{"damage":5.0,"enemies":"Looter","floor":14.0,"turns":2.0},{"damage":35.0,"enemies":"The Guardian","floor":16.0,"turns":7.0},{"damage":24,"enemies":"2 Thieves","floor":18,"turns":4},{"damage":22,"enemies":"Shell Parasite","floor":21,"turns":4},{"damage":52,"enemies":"Cultist and Chosen","floor":24,"turns":6},{"damage":42,"enemies":"Slavers","floor":25,"turns":3}],"event_choices":[{"event_name":"Big Fish","player_choice":"Donut","floor":2.0,"damage_taken":0.0},{"event_name":"Shining Light","player_choice":"Entered Light","floor":10.0,"damage_taken":0.0},{"event_name":"The Library","player_choice":"Read","floor":19,"damage_taken":0},{"event_name":"Beggar","player_choice":"Gave Gold","floor":20,"damage_taken":0},{"event_name":"The Mausoleum","player_choice":"Yes","floor":22,"damage_taken":0}],"boss_relics":[{"not_picked":["Runic Pyramid","Orrery"],"picked":"Black Blood"}],"potions_floor_spawned":[4,11,13,16,18,21],"seed_played":"2536240663131399980","killed_by":"Slavers","ascension_level":11,"is_trial":false}