{"path_per_floor":["M","?","M","M","$","R","?","R","T","M","M","?","R","M","R","B",null,"M","M","$","M","$","R","M","R","T","M","$","?","M","M","R","B",null,"M","M","M","$","?","E","$"],"character_chosen":"IRONCLAD","items_purchased":["Combust","Bandage Up","Spot Weakness","Happy Flower","Master of Strategy","Reaper","Energy Potion"],"gold_per_floor":[119,119,138,151,3,3,253,253,330,346,358,358,358,375,375,477,477,491,501,214,230,19,19,32,32,32,48,48,48,62,80,80,178,178,188,203,217,117,117,145,22],"floor_reached":42,"campfire_rested":2,"playtime":2249,"current_hp_per_floor":[74,74,63,64,64,64,64,64,64,60,66,66,66,56,80,33,56,37,35,35,33,33,33,39,58,58,63,63,63,57,64,64,22,54,54,44,36,36,36,37,37],"items_purged":["Defend_R","Defend_R"],"gold":22,"score":556,"play_id":"7b9d9ed2-133f-4f93-bd60-de451046a5e2","is_prod":false,"is_daily":false,"is_ascension_mode":true,"campfire_upgraded":5,"path_taken":["M","?","M","?","$","R","?","R","T","M","M","?","R","M","R","BOSS","M","M","?","M","$","R","M","R","T","?","$","?","M","?","R","BOSS","M","?","?","$","?","E","$","E"],"build_version":"2018-02-08-PROD1","purchased_purges":3,"victory":false,"master_deck":["Strike_R","Strike_R","Strike_R","Strike_R","Strike_R","Defend_R","Defend_R","Bash","Heavy Blade+1","Rupture+1","Combust","Bloodletting+1","Rupture","Offering+1","Bandage Up+1","Spot Weakness","Master of Strategy","Whirlwind+1","Offering","Warcry+1","Seeing Red","Reaper"],"max_hp_per_floor":[80,80,80,80,80,80,80,80,80,80,80,80,80,80,80,80,64,64,64,64,64,64,64,64,64,64,64,64,64,64,64,64,64,64,64,64,64,64,64,64,64],"relics":["Burning Blood","Blood Vial","Shuriken","Runic Cube","Happy Flower","Gremlin Horn","Mark of Pain","Prayer Wheel"],"card_choices":[{"not_picked":["Corruption","Fire Breathing"],"picked":"Heavy Blade"},{"not_picked":["Blood for Blood","Evolve"],"picked":"Rupture"},{"not_picked":["Havoc","Warcry"],"picked":"Bloodletting"},{"not_picked":["Armaments","Twin Strike"],"picked":"Rupture"},{"not_picked":["Double Tap","Brutality"],"picked":"Offering"},{"not_picked":["Shrug It Off","Infernal Blade"],"picked":"Whirlwind"},{"not_picked":["Feed","Demon Form"],"picked":"Offering"},{"not_picked":["Twin Strike","Cleave"],"picked":"Warcry"},{"not_picked":["Carnage","Pommel Strike"],"picked":"Seeing Red"}],"player_experience":339993,"potions_floor_usage":[42],"damage_taken":[{"damage":6.0,"enemies":"Cultist","floor":1.0,"turns":3.0},{"damage":19.0,"enemies":"Blue Slaver","floor":3.0,"turns":4.0},{"damage":7.0,"enemies":"Jaw Worm","floor":4.0,"turns":3.0},{"damage":12.0,"enemies":"Lots of Slimes","floor":10.0,"turns":4.0},{"damage":2.0,"enemies":"Exordium Wildlife","floor":11.0,"turns":3.0},{"damage":18.0,"enemies":"Gremlin Gang","floor":14.0,"turns":4.0},{"damage":53.0,"enemies":"Slime Boss","floor":16.0,"turns":6.0},{"damage":27.0,"enemies":"3 Byrds","floor":18.0,"turns":3.0},{"damage":10.0,"enemies":"Spheric Guardian","floor":19.0,"turns":3.0},{"damage":26.0,"enemies":"Chosen and Byrds","floor":21.0,"turns":5.0},{"damage":8.0,"enemies":"Snake Plant","floor":24.0,"turns":2.0},{"damage":9.0,"enemies":"Centurion and Healer","floor":27.0,"turns":3.0},{"damage":19.0,"enemies":"Cultist and Chosen","floor":30.0,"turns":5.0},{"damage":7.0,"enemies":"3 Cultists","floor":31.0,"turns":1.0},{"damage":54.0,"enemies":"Automaton","floor":33.0,"turns":5.0},{"damage":14.0,"enemies":"3 Shapes","floor":35.0,"turns":3.0},{"damage":24.0,"enemies":"Orb Walker","floor":36.0,"turns":3.0},{"damage":22.0,"enemies":"Maw","floor":37.0,"turns":4.0},{"damage":25.0,"enemies":"Giant Head","floor":40.0,"turns":5.0},{"damage":73,"enemies":"Nemesis","floor":42,"turns":3}],"event_choices":[{"event_name":"The Lab","player_choice":"Got Potions","floor":2.0,"damage_taken":0.0},{"event_name":"Golden Shrine","player_choice":"Desecrate","floor":7.0,"damage_taken":0.0},{"event_name":"Purifier","player_choice":"One Purge","floor":12.0,"damage_taken":0.0},{"event_name":"Addict","player_choice":"Ignored","floor":29.0,"damage_taken":0.0},{"event_name":"Mysterious Sphere","player_choice":"Ignore","floor":39.0,"damage_taken":0.0}],"boss_relics":[],"potions_floor_spawned":[3,10,14,18,21,30,33,36,37,40],"seed_played":"-7805173094036916872","killed_by":"Nemesis","ascension_level":8,"is_trial":false}