{"path_per_floor":["M","M","M","M","M","R","E","?","T","R","E","M","T","M","R","B",null,"M","?","M","$","?","E","R"],"character_chosen":"IRONCLAD","items_purchased":["Double Tap"],"gold_per_floor":[110,122,136,147,158,158,187,187,187,187,216,234,234,249,249,323,323,339,339,356,136,51,78,78],"floor_reached":25,"campfire_rested":3,"playtime":847,"current_hp_per_floor":[68,65,59,49,46,68,40,58,58,58,52,53,53,34,56,18,61,64,52,51,49,49,11,25],"items_purged":["Parasite"],"gold":78,"score":422,"play_id":"3b0023b4-5764-4549-8c52-8e21c5ea6410","is_prod":false,"is_daily":false,"is_ascension_mode":true,"campfire_upgraded":1,"path_taken":["M","M","?","?","M","R","E","?","T","R","E","M","?","M","R","BOSS","M","?","?","$","?","E","R","M"],"build_version":"2018-02-15-PROD1","purchased_purges":1,"victory":false,"master_deck":["Defend_R","Defend_R","Defend_R","Defend_R","Bash","Parasite","Pommel Strike","Flex","Inflame+1","Reaper","Offering+1","Bite","Bite","Bite","Bite","Bite","Double Tap+1"],"max_hp_per_floor":[75,75,75,75,75,75,75,75,75,75,75,75,75,75,75,75,75,75,52,52,49,49,49,49],"relics":["Burning Blood","Orichalcum","Toxic Egg 2","Bronze Scales","Happy Flower","Runic Pyramid","Ornamental Fan","Kunai"],"card_choices":[{"not_picked":["Shrug It Off","Sword Boomerang"],"picked":"Pommel Strike"},{"not_picked":["Entrench","Heavy Blade"],"picked":"Flex"},{"not_picked":["Body Slam","Pommel Strike"],"picked":"Inflame"},{"not_picked":["Shockwave","Inflame"],"picked":"Reaper"},{"not_picked":["Impervious","Brutality"],"picked":"Offering"}],"player_experience":436722,"potions_floor_usage":[7,16,16,25],"damage_taken":[{"damage":6,"enemies":"Cultist","floor":1,"turns":4},{"damage":9,"enemies":"2 Louse","floor":2,"turns":4},{"damage":12,"enemies":"Jaw Worm","floor":3,"turns":2},{"damage":16,"enemies":"Blue Slaver","floor":4,"turns":3},{"damage":9,"enemies":"2 Fungi Beasts","floor":5,"turns":3},{"damage":40,"enemies":"Lagavulin","floor":7,"turns":5},{"damage":12,"enemies":"3 Sentries","floor":11,"turns":7},{"damage":5,"enemies":"Looter","floor":12,"turns":2},{"damage":30,"enemies":"Large Slime","floor":14,"turns":6},{"damage":54,"enemies":"Slime Boss","floor":16,"turns":13},{"damage":25,"enemies":"2 Thieves","floor":18,"turns":4},{"damage":21,"enemies":"Spheric Guardian","floor":20,"turns":4},{"damage":64,"enemies":"Slavers","floor":23,"turns":5},{"damage":43,"enemies":"Slaver and Parasite","floor":25,"turns":2}],"event_choices":[{"event_name":"Mushrooms","player_choice":"Healed and dodged fight","floor":8,"damage_taken":0},{"event_name":"Vampires","player_choice":"Became a vampire","floor":19,"damage_taken":0},{"event_name":"Addict","player_choice":"Obtained Relic","floor":22,"damage_taken":0}],"boss_relics":[{"not_picked":["Ectoplasm","Philosopher\u0027s Stone"],"picked":"Runic Pyramid"}],"potions_floor_spawned":[2,5,14,23],"seed_played":"-4838769562112125589","killed_by":"Slaver and Parasite","ascension_level":14,"is_trial":false}