{"path_per_floor":["M","?","M","M","$","R","?","M","T","$","$","R","M","$","R","B",null,"M","M","M","?","M","R"],"character_chosen":"IRONCLAD","items_purchased":["Flash of Steel","Apotheosis"],"gold_per_floor":[368,443,461,472,397,397,397,408,435,244,60,60,70,70,70,169,199,217,233,246,246,258,258],"floor_reached":24,"campfire_rested":2,"playtime":1262,"current_hp_per_floor":[79,68,65,59,59,59,56,42,42,42,42,42,36,36,60,12,85,65,39,13,41,9,34],"items_purged":["Pain","Defend_R"],"gold":258,"score":188,"play_id":"81667a80-53a9-4766-8caa-b5181e3f6568","is_prod":false,"is_daily":false,"is_ascension_mode":false,"campfire_upgraded":2,"path_taken":["M","?","M","M","$","R","?","M","T","?","$","R","?","$","R","BOSS","M","M","?","?","M","R","M"],"build_version":"2018-02-15-PROD1","purchased_purges":2,"victory":false,"master_deck":["Strike_R+1","Strike_R","Strike_R","Strike_R","Strike_R","Defend_R","Defend_R","Defend_R","Bash+1","Double Tap","Flash of Steel","Apotheosis+1","Flex","Heavy Blade","Whirlwind"],"max_hp_per_floor":[80,80,80,80,80,80,80,80,80,80,80,80,80,80,80,80,85,85,85,85,85,85,85],"relics":["Burning Blood","Toolbox","Bag of Preparation","Tiny House"],"card_choices":[{"not_picked":["Shrug It Off","Twin Strike"],"picked":"Double Tap"},{"not_picked":["Anger","Flame Barrier"],"picked":"Flex"},{"not_picked":["Infernal Blade","Twin Strike"],"picked":"Heavy Blade"},{"not_picked":["Pommel Strike","Second Wind"],"picked":"Whirlwind"}],"player_experience":403897,"potions_floor_usage":[4,22,22],"damage_taken":[{"damage":7,"enemies":"Small Slimes","floor":1,"turns":3},{"damage":9,"enemies":"2 Louse","floor":3,"turns":4},{"damage":12,"enemies":"Jaw Worm","floor":4,"turns":3},{"damage":20,"enemies":"Looter","floor":8,"turns":3},{"damage":12,"enemies":"Blue Slaver","floor":13,"turns":2},{"damage":54,"enemies":"The Guardian","floor":16,"turns":9},{"damage":26,"enemies":"Chosen","floor":18,"turns":6},{"damage":32,"enemies":"Shell Parasite","floor":19,"turns":4},{"damage":32,"enemies":"Sentry and Sphere","floor":20,"turns":6},{"damage":38,"enemies":"Centurion and Healer","floor":22,"turns":4},{"damage":39,"enemies":"Slaver and Parasite","floor":24,"turns":5}],"event_choices":[{"event_name":"World of Goop","player_choice":"Gather Gold","floor":2,"damage_taken":0},{"event_name":"Scrap Ooze","player_choice":"success","floor":7,"damage_taken":3},{"event_name":"The Library","player_choice":"Heal","floor":21,"damage_taken":0}],"boss_relics":[{"not_picked":["Velvet Choker","Calling Bell"],"picked":"Tiny House"}],"potions_floor_spawned":[1,4,16,18,20,22],"seed_played":"5191609535863045039","killed_by":"Slaver and Parasite","ascension_level":0,"is_trial":false}