{"path_per_floor":["M","T","$","?","$","R","E","M","T","R","?","M","?","E","R","B",null,"M","M","?","?","$","R","E","M","T","R","M","M","R","M","R","B",null,"M","$","?","?","M","R","M","?","T","R","M","M","$","T","R","B"],"character_chosen":"IRONCLAD","items_purchased":["Flex","Rupture","Blue Candle","Offering","Apotheosis"],"gold_per_floor":[114,114,68,68,34,34,65,79,155,155,105,125,200,227,227,327,327,340,358,358,358,26,26,52,68,91,91,109,122,122,141,141,244,244,264,2,2,2,12,12,23,23,323,323,335,346,23,23,23,23],"floor_reached":51,"campfire_rested":9,"playtime":2542,"current_hp_per_floor":[60,60,60,53,53,77,40,40,40,64,64,66,55,32,56,16,64,66,42,42,42,42,66,33,21,21,45,43,31,55,43,67,45,59,30,30,64,64,55,55,29,19,19,38,29,18,18,18,37,11],"items_purged":["Defend_R","Defend_R","Defend_R"],"gold":23,"play_id":"93b1faae-395b-469d-a984-cfbfd4889ef1","is_prod":false,"is_daily":false,"is_ascension_mode":true,"campfire_upgraded":1,"path_taken":["M","?","$","?","$","R","E","M","T","R","?","M","?","E","R","BOSS","M","M","?","?","?","R","E","M","T","R","M","M","R","M","R","BOSS","M","$","?","?","M","R","M","?","T","R","M","M","$","?","R","BOSS"],"build_version":"2018-02-01-PROD3","purchased_purges":4,"victory":true,"master_deck":["Strike_R","Strike_R+1","Strike_R+1","Bash","Offering+1","Pummel","Flex","Rupture","Heavy Blade+1","Spot Weakness","Flex","Combust+1","Offering","Thunderclap+1","Inflame+1","Madness","Madness","Apotheosis"],"max_hp_per_floor":[80,80,80,80,80,80,80,80,80,80,80,80,80,80,80,80,80,80,80,80,80,80,80,80,80,80,80,80,80,80,80,80,80,64,64,64,64,64,64,64,64,64,64,64,64,64,64,64,64,64],"relics":["Burning Blood","Sundial","Juzu Bracelet","Molten Egg 2","Frozen Egg 2","Mercury Hourglass","Orrery","Blue Candle","Vajra","Whetstone","Runic Cube","Old Coin","Red Skull"],"card_choices":[{"not_picked":["Impervious","Havoc"],"picked":"Pummel"},{"not_picked":["Immolate","Headbutt"],"picked":"Heavy Blade"},{"not_picked":["Iron Wave","Armaments"],"picked":"Spot Weakness"},{"not_picked":["Ghostly Armor","Power Through"],"picked":"Flex"},{"not_picked":["Thunderclap","Clothesline"],"picked":"Combust"},{"not_picked":["Second Wind","Havoc"],"picked":"Inflame"}],"player_experience":337451,"potions_floor_usage":[46,46,50],"damage_taken":[{"damage":18.0,"enemies":"Blue Slaver","floor":1.0,"turns":4.0},{"damage":43.0,"enemies":"3 Sentries","floor":7.0,"turns":10.0},{"damage":6.0,"enemies":"Jaw Worm","floor":8.0,"turns":2.0},{"damage":4.0,"enemies":"Small Slimes","floor":12.0,"turns":3.0},{"damage":29.0,"enemies":"Lagavulin","floor":14.0,"turns":5.0},{"damage":46.0,"enemies":"Hexaghost","floor":16.0,"turns":4.0},{"damage":4.0,"enemies":"Chosen","floor":18.0,"turns":3.0},{"damage":30.0,"enemies":"Shell Parasite","floor":19.0,"turns":3.0},{"damage":39.0,"enemies":"Book of Stabbing","floor":24.0,"turns":3.0},{"damage":18.0,"enemies":"Snake Plant","floor":25.0,"turns":2.0},{"damage":8.0,"enemies":"Centurion and Healer","floor":28.0,"turns":3.0},{"damage":18.0,"enemies":"Chosen and Byrds","floor":29.0,"turns":3.0},{"damage":18.0,"enemies":"3 Cultists","floor":31.0,"turns":3.0},{"damage":28.0,"enemies":"Champ","floor":33.0,"turns":6.0},{"damage":35.0,"enemies":"3 Darklings","floor":35.0,"turns":3.0},{"damage":15.0,"enemies":"Orb Walker","floor":39.0,"turns":2.0},{"damage":32.0,"enemies":"4 Shapes","floor":41.0,"turns":2.0},{"damage":15.0,"enemies":"Maw","floor":45.0,"turns":3.0},{"damage":17,"enemies":"3 Darklings","floor":46,"turns":3},{"damage":32,"enemies":"Donu and Deca","floor":50,"turns":3}],"event_choices":[{"event_name":"Scrap Ooze","player_choice":"success","floor":4.0,"damage_taken":7.0},{"event_name":"The Cleric","player_choice":"Card Removal","floor":11.0,"damage_taken":0.0},{"event_name":"World of Goop","player_choice":"Gather Gold","floor":13.0,"damage_taken":0.0},{"event_name":"The Lab","player_choice":"Got Potions","floor":20.0,"damage_taken":0.0},{"event_name":"Purifier","player_choice":"One Purge","floor":21.0,"damage_taken":0.0},{"event_name":"Wheel of Change","player_choice":"Full Heal","floor":37.0,"damage_taken":0.0},{"event_name":"Transmorgrifier","player_choice":"Transform","floor":38.0,"damage_taken":0.0},{"event_name":"Winding Halls","player_choice":"Embrace Madness","floor":42.0,"damage_taken":0.0}],"boss_relics":[],"potions_floor_spawned":[1,7,14,16,24,25,28,33,39,45],"seed_played":"-3130689997821427138","ascension_level":7,"is_trial":false}