{"path_per_floor":["M","?","M","M","M","R","M","E","T","M","M","R","?","M","R","B",null,"M","M","?","?","?","R"],"character_chosen":"IRONCLAD","items_purchased":[],"gold_per_floor":[115,115,125,140,152,152,171,198,198,210,228,228,228,238,238,317,317,330,343,343,343,258,258],"floor_reached":24,"campfire_rested":3,"playtime":1175,"current_hp_per_floor":[73,72,66,71,61,72,68,32,32,28,30,51,51,50,50,8,56,50,28,28,28,28,49],"items_purged":[],"gold":258,"score":340,"play_id":"215defc7-0eb6-469b-9cb7-55b52dafcd4b","is_prod":false,"is_daily":false,"is_ascension_mode":true,"campfire_upgraded":1,"path_taken":["M","?","M","M","M","R","M","E","T","M","M","R","?","?","R","BOSS","M","M","?","?","?","R","?"],"build_version":"2018-02-15-PROD1","purchased_purges":0,"victory":false,"master_deck":["Bash","Heavy Blade","Flex+1","Double Tap","Limit Break","Clash","Rage","Clash","Sword Boomerang","True Grit","Cleave","Twin Strike","Perfected Strike","Rupture","Spot Weakness"],"max_hp_per_floor":[75,72,72,72,72,72,72,72,72,72,72,72,72,72,72,72,72,72,72,72,72,72,72],"relics":["Burning Blood","Anchor","Happy Flower","Dead Branch","Pandora\u0027s Box","Bag of Marbles"],"card_choices":[{"not_picked":["Feel No Pain","Pommel Strike"],"picked":"Heavy Blade"},{"not_picked":["Sentinel","Clash"],"picked":"Flex"},{"not_picked":["Exhume","Feed"],"picked":"Limit Break"},{"not_picked":["Ghostly Armor","Twin Strike"],"picked":"Spot Weakness"}],"player_experience":433297,"potions_floor_usage":[],"damage_taken":[{"damage":1.0,"enemies":"2 Louse","floor":1.0,"turns":3.0},{"damage":12.0,"enemies":"Small Slimes","floor":3.0,"turns":4.0},{"damage":1.0,"enemies":"Cultist","floor":4.0,"turns":4.0},{"damage":16.0,"enemies":"Lots of Slimes","floor":5.0,"turns":8.0},{"damage":10.0,"enemies":"Exordium Wildlife","floor":7.0,"turns":6.0},{"damage":42.0,"enemies":"3 Sentries","floor":8.0,"turns":12.0},{"damage":10.0,"enemies":"Gremlin Gang","floor":10.0,"turns":5.0},{"damage":4.0,"enemies":"Red Slaver","floor":11.0,"turns":2.0},{"damage":7.0,"enemies":"3 Louse","floor":14.0,"turns":3.0},{"damage":48.0,"enemies":"Hexaghost","floor":16.0,"turns":8.0},{"damage":12.0,"enemies":"2 Thieves","floor":18.0,"turns":3.0},{"damage":28.0,"enemies":"Shell Parasite","floor":19.0,"turns":5.0},{"damage":61,"enemies":"Cultist and Chosen","floor":24,"turns":4}],"event_choices":[{"event_name":"Living Wall","player_choice":"Forget","floor":2.0,"damage_taken":0.0},{"event_name":"Match and Keep!","player_choice":"1 cards matched","floor":13.0,"damage_taken":0.0},{"event_name":"N\u0027loth","player_choice":"Ignored","floor":20.0,"damage_taken":0.0},{"event_name":"Vampires","player_choice":"Ignored","floor":21.0,"damage_taken":0.0},{"event_name":"Addict","player_choice":"Obtained Relic","floor":22.0,"damage_taken":0.0}],"boss_relics":[],"potions_floor_spawned":[5,7,10,11,14,16],"seed_played":"7079374211409394911","killed_by":"Cultist and Chosen","ascension_level":14,"is_trial":false}