{"path_per_floor":["M","?","M","$","M","R","M","R","T","?","M","R","$","M","R","B",null,"M","?","M","M","?","R","M","$","T","$","M","M","R","$","R","B",null,"M","?","?","M","M","R","E","?","T","R","$","R","E","M","R"],"character_chosen":"IRONCLAD","items_purchased":["Lantern","Vajra","Flex","Ancient Tea Set"],"gold_per_floor":[111,111,130,55,73,73,89,89,89,264,278,278,30,46,46,118,118,130,130,140,160,160,160,176,3,50,50,68,85,85,85,85,159,159,171,171,171,184,204,204,236,236,236,236,87,87,118,137,137],"floor_reached":50,"campfire_rested":3,"playtime":1879,"current_hp_per_floor":[65,65,65,65,64,64,64,64,64,64,47,47,47,40,60,8,54,60,48,54,49,73,73,74,74,74,74,58,66,66,66,66,53,69,33,33,65,65,58,58,20,20,20,20,20,39,31,39,58],"items_purged":["Parasite","Doubt"],"gold":137,"score":797,"play_id":"20a911a7-ac77-4417-b416-a448ca33e5fa","is_prod":false,"is_daily":false,"is_ascension_mode":true,"campfire_upgraded":8,"path_taken":["M","?","?","$","M","R","M","R","T","?","M","R","$","M","R","BOSS","M","?","M","M","?","R","M","?","T","?","M","M","R","$","R","BOSS","M","?","?","?","M","R","E","?","T","R","$","R","E","M","R","BOSS"],"build_version":"2018-02-15-PROD1","purchased_purges":2,"victory":false,"master_deck":["Bash+1","Heavy Blade+1","Flex","Whirlwind+1","Shrug It Off","Iron Wave","Pommel Strike","Anger","Flex+1","Cleave","Seeing Red","Ghostly Armor","Flex+1","Flex+1","Double Tap","Burning Pact+1"],"max_hp_per_floor":[72,72,72,69,69,69,69,69,69,69,69,69,69,69,69,69,69,69,74,74,74,74,74,74,74,74,74,74,74,74,74,74,74,74,74,74,65,65,65,65,65,65,65,65,65,65,65,65,65],"relics":["Burning Blood","Ginger","Gambling Chip","Lantern","Pandora\u0027s Box","Vajra","Blood Vial","Sozu","Shovel","Charon\u0027s Ashes","Ancient Tea Set","Paper Frog"],"card_choices":[{"not_picked":["Cleave","Battle Trance"],"picked":"Heavy Blade"},{"not_picked":["Anger","Pummel"],"picked":"Flex"},{"not_picked":["Flame Barrier","Armaments"],"picked":"Flex"},{"not_picked":["Fiend Fire","Reaper"],"picked":"Double Tap"},{"not_picked":["Ghostly Armor","Rupture"],"picked":"Flex"},{"not_picked":["Body Slam","Warcry"],"picked":"Burning Pact"}],"player_experience":410568,"potions_floor_usage":[],"damage_taken":[{"damage":13.0,"enemies":"Jaw Worm","floor":1.0,"turns":4.0},{"damage":6.0,"enemies":"Cultist","floor":3.0,"turns":3.0},{"damage":7.0,"enemies":"2 Louse","floor":5.0,"turns":3.0},{"damage":6.0,"enemies":"2 Fungi Beasts","floor":7.0,"turns":4.0},{"damage":23.0,"enemies":"Large Slime","floor":11.0,"turns":6.0},{"damage":13.0,"enemies":"3 Louse","floor":14.0,"turns":4.0},{"damage":58.0,"enemies":"Hexaghost","floor":16.0,"turns":9.0},{"damage":0.0,"enemies":"3 Byrds","floor":18.0,"turns":2.0},{"damage":0.0,"enemies":"Chosen","floor":20.0,"turns":3.0},{"damage":11.0,"enemies":"Snake Plant","floor":21.0,"turns":3.0},{"damage":0.0,"enemies":"Chosen and Byrds","floor":24.0,"turns":3.0},{"damage":22.0,"enemies":"Centurion and Healer","floor":28.0,"turns":3.0},{"damage":0.0,"enemies":"3 Cultists","floor":29.0,"turns":1.0},{"damage":21.0,"enemies":"Collector","floor":33.0,"turns":4.0},{"damage":44.0,"enemies":"3 Shapes","floor":35.0,"turns":1.0},{"damage":0.0,"enemies":"Orb Walker","floor":38.0,"turns":1.0},{"damage":13.0,"enemies":"Maw","floor":39.0,"turns":5.0},{"damage":46.0,"enemies":"Nemesis","floor":41.0,"turns":5.0},{"damage":16.0,"enemies":"Giant Head","floor":47.0,"turns":4.0},{"damage":0.0,"enemies":"Sphere and 2 Shapes","floor":48.0,"turns":1.0},{"damage":62,"enemies":"Donu and Deca","floor":50,"turns":3}],"event_choices":[{"event_name":"The Lab","player_choice":"Got Potions","floor":2.0,"damage_taken":0.0},{"event_name":"Liars Game","player_choice":"agreed","floor":10.0,"damage_taken":0.0},{"event_name":"Forgotten Altar","player_choice":"Shed Blood","floor":19.0,"damage_taken":0.0},{"event_name":"The Library","player_choice":"Heal","floor":22.0,"damage_taken":0.0},{"event_name":"Tomb of Lord Red Mask","player_choice":"Ignored","floor":36.0,"damage_taken":0.0},{"event_name":"The Moai Head","player_choice":"Heal","floor":37.0,"damage_taken":0.0}],"boss_relics":[],"potions_floor_spawned":[3,7,14,18,24,28,38,47,48],"seed_played":"6495273360794598904","killed_by":"Donu and Deca","ascension_level":13,"is_trial":false}