{"path_per_floor":["M","M","?","$","M","R","M","R","T","R","?","M","M","$","R","B",null,"M","M","?","?","M","$","R","$","T","M","$","M","M"],"character_chosen":"IRONCLAD","items_purchased":["Anchor","Flex"],"gold_per_floor":[217,233,233,3,13,13,24,24,76,76,76,86,100,0,0,74,74,91,108,23,23,39,39,39,39,39,57,32,46,57],"floor_reached":31,"campfire_rested":1,"playtime":1805,"current_hp_per_floor":[60,59,52,52,52,52,58,58,58,58,72,70,72,72,72,7,56,41,35,35,35,46,46,67,67,67,45,45,16,9],"items_purged":["Parasite","Defend_R"],"gold":57,"score":389,"play_id":"8baa5931-3b66-40ab-9b68-9dd935e567bd","is_prod":false,"is_daily":false,"is_ascension_mode":true,"campfire_upgraded":4,"path_taken":["M","M","?","$","M","R","M","R","T","R","?","M","M","$","R","BOSS","M","M","?","?","M","$","R","$","T","M","?","M","M","M"],"build_version":"2018-02-15-PROD1","purchased_purges":3,"victory":false,"master_deck":["Strike_R","Strike_R+1","Strike_R","Strike_R","Strike_R","Defend_R","Defend_R","Defend_R","Bash+1","Flex+1","Inflame+1","Reaper","Flex","Decay","Flex"],"max_hp_per_floor":[75,75,75,72,72,72,72,72,72,72,72,72,72,72,72,72,72,72,72,72,72,72,72,72,72,72,72,72,72,72],"relics":["Burning Blood","Ancient Tea Set","Anchor","Vajra","Cursed Key","Toolbox","Calipers"],"card_choices":[{"not_picked":["Second Wind","Power Through"],"picked":"Flex"},{"not_picked":["Metallicize","Rage"],"picked":"Inflame"},{"not_picked":["Juggernaut","Exhume"],"picked":"Reaper"}],"player_experience":452401,"potions_floor_usage":[16,16,16,22,30],"damage_taken":[{"damage":14.0,"enemies":"Jaw Worm","floor":1.0,"turns":4.0},{"damage":7.0,"enemies":"Small Slimes","floor":2.0,"turns":3.0},{"damage":6.0,"enemies":"Cultist","floor":5.0,"turns":3.0},{"damage":0.0,"enemies":"Large Slime","floor":7.0,"turns":5.0},{"damage":8.0,"enemies":"Lots of Slimes","floor":12.0,"turns":4.0},{"damage":4,"enemies":"Exordium Wildlife","floor":13,"turns":3},{"damage":80,"enemies":"Hexaghost","floor":16,"turns":8},{"damage":21,"enemies":"Shell Parasite","floor":18,"turns":3},{"damage":36,"enemies":"3 Byrds","floor":19,"turns":5},{"damage":13,"enemies":"Snecko","floor":22,"turns":3},{"damage":39,"enemies":"Centurion and Healer","floor":27,"turns":6},{"damage":45,"enemies":"Slaver and Parasite","floor":29,"turns":7},{"damage":33,"enemies":"3 Cultists","floor":30,"turns":5},{"damage":25,"enemies":"Sentry and Sphere","floor":31,"turns":3}],"event_choices":[{"event_name":"Scrap Ooze","player_choice":"success","floor":3.0,"damage_taken":7.0},{"event_name":"Wheel of Change","player_choice":"Full Heal","floor":11.0,"damage_taken":0.0},{"event_name":"Addict","player_choice":"Obtained Relic","floor":20,"damage_taken":0},{"event_name":"The Library","player_choice":"Read","floor":21,"damage_taken":0}],"boss_relics":[{"not_picked":["Runic Pyramid","Astrolabe"],"picked":"Cursed Key"}],"potions_floor_spawned":[2,5,12,13,19,27],"seed_played":"6618099462759760341","killed_by":"Sentry and Sphere","ascension_level":14,"is_trial":false}