{"path_per_floor":["M","?","?","M","M","E","M","R","T","$","?","R","M","?","R","B",null,"M","$","?","?","M","R","?","M","T","M","R","M","$","M","R","B",null,"M","M","$","M","?","R","M","?","T","$","R","?","?","M","R","B"],"character_chosen":"IRONCLAD","items_purchased":["Singing Bowl","Flash of Steel","Reaper","Offering"],"gold_per_floor":[117,117,67,87,103,134,154,154,154,3,67,67,78,78,78,178,178,194,30,30,30,48,48,48,58,82,97,97,117,17,37,37,137,437,454,464,266,285,285,285,298,298,323,10,10,0,0,20,20,20],"floor_reached":51,"campfire_rested":0,"playtime":1619,"current_hp_per_floor":[80,80,80,77,72,70,65,65,65,65,57,57,65,58,58,64,84,80,80,63,63,61,61,61,69,69,75,75,71,71,74,74,38,99,90,94,94,103,103,103,97,97,97,97,97,97,102,105,105,40],"items_purged":["Perfected Strike","Perfected Strike","Decay","Wild Strike"],"gold":20,"score":622,"play_id":"32a5af0c-3568-4d10-80cd-e2904983123e","is_prod":false,"is_daily":false,"is_ascension_mode":false,"campfire_upgraded":9,"path_taken":["M","?","?","?","?","E","M","R","T","$","?","R","M","?","R","BOSS","M","$","?","?","M","R","?","M","T","M","R","?","$","?","R","BOSS","M","M","$","M","?","R","M","?","T","$","R","?","?","M","R","BOSS"],"build_version":"2018-02-12-PROD1","purchased_purges":4,"victory":true,"master_deck":["Bash","Flex+1","Spot Weakness+1","Heavy Blade+1","Flex+1","Double Tap+1","Cleave","Rampage+1","Havoc","Flash of Steel","Battle Trance+1","Offering+1","Flex+1","Reaper","Reaper","Offering+1"],"max_hp_per_floor":[80,80,80,80,80,80,80,80,80,80,82,82,84,84,84,84,84,86,86,91,91,93,93,93,95,95,95,95,97,97,99,99,99,99,99,101,101,103,103,103,103,103,103,103,103,103,103,105,105,105],"relics":["Burning Blood","Happy Flower","Centennial Puzzle","Singing Bowl","Ancient Tea Set","Bag of Preparation","Pandora\u0027s Box","Omamori","Calling Bell","Frozen Egg 2","Orichalcum","Old Coin","Vajra","Red Mask"],"card_choices":[{"not_picked":["Combust","True Grit"],"picked":"Flex"},{"not_picked":["Anger","Blood for Blood"],"picked":"Spot Weakness"},{"not_picked":["Combust","Twin Strike"],"picked":"Heavy Blade"},{"not_picked":["Thunderclap","Clothesline"],"picked":"Flex"},{"not_picked":["Juggernaut","Exhume"],"picked":"Double Tap"},{"not_picked":["Heavy Blade","Spot Weakness"],"picked":"Battle Trance"},{"not_picked":["Feed","Bludgeon"],"picked":"Offering"},{"not_picked":["Headbutt","Sentinel"],"picked":"Flex"},{"not_picked":["Clash","Havoc"],"picked":"Reaper"}],"player_experience":386367,"potions_floor_usage":[33],"damage_taken":[{"damage":5,"enemies":"Small Slimes","floor":1,"turns":4},{"damage":9,"enemies":"Blue Slaver","floor":4,"turns":4},{"damage":11,"enemies":"Jaw Worm","floor":5,"turns":2},{"damage":8,"enemies":"Gremlin Nob","floor":6,"turns":3},{"damage":11,"enemies":"Large Slime","floor":7,"turns":5},{"damage":16,"enemies":"Gremlin Nob","floor":11,"turns":3},{"damage":0,"enemies":"2 Fungi Beasts","floor":13,"turns":2},{"damage":0,"enemies":"Slime Boss","floor":16,"turns":5},{"damage":12,"enemies":"Shell Parasite","floor":18,"turns":2},{"damage":10,"enemies":"2 Thieves","floor":22,"turns":2},{"damage":0,"enemies":"3 Cultists","floor":25,"turns":2},{"damage":0,"enemies":"Snake Plant","floor":27,"turns":2},{"damage":12,"enemies":"Centurion and Healer","floor":29,"turns":2},{"damage":5,"enemies":"Chosen and Byrds","floor":31,"turns":2},{"damage":42,"enemies":"Automaton","floor":33,"turns":6},{"damage":15,"enemies":"3 Shapes","floor":35,"turns":1},{"damage":4,"enemies":"Orb Walker","floor":36,"turns":1},{"damage":19,"enemies":"4 Shapes","floor":38,"turns":1},{"damage":12,"enemies":"3 Darklings","floor":41,"turns":2},{"damage":4,"enemies":"Sphere and 2 Shapes","floor":48,"turns":1},{"damage":75,"enemies":"Awakened One","floor":50,"turns":5}],"event_choices":[{"event_name":"Upgrade Shrine","player_choice":"Upgraded","floor":2,"damage_taken":0},{"event_name":"The Cleric","player_choice":"Card Removal","floor":3,"damage_taken":0},{"event_name":"Dead Adventurer","player_choice":"Searched \u00272\u0027 times","floor":11,"damage_taken":0},{"event_name":"Scrap Ooze","player_choice":"success","floor":14,"damage_taken":7},{"event_name":"Forgotten Altar","player_choice":"Shed Blood","floor":20,"damage_taken":0},{"event_name":"Addict","player_choice":"Ignored","floor":21,"damage_taken":0},{"event_name":"Beggar","player_choice":"Ignored","floor":24,"damage_taken":0},{"event_name":"The Lab","player_choice":"Got Potions","floor":39,"damage_taken":0},{"event_name":"Tomb of Lord Red Mask","player_choice":"Paid","floor":46,"damage_taken":0},{"event_name":"Bonfire Elementals","player_choice":"COMMON","floor":47,"damage_taken":0}],"boss_relics":[{"not_picked":["Ectoplasm","Orrery"],"picked":"Pandora\u0027s Box"},{"not_picked":["Velvet Choker","Philosopher\u0027s Stone"],"picked":"Calling Bell"}],"potions_floor_spawned":[5,6,7,11,27,29,31,38],"seed_played":"1948645320498279443","ascension_level":0,"is_trial":false}