{"path_per_floor":["M","$","M","?","M","R","M","R","T","R","M","M","E","$","R","B",null,"M","M","$","M","?","R","$","M","T","$","R","M","M"],"character_chosen":"IRONCLAD","items_purchased":["Flex","Pommel Strike","Mummified Hand","Inflame"],"gold_per_floor":[113,13,30,30,42,42,57,57,357,357,375,390,423,32,32,105,105,116,132,32,46,46,46,46,63,63,63,63,81,94],"floor_reached":31,"campfire_rested":3,"playtime":972,"current_hp_per_floor":[74,74,75,72,71,71,70,70,70,70,61,41,12,12,33,34,63,69,49,49,31,15,36,36,32,32,32,53,47,11],"items_purged":["Strike_R","Feel No Pain"],"gold":94,"score":406,"play_id":"b5992453-7911-4aa1-b832-08585cf6ad43","is_prod":false,"is_daily":false,"is_ascension_mode":true,"campfire_upgraded":3,"path_taken":["M","$","M","?","M","R","M","R","T","R","M","M","E","$","R","BOSS","M","M","$","M","?","R","?","M","T","$","R","M","M","M"],"build_version":"2018-02-15-PROD1","purchased_purges":2,"victory":false,"master_deck":["Strike_R","Strike_R","Strike_R","Defend_R","Defend_R","Bash+1","Flex+1","Pommel Strike+1","Inflame","Inflame","Double Tap","Sever Soul+1","Flex+1"],"max_hp_per_floor":[75,75,75,72,72,72,72,72,72,72,72,72,72,72,72,72,72,72,72,72,72,72,72,72,72,72,72,72,72,72],"relics":["Burning Blood","Pen Nib","Old Coin","Dream Catcher","Mummified Hand","Astrolabe","Enchiridion","Peace Pipe"],"card_choices":[{"not_picked":["Dual Wield","Flame Barrier"],"picked":"Inflame"},{"not_picked":["Exhume","Demon Form"],"picked":"Double Tap"}],"player_experience":448468,"potions_floor_usage":[],"damage_taken":[{"damage":0.0,"enemies":"Small Slimes","floor":1.0,"turns":3.0},{"damage":0.0,"enemies":"Cultist","floor":3.0,"turns":2.0},{"damage":7.0,"enemies":"Jaw Worm","floor":5.0,"turns":2.0},{"damage":7.0,"enemies":"3 Louse","floor":7.0,"turns":4.0},{"damage":15.0,"enemies":"Gremlin Gang","floor":11.0,"turns":4.0},{"damage":26.0,"enemies":"Blue Slaver","floor":12.0,"turns":3.0},{"damage":35.0,"enemies":"3 Sentries","floor":13.0,"turns":8.0},{"damage":5.0,"enemies":"Slime Boss","floor":16.0,"turns":5.0},{"damage":0.0,"enemies":"Spheric Guardian","floor":18.0,"turns":2.0},{"damage":26.0,"enemies":"Shell Parasite","floor":19.0,"turns":3.0},{"damage":24.0,"enemies":"Snake Plant","floor":21.0,"turns":3.0},{"damage":10.0,"enemies":"Snecko","floor":25.0,"turns":3.0},{"damage":12.0,"enemies":"Centurion and Healer","floor":29.0,"turns":3.0},{"damage":42.0,"enemies":"Slaver and Parasite","floor":30.0,"turns":4.0},{"damage":18,"enemies":"Snecko","floor":31,"turns":2}],"event_choices":[{"event_name":"Fountain of Cleansing","player_choice":"Removed Curse","floor":4.0,"damage_taken":0.0},{"event_name":"Cursed Tome","player_choice":"Obtained Book","floor":22.0,"damage_taken":0.0}],"boss_relics":[],"potions_floor_spawned":[1,3,7,11,18,25,29],"seed_played":"8275547725969615852","killed_by":"Snecko","ascension_level":14,"is_trial":false}