{"path_per_floor":["M","?","M","?","$","E","R","T","T","$","M","M","R","?","R","B",null,"M","M"],"character_chosen":"IRONCLAD","items_purchased":["Block Potion","Fire Potion","Singing Bowl"],"gold_per_floor":[113,113,131,131,31,64,64,145,145,0,15,35,35,35,35,139,139,128,143],"floor_reached":20,"campfire_rested":2,"playtime":801,"current_hp_per_floor":[71,71,55,55,55,16,39,39,39,39,37,33,56,56,56,15,63,37,13],"items_purged":[],"gold":143,"score":275,"play_id":"ab1778a2-21fb-4cdd-9e2c-97bd74493dc0","is_prod":false,"is_daily":false,"is_ascension_mode":true,"campfire_upgraded":1,"path_taken":["M","?","?","?","$","E","R","?","T","$","M","M","R","?","R","BOSS","M","?","?"],"build_version":"2018-02-08-PROD1","purchased_purges":3,"victory":false,"master_deck":["Strike_R","Strike_R","Strike_R","Strike_R","Strike_R","Defend_R","Defend_R","Defend_R","Defend_R","Bash","Juggernaut","Body Slam+1","Flame Barrier","Feed","Shrug It Off"],"max_hp_per_floor":[80,80,80,77,77,77,77,77,77,77,79,79,79,79,79,79,79,82,84],"relics":["Burning Blood","Paper Frog","Shuriken","Dead Branch","Singing Bowl","Runic Pyramid"],"card_choices":[{"not_picked":["Anger","Warcry"],"picked":"Body Slam"},{"not_picked":["Wild Strike","Warcry"],"picked":"Flame Barrier"},{"not_picked":["Exhume","Demon Form"],"picked":"Feed"},{"not_picked":["Disarm","Dual Wield"],"picked":"Shrug It Off"}],"player_experience":368321,"potions_floor_usage":[12,16,19,20],"damage_taken":[{"damage":7.0,"enemies":"Small Slimes","floor":1.0,"turns":4.0},{"damage":22.0,"enemies":"Blue Slaver","floor":3.0,"turns":5.0},{"damage":45.0,"enemies":"Lagavulin","floor":6.0,"turns":8.0},{"damage":10.0,"enemies":"2 Louse","floor":11.0,"turns":4.0},{"damage":10,"enemies":"Lots of Slimes","floor":12,"turns":5},{"damage":47,"enemies":"Slime Boss","floor":16,"turns":10},{"damage":35,"enemies":"2 Thieves","floor":18,"turns":5},{"damage":44,"enemies":"Spheric Guardian","floor":19,"turns":9},{"damage":14,"enemies":"Centurion and Healer","floor":20,"turns":4}],"event_choices":[{"event_name":"Match and Keep!","player_choice":"1 cards matched","floor":2.0,"damage_taken":0.0},{"event_name":"Purifier","player_choice":"One Purge","floor":4.0,"damage_taken":0.0},{"event_name":"The Cleric","player_choice":"Leave","floor":14,"damage_taken":0}],"boss_relics":[{"not_picked":["Ectoplasm","Lizard Tail"],"picked":"Runic Pyramid"}],"potions_floor_spawned":[3,11,12,18,19],"seed_played":"2740312219792317188","killed_by":"Centurion and Healer","ascension_level":12,"is_trial":false}