{"path_per_floor":["M","?","?","?","M","R","M","E","T","?","E","$","R","M","R","B",null,"M","?","M","?","?","E","R","$","T","M","M","?","M","M","R","B",null,"M","M","?","M","M","R","M","R","T","$","E","?","M","$","R","B"],"character_chosen":"IRONCLAD","items_purchased":["Meat on the Bone","Vajra","Bottled Lightning"],"gold_per_floor":[119,69,69,244,263,263,281,316,316,274,308,54,54,70,70,165,165,177,177,188,188,188,223,223,5,5,23,43,43,60,74,74,170,200,215,233,233,252,268,268,285,285,312,73,101,101,118,18,18,18],"floor_reached":51,"campfire_rested":2,"playtime":1926,"current_hp_per_floor":[73,73,73,73,69,69,63,31,31,31,11,11,35,47,47,34,69,67,51,56,56,56,21,45,45,45,41,69,69,58,75,75,76,84,82,85,85,84,81,81,85,85,85,85,85,85,85,85,85,43],"items_purged":["Strike_R","Defend_R"],"gold":18,"score":811,"play_id":"9a1a51cd-985e-404e-97a6-45863cbb8e2c","is_prod":false,"is_daily":false,"is_ascension_mode":true,"campfire_upgraded":6,"path_taken":["M","?","?","?","?","R","M","E","T","?","E","$","R","?","R","BOSS","M","?","M","?","?","E","R","?","T","M","?","?","?","M","R","BOSS","M","?","?","M","?","R","M","R","T","?","E","?","M","$","R","BOSS"],"build_version":"2018-02-08-PROD1","purchased_purges":2,"victory":true,"master_deck":["Strike_R+1","Strike_R+1","Defend_R","Defend_R","Defend_R","Bash+1","Flex+1","Flex+1","Heavy Blade+1","Double Tap+1","Flex+1","Reaper+1","Reaper","Offering+1","Inflame+1","Flex"],"max_hp_per_floor":[80,80,80,80,80,80,80,80,80,80,80,80,80,80,80,80,80,80,80,80,80,80,80,80,80,80,80,80,80,80,80,80,80,85,85,85,85,85,85,85,85,85,85,85,85,85,85,85,85,85],"relics":["Burning Blood","Omamori","Art of War","Thread and Needle","Bronze Scales","Meat on the Bone","Philosopher\u0027s Stone","Necronomicon","Frozen Egg 2","Vajra","Paper Frog","Tiny House","Whetstone","Bottled Lightning","Red Skull"],"card_choices":[{"not_picked":["Seeing Red","Havoc"],"picked":"Flex"},{"not_picked":["Wild Strike","Rampage"],"picked":"Flex"},{"not_picked":["Armaments","Rupture"],"picked":"Heavy Blade"},{"not_picked":["Demon Form","Juggernaut"],"picked":"Double Tap"},{"not_picked":["Rupture","Flex"],"picked":"Reaper"},{"not_picked":["Demon Form","Brutality"],"picked":"Offering"},{"not_picked":["Reckless Charge","True Grit"],"picked":"Inflame"},{"not_picked":["Disarm","Headbutt"],"picked":"Flex"}],"player_experience":342242,"potions_floor_usage":[16,18,33,41,50,50],"damage_taken":[{"damage":5,"enemies":"Cultist","floor":1,"turns":4},{"damage":10,"enemies":"Small Slimes","floor":5,"turns":4},{"damage":12,"enemies":"Jaw Worm","floor":7,"turns":2},{"damage":38,"enemies":"3 Sentries","floor":8,"turns":10},{"damage":26,"enemies":"Lagavulin","floor":11,"turns":6},{"damage":6,"enemies":"Gremlin Gang","floor":14,"turns":4},{"damage":31,"enemies":"Slime Boss","floor":16,"turns":9},{"damage":8,"enemies":"Spheric Guardian","floor":18,"turns":3},{"damage":13,"enemies":"Shell Parasite","floor":20,"turns":4},{"damage":53,"enemies":"Slavers","floor":23,"turns":5},{"damage":40,"enemies":"Sentry and Sphere","floor":27,"turns":6},{"damage":4,"enemies":"Chosen and Byrds","floor":28,"turns":4},{"damage":49,"enemies":"Slaver and Parasite","floor":30,"turns":5},{"damage":11,"enemies":"Centurion and Healer","floor":31,"turns":3},{"damage":54,"enemies":"Collector","floor":33,"turns":8},{"damage":8,"enemies":"Orb Walker","floor":35,"turns":2},{"damage":27,"enemies":"3 Shapes","floor":36,"turns":5},{"damage":51,"enemies":"Sphere and 2 Shapes","floor":38,"turns":3},{"damage":35,"enemies":"Maw","floor":39,"turns":5},{"damage":4,"enemies":"3 Darklings","floor":41,"turns":3},{"damage":4,"enemies":"Nemesis","floor":45,"turns":1},{"damage":24,"enemies":"4 Shapes","floor":47,"turns":3},{"damage":107,"enemies":"Awakened One","floor":50,"turns":7}],"event_choices":[{"event_name":"The Cleric","player_choice":"Card Removal","floor":2,"damage_taken":0},{"event_name":"Upgrade Shrine","player_choice":"Upgraded","floor":3,"damage_taken":0},{"event_name":"Liars Game","player_choice":"agreed","floor":4,"damage_taken":0},{"event_name":"World of Goop","player_choice":"Left","floor":10,"damage_taken":0},{"event_name":"Cursed Tome","player_choice":"Obtained Book","floor":19,"damage_taken":0},{"event_name":"Back to Basics","player_choice":"Elegance","floor":21,"damage_taken":0},{"event_name":"The Library","player_choice":"Read","floor":22,"damage_taken":0},{"event_name":"Duplicator","player_choice":"One dupe","floor":29,"damage_taken":0},{"event_name":"Upgrade Shrine","player_choice":"Upgraded","floor":37,"damage_taken":0},{"event_name":"The Woman in Blue","player_choice":"Bought 0 Potions","floor":46,"damage_taken":0}],"boss_relics":[{"not_picked":["Mark of Pain","Runic Dome"],"picked":"Philosopher\u0027s Stone"},{"not_picked":["Question Card","Astrolabe"],"picked":"Tiny House"}],"potions_floor_spawned":[11,14,23,27,30,35,39],"seed_played":"297502554005240191","ascension_level":8,"is_trial":false}