{"path_per_floor":["M","?","$","?","M","R","E","R","T","M","R","M","M","M","R","B",null,"M","M","$","M","M","R","M","R","T","?","?","M","M","?","R","B",null,"M","M","?","$","?","E","R","M","T","R","M","M","E","M","R","B"],"character_chosen":"IRONCLAD","items_purchased":["Heavy Blade","Orichalcum","Vajra","Inflame"],"gold_per_floor":[119,119,67,142,152,152,177,177,203,223,223,243,261,275,275,377,377,392,410,188,204,217,217,227,227,275,275,190,205,216,216,216,316,316,333,343,343,13,0,33,33,44,101,101,113,129,164,180,180,180],"floor_reached":51,"campfire_rested":5,"playtime":2344,"current_hp_per_floor":[71,56,56,45,45,68,52,52,52,58,58,61,67,68,68,7,60,61,50,50,68,46,46,39,77,77,77,87,82,59,59,87,11,68,65,76,76,76,76,45,45,25,25,66,50,60,37,57,87,31],"items_purged":["Defend_R","Defend_R"],"gold":180,"score":884,"play_id":"da2461b5-4139-4f2a-b407-190037499a28","is_prod":false,"is_daily":false,"is_ascension_mode":true,"campfire_upgraded":5,"path_taken":["M","?","$","?","?","R","E","R","T","M","R","M","M","M","R","BOSS","M","?","$","M","M","R","M","R","T","?","?","M","M","?","R","BOSS","M","M","?","$","?","E","R","M","T","R","?","M","E","M","R","BOSS"],"build_version":"2018-02-08-PROD1","purchased_purges":2,"victory":true,"master_deck":["Strike_R+1","Strike_R","Strike_R","Strike_R","Strike_R","Defend_R+1","Bash+1","Spot Weakness+1","Heavy Blade+1","Whirlwind+1","Reaper","Spot Weakness","Limit Break+1","Inflame","Inflame","Warcry+1","Ghostly Armor"],"max_hp_per_floor":[77,77,77,77,77,77,77,77,77,77,77,77,77,77,77,77,77,77,77,77,77,77,77,77,77,77,77,87,87,87,87,87,87,87,87,87,87,87,87,87,87,87,87,87,87,87,87,87,87,87],"relics":["Black Blood","Ancient Tea Set","Regal Pillow","Orichalcum","Happy Flower","Pear","Mark of Pain","Vajra","Red Mask","Toolbox","Tiny Chest","Blood Vial"],"card_choices":[{"not_picked":["Thunderclap","Second Wind"],"picked":"Spot Weakness"},{"not_picked":["Barricade","Burning Pact"],"picked":"Whirlwind"},{"not_picked":["Demon Form","Impervious"],"picked":"Reaper"},{"not_picked":["Clash","Iron Wave"],"picked":"Spot Weakness"},{"not_picked":["Demon Form","Fiend Fire"],"picked":"Limit Break"},{"not_picked":["Headbutt","Perfected Strike"],"picked":"Inflame"},{"not_picked":["Fire Breathing","Immolate"],"picked":"Warcry"},{"not_picked":["Headbutt","Shrug It Off"],"picked":"Ghostly Armor"}],"player_experience":358052,"potions_floor_usage":[50,50,50],"damage_taken":[{"damage":7.0,"enemies":"Jaw Worm","floor":1.0,"turns":3.0},{"damage":6.0,"enemies":"2 Louse","floor":5.0,"turns":3.0},{"damage":22.0,"enemies":"3 Sentries","floor":7.0,"turns":5.0},{"damage":0.0,"enemies":"Blue Slaver","floor":10.0,"turns":1.0},{"damage":3.0,"enemies":"Looter","floor":12.0,"turns":2.0},{"damage":0.0,"enemies":"Large Slime","floor":13.0,"turns":4.0},{"damage":5.0,"enemies":"Gremlin Gang","floor":14.0,"turns":2.0},{"damage":67.0,"enemies":"Hexaghost","floor":16.0,"turns":9.0},{"damage":12.0,"enemies":"3 Byrds","floor":18.0,"turns":7.0},{"damage":21.0,"enemies":"Spheric Guardian","floor":19.0,"turns":5.0},{"damage":12.0,"enemies":"Cultist and Chosen","floor":21.0,"turns":5.0},{"damage":35.0,"enemies":"Sentry and Sphere","floor":22.0,"turns":5.0},{"damage":17.0,"enemies":"Snake Plant","floor":24.0,"turns":4.0},{"damage":15.0,"enemies":"Chosen and Byrds","floor":29.0,"turns":5.0},{"damage":43.0,"enemies":"Centurion and Healer","floor":30.0,"turns":7.0},{"damage":108.0,"enemies":"Automaton","floor":33.0,"turns":9.0},{"damage":49.0,"enemies":"3 Darklings","floor":35.0,"turns":5.0},{"damage":16.0,"enemies":"3 Shapes","floor":36.0,"turns":2.0},{"damage":60.0,"enemies":"Nemesis","floor":40.0,"turns":6.0},{"damage":30.0,"enemies":"Sphere and 2 Shapes","floor":42.0,"turns":3.0},{"damage":30.0,"enemies":"4 Shapes","floor":45.0,"turns":2.0},{"damage":28.0,"enemies":"Maw","floor":46.0,"turns":5.0},{"damage":33.0,"enemies":"2 Orb Walkers","floor":47.0,"turns":4.0},{"damage":42.0,"enemies":"Sphere and 2 Shapes","floor":48.0,"turns":6.0},{"damage":124,"enemies":"Awakened One","floor":50,"turns":9}],"event_choices":[{"event_name":"Shining Light","player_choice":"Entered Light","floor":2.0,"damage_taken":0.0},{"event_name":"World of Goop","player_choice":"Gather Gold","floor":4.0,"damage_taken":0.0},{"event_name":"Wheel of Change","player_choice":"Full Heal","floor":27.0,"damage_taken":0.0},{"event_name":"Addict","player_choice":"Obtained Relic","floor":28.0,"damage_taken":0.0},{"event_name":"Back to Basics","player_choice":"Elegance","floor":31.0,"damage_taken":0.0},{"event_name":"Mysterious Sphere","player_choice":"Ignore","floor":37.0,"damage_taken":0.0},{"event_name":"Tomb of Lord Red Mask","player_choice":"Paid","floor":39.0,"damage_taken":0.0}],"boss_relics":[],"potions_floor_spawned":[1,12,13,18,22,30,35,46,48],"seed_played":"-3447081015204750241","ascension_level":11,"is_trial":false}