{"path_per_floor":["M","?","M","M","$","E","?","M","T","M","M","R","M","E","R","B",null,"M","?","?","$","M","E","M","E","T","R","?","?","T","E","R","B",null,"M","?","$","?","M","R","M","M","T","R","M","E","R","$","R","B"],"character_chosen":"IRONCLAD","items_purchased":["Lantern","Double Tap","Warcry","Offering"],"gold_per_floor":[113,113,131,147,72,106,136,147,147,162,172,172,188,223,223,328,328,348,348,348,36,52,81,95,130,183,183,183,183,207,238,238,334,334,352,352,207,259,269,269,285,304,304,304,314,370,370,102,102,102],"floor_reached":51,"campfire_rested":2,"playtime":2802,"current_hp_per_floor":[66,63,55,61,61,16,16,13,13,9,15,39,35,28,52,14,64,80,80,80,80,80,29,35,59,59,59,59,59,59,80,80,80,80,73,73,73,72,80,80,60,75,75,75,72,80,80,80,80,80],"items_purged":["Defend_R","Sentinel","Strike_R"],"gold":102,"play_id":"51143c28-96ea-43b9-82e1-06b9b60ebd0c","is_prod":false,"is_daily":false,"is_ascension_mode":true,"campfire_upgraded":2,"path_taken":["M","?","M","M","$","E","?","?","T","?","M","R","M","E","R","BOSS","M","?","?","$","?","E","M","E","T","R","?","?","?","E","R","BOSS","M","?","$","?","M","R","M","M","T","R","M","E","R","$","R","BOSS"],"build_version":"2018-02-01-PROD3","purchased_purges":4,"victory":true,"master_deck":["Flex+1","Flex+1","Heavy Blade+1","Pummel","Reaper","Flex+1","Infernal Blade+1","Whirlwind+1","Double Tap","Flex+1","Inflame","Battle Trance","Flex","Warcry","Offering"],"max_hp_per_floor":[80,80,80,80,80,80,80,80,80,80,80,80,80,80,80,80,80,80,80,80,80,80,80,80,80,80,80,80,80,80,80,80,80,80,80,80,80,80,80,80,80,80,80,80,80,80,80,80,80,80],"relics":["Black Blood","Prayer Wheel","Bag of Preparation","Gambling Chip","Red Skull","Unceasing Top","Astrolabe","Lantern","Darkstone Periapt","Bottled Lightning","Ancient Tea Set","Pen Nib","Champion Belt","Peace Pipe","Dead Branch","Tiny Chest"],"card_choices":[{"not_picked":["Warcry","Dropkick"],"picked":"Flex"},{"not_picked":["Wild Strike","Searing Blow"],"picked":"Flex"},{"not_picked":["Cleave","Dual Wield"],"picked":"Heavy Blade"},{"not_picked":["Headbutt","Anger"],"picked":"Reckless Charge"},{"not_picked":["Evolve","Rampage"],"picked":"Pummel"},{"not_picked":["Immolate","Berserk"],"picked":"Reaper"},{"not_picked":["Burning Pact","Flame Barrier"],"picked":"Flex"},{"not_picked":["Sword Boomerang","Barricade"],"picked":"Inflame"},{"not_picked":["Thunderclap","Disarm"],"picked":"Battle Trance"},{"not_picked":["Pommel Strike","Cleave"],"picked":"Flex"}],"player_experience":324135,"potions_floor_usage":[41,50,50],"damage_taken":[{"damage":12.0,"enemies":"Jaw Worm","floor":1.0,"turns":2.0},{"damage":14.0,"enemies":"Blue Slaver","floor":3.0,"turns":4.0},{"damage":0.0,"enemies":"2 Louse","floor":4.0,"turns":2.0},{"damage":51.0,"enemies":"Lagavulin","floor":6.0,"turns":6.0},{"damage":9.0,"enemies":"Exordium Wildlife","floor":8.0,"turns":4.0},{"damage":10.0,"enemies":"Gremlin Gang","floor":10.0,"turns":3.0},{"damage":0.0,"enemies":"Looter","floor":11.0,"turns":1.0},{"damage":10.0,"enemies":"Red Slaver","floor":13.0,"turns":2.0},{"damage":13.0,"enemies":"3 Sentries","floor":14.0,"turns":5.0},{"damage":44.0,"enemies":"Hexaghost","floor":16.0,"turns":8.0},{"damage":0.0,"enemies":"Chosen","floor":18.0,"turns":1.0},{"damage":3.0,"enemies":"3 Byrds","floor":22.0,"turns":3.0},{"damage":57.0,"enemies":"Book of Stabbing","floor":23.0,"turns":4.0},{"damage":0.0,"enemies":"Cultist and Chosen","floor":24.0,"turns":1.0},{"damage":27.0,"enemies":"Slavers","floor":25.0,"turns":3.0},{"damage":0.0,"enemies":"Gremlin Leader","floor":31.0,"turns":2.0},{"damage":0.0,"enemies":"Champ","floor":33.0,"turns":3.0},{"damage":21.0,"enemies":"3 Shapes","floor":35.0,"turns":2.0},{"damage":11.0,"enemies":"Mysterious Sphere","floor":38.0,"turns":2.0},{"damage":0.0,"enemies":"3 Darklings","floor":39.0,"turns":1.0},{"damage":30,"enemies":"Maw","floor":41,"turns":4},{"damage":16,"enemies":"4 Shapes","floor":42,"turns":1},{"damage":22,"enemies":"Sphere and 2 Shapes","floor":45,"turns":2},{"damage":5,"enemies":"Giant Head","floor":46,"turns":4},{"damage":4,"enemies":"Donu and Deca","floor":50,"turns":1}],"event_choices":[{"event_name":"Scrap Ooze","player_choice":"success","floor":2.0,"damage_taken":3.0},{"event_name":"Dead Adventurer","player_choice":"Searched \u00272\u0027 times","floor":7.0,"damage_taken":0.0},{"event_name":"Upgrade Shrine","player_choice":"Upgraded","floor":19.0,"damage_taken":0.0},{"event_name":"The Library","player_choice":"Read","floor":20.0,"damage_taken":0.0},{"event_name":"Upgrade Shrine","player_choice":"Upgraded","floor":28.0,"damage_taken":0.0},{"event_name":"Back to Basics","player_choice":"Elegance","floor":29.0,"damage_taken":0.0},{"event_name":"Mysterious Sphere","player_choice":"Fight","floor":38.0,"damage_taken":0.0}],"boss_relics":[],"potions_floor_spawned":[6,8,10,16,23,24,25,33,38,39,42,46],"seed_played":"-5344143149996991374","ascension_level":6,"is_trial":false}