{"path_per_floor":["M","M","?","M","M","R","M","R","T","R","M","?","M","M","R","B",null,"M","$","M","$"],"character_chosen":"IRONCLAD","items_purchased":["Whirlwind","Bottled Tornado"],"gold_per_floor":[109,127,127,137,150,150,167,167,167,167,186,186,209,233,233,352,352,372,263,243,0],"floor_reached":22,"campfire_rested":2,"playtime":1275,"current_hp_per_floor":[43,31,31,34,35,59,65,65,65,65,66,46,39,31,55,16,80,65,65,63,63],"items_purged":["Strike_R"],"gold":0,"score":180,"play_id":"31f0177c-ca37-41fc-8adc-2d9298ead9db","is_prod":false,"is_daily":false,"is_ascension_mode":false,"campfire_upgraded":2,"path_taken":["M","M","?","?","M","R","M","R","T","R","M","?","?","M","R","BOSS","M","$","M","$","M"],"build_version":"2018-02-12-PROD1","purchased_purges":1,"victory":false,"master_deck":["Strike_R","Strike_R","Strike_R","Defend_R","Defend_R","Defend_R","Bash+1","Metallicize+1","Body Slam","Inflame","Impervious","Flame Barrier","Iron Wave","Impervious","Shrug It Off+1","Whirlwind","Metallicize"],"max_hp_per_floor":[80,80,80,80,80,80,80,80,80,80,80,80,80,80,80,80,80,80,80,80,80],"relics":["Burning Blood","Ancient Tea Set","Golden Idol","Orrery","Bottled Tornado"],"card_choices":[{"not_picked":["Evolve","Body Slam"],"picked":"Metallicize"},{"not_picked":["Heavy Blade","Shockwave"],"picked":"Body Slam"},{"not_picked":["Wild Strike","Infernal Blade"],"picked":"Inflame"},{"not_picked":["Juggernaut","Offering"],"picked":"Impervious"},{"not_picked":["Twin Strike","Anger"],"picked":"Flame Barrier"},{"not_picked":["Carnage","Wild Strike"],"picked":"Iron Wave"},{"not_picked":["Cleave","True Grit"],"picked":"Impervious"},{"not_picked":["Pommel Strike","Headbutt"],"picked":"Shrug It Off"},{"not_picked":["Infernal Blade","Cleave"],"picked":"Metallicize"}],"player_experience":387986,"potions_floor_usage":[16,16,16],"damage_taken":[{"damage":3,"enemies":"2 Louse","floor":1,"turns":4},{"damage":18,"enemies":"Blue Slaver","floor":2,"turns":5},{"damage":3,"enemies":"Jaw Worm","floor":4,"turns":5},{"damage":5,"enemies":"Gremlin Gang","floor":5,"turns":7},{"damage":0,"enemies":"Large Slime","floor":7,"turns":7},{"damage":5,"enemies":"Looter","floor":11,"turns":3},{"damage":13,"enemies":"Red Slaver","floor":13,"turns":6},{"damage":14,"enemies":"Exordium Wildlife","floor":14,"turns":7},{"damage":45,"enemies":"Slime Boss","floor":16,"turns":10},{"damage":21,"enemies":"Spheric Guardian","floor":18,"turns":10},{"damage":8,"enemies":"2 Thieves","floor":20,"turns":5},{"damage":63,"enemies":"Cultist and Chosen","floor":22,"turns":9}],"event_choices":[{"event_name":"The Woman in Blue","player_choice":"Bought 0 Potions","floor":3,"damage_taken":0},{"event_name":"Golden Idol","player_choice":"Take Damage","floor":12,"damage_taken":0}],"boss_relics":[{"not_picked":["Ectoplasm","Black Star"],"picked":"Orrery"}],"potions_floor_spawned":[1,11,13,14,18],"seed_played":"9164428751266992150","killed_by":"Cultist and Chosen","ascension_level":0,"is_trial":false}