{"path_per_floor":["M","?","?","M","?","R","E","M","T","R","M","M","?","M","R","B",null,"M","$","?","M","?","R","M","?","T","M","?","$","R","M","R"],"character_chosen":"IRONCLAD","items_purchased":["Self Forming Clay","Double Tap"],"gold_per_floor":[13,13,13,32,207,207,238,251,277,277,288,303,303,321,321,425,425,408,72,72,84,84,84,96,96,142,154,154,16,16,32,32],"floor_reached":33,"campfire_rested":6,"playtime":1136,"current_hp_per_floor":[69,69,62,51,51,75,30,38,38,62,37,39,23,29,53,22,66,52,52,37,37,37,62,46,46,46,34,34,34,59,54,79],"items_purged":["Doubt"],"gold":32,"score":395,"play_id":"16a826b2-95ec-4a02-8b87-dd80959110a9","is_prod":false,"is_daily":false,"is_ascension_mode":true,"campfire_upgraded":0,"path_taken":["M","?","?","?","?","R","E","M","T","R","M","M","?","M","R","BOSS","M","$","?","M","?","R","M","?","T","M","?","?","R","?","R","BOSS"],"build_version":"2018-02-08-PROD1","purchased_purges":1,"victory":false,"master_deck":["Strike_R","Strike_R","Strike_R","Strike_R","Strike_R","Defend_R+1","Defend_R","Defend_R+1","Defend_R","Bash","Parasite","Inflame","Offering","Offering","Warcry+1","Flex","Double Tap"],"max_hp_per_floor":[80,80,80,80,80,80,80,80,80,80,80,80,80,80,80,80,80,80,80,85,85,85,85,85,85,85,85,85,85,85,85,85],"relics":["Burning Blood","Red Skull","Ancient Tea Set","Magic Flower","Blood Vial","Sozu","Self Forming Clay","Frozen Egg 2","Oddly Smooth Stone"],"card_choices":[{"not_picked":["Body Slam","Limit Break"],"picked":"Inflame"},{"not_picked":["Reaper","Dark Embrace"],"picked":"Offering"},{"not_picked":["Barricade","Havoc"],"picked":"Warcry"}],"player_experience":360396,"potions_floor_usage":[],"damage_taken":[{"damage":9.0,"enemies":"Small Slimes","floor":1.0,"turns":4.0},{"damage":17.0,"enemies":"Blue Slaver","floor":4.0,"turns":5.0},{"damage":51.0,"enemies":"3 Sentries","floor":7.0,"turns":13.0},{"damage":1.0,"enemies":"2 Louse","floor":8.0,"turns":3.0},{"damage":37.0,"enemies":"Exordium Thugs","floor":11.0,"turns":9.0},{"damage":10.0,"enemies":"2 Fungi Beasts","floor":12.0,"turns":4.0},{"damage":6.0,"enemies":"Red Slaver","floor":14.0,"turns":4.0},{"damage":43.0,"enemies":"Slime Boss","floor":16.0,"turns":9.0},{"damage":26.0,"enemies":"2 Thieves","floor":18.0,"turns":4.0},{"damage":12.0,"enemies":"3 Byrds","floor":21.0,"turns":5.0},{"damage":28.0,"enemies":"Cultist and Chosen","floor":24.0,"turns":7.0},{"damage":24,"enemies":"Centurion and Healer","floor":27,"turns":5},{"damage":17,"enemies":"Snake Plant","floor":31,"turns":3},{"damage":83,"enemies":"Champ","floor":33,"turns":12}],"event_choices":[{"event_name":"The Cleric","player_choice":"Leave","floor":2.0,"damage_taken":0.0},{"event_name":"Scrap Ooze","player_choice":"success","floor":3.0,"damage_taken":7.0},{"event_name":"Liars Game","player_choice":"agreed","floor":5.0,"damage_taken":0.0},{"event_name":"Shining Light","player_choice":"Entered Light","floor":13.0,"damage_taken":0.0},{"event_name":"Forgotten Altar","player_choice":"Shed Blood","floor":20.0,"damage_taken":0.0},{"event_name":"Duplicator","player_choice":"One dupe","floor":22.0,"damage_taken":0.0},{"event_name":"Accursed Blacksmith","player_choice":"Rummage","floor":25,"damage_taken":0},{"event_name":"The Library","player_choice":"Read","floor":28,"damage_taken":0}],"boss_relics":[],"potions_floor_spawned":[1,7,8,12,18,24],"seed_played":"6138875029945207869","killed_by":"Champ","ascension_level":12,"is_trial":false}