{"path_per_floor":["M","?","?","?","M","R","$","R","T","E","?","M","R","M","R","B",null,"M","M","M","?","M","R","M","$","T","R","M","R","M","?","R","B",null,"M","$","?","?","M","R","M","?","T","R","$","M","$","M","R","B"],"character_chosen":"IRONCLAD","items_purchased":["Master of Strategy","Self Forming Clay","Flex","Lee\u0027s Waffle"],"gold_per_floor":[110,110,110,60,80,80,80,80,80,114,114,135,135,156,156,287,287,306,325,345,270,285,285,300,29,29,29,47,47,66,166,166,287,325,344,104,0,333,343,343,354,354,354,354,112,130,30,50,50,50],"floor_reached":51,"campfire_rested":2,"playtime":2309,"current_hp_per_floor":[73,53,53,53,52,52,52,75,75,37,37,55,55,63,63,46,74,79,79,87,87,53,53,51,51,51,51,43,43,59,59,87,18,84,90,90,90,90,81,81,69,69,69,69,117,92,92,98,98,39],"items_purged":["Strike_R","Defend_R"],"gold":50,"score":880,"play_id":"69b1b4a1-23f3-4634-8e1d-de453ba543c5","is_prod":false,"is_daily":false,"is_ascension_mode":true,"campfire_upgraded":4,"path_taken":["M","?","?","?","?","R","$","R","T","E","?","M","R","M","R","BOSS","M","?","M","?","?","R","M","$","T","R","M","R","M","?","R","BOSS","M","$","?","?","M","R","M","?","T","R","$","M","$","M","R","BOSS"],"build_version":"2018-02-12-PROD1","purchased_purges":5,"victory":true,"master_deck":["Strike_R","Strike_R","Bash+1","Reaper+1","Flex+1","Double Tap","Heavy Blade+1","Master of Strategy","Flex","Inflame"],"max_hp_per_floor":[82,82,79,79,79,79,79,79,79,79,79,81,81,83,83,83,83,83,85,87,87,89,89,91,91,91,91,93,93,95,95,95,97,104,106,106,106,106,108,108,110,110,110,110,117,119,119,119,119,119],"relics":["Burning Blood","Singing Bowl","Toolbox","Thread and Needle","Red Skull","Cursed Key","Peace Pipe","Tiny House","Self Forming Clay","Red Mask","Champion Belt","Lee\u0027s Waffle"],"card_choices":[{"not_picked":["Rupture","Flex"],"picked":"Reaper"},{"not_picked":["Anger","Infernal Blade"],"picked":"Flex"},{"not_picked":["Brutality","Impervious"],"picked":"Double Tap"},{"not_picked":["Shrug It Off","Rupture"],"picked":"Heavy Blade"},{"not_picked":["Reaper","Uppercut"],"picked":"Inflame"}],"player_experience":395217,"potions_floor_usage":[16,24,28,33,50,50,50],"damage_taken":[{"damage":7,"enemies":"2 Louse","floor":1,"turns":4},{"damage":7,"enemies":"Jaw Worm","floor":5,"turns":3},{"damage":58,"enemies":"3 Sentries","floor":10,"turns":10},{"damage":0,"enemies":"Cultist","floor":12,"turns":3},{"damage":0,"enemies":"Large Slime","floor":14,"turns":5},{"damage":59,"enemies":"Slime Boss","floor":16,"turns":14},{"damage":8,"enemies":"Chosen","floor":18,"turns":5},{"damage":12,"enemies":"Shell Parasite","floor":19,"turns":4},{"damage":0,"enemies":"Cultist and Chosen","floor":20,"turns":4},{"damage":42,"enemies":"Centurion and Healer","floor":22,"turns":4},{"damage":10,"enemies":"Snake Plant","floor":24,"turns":2},{"damage":16,"enemies":"Slaver and Parasite","floor":28,"turns":5},{"damage":18,"enemies":"Centurion and Healer","floor":30,"turns":4},{"damage":110,"enemies":"Automaton","floor":33,"turns":10},{"damage":16,"enemies":"Orb Walker","floor":35,"turns":3},{"damage":56,"enemies":"3 Darklings","floor":39,"turns":6},{"damage":26,"enemies":"Sphere and 2 Shapes","floor":41,"turns":5},{"damage":43,"enemies":"Maw","floor":46,"turns":7},{"damage":27,"enemies":"3 Darklings","floor":48,"turns":3},{"damage":90,"enemies":"Donu and Deca","floor":50,"turns":6}],"event_choices":[{"event_name":"Golden Idol","player_choice":"Take Damage","floor":2,"damage_taken":0},{"event_name":"Fountain of Cleansing","player_choice":"Removed Curse","floor":3,"damage_taken":0},{"event_name":"The Cleric","player_choice":"Card Removal","floor":4,"damage_taken":0},{"event_name":"Dead Adventurer","player_choice":"Searched \u00272\u0027 times","floor":11,"damage_taken":0},{"event_name":"Beggar","player_choice":"Gave Gold","floor":21,"damage_taken":0},{"event_name":"Golden Shrine","player_choice":"Pray","floor":31,"damage_taken":0},{"event_name":"Tomb of Lord Red Mask","player_choice":"Paid","floor":37,"damage_taken":0},{"event_name":"The Moai Head","player_choice":"Gave Idol","floor":38,"damage_taken":0},{"event_name":"Mysterious Sphere","player_choice":"Ignore","floor":42,"damage_taken":0}],"boss_relics":[{"not_picked":["Ectoplasm","White Beast Statue"],"picked":"Cursed Key"},{"not_picked":["Orrery","Question Card"],"picked":"Tiny House"}],"potions_floor_spawned":[5,12,14,16,19,24,30,33,39,41],"seed_played":"5795824250733809440","ascension_level":12,"is_trial":false}