{"path_per_floor":["M","?","$","?","M","R","M","E","T","R","T","M","M","?","R","B",null,"M","?","$","M","T","R","M","M","T"],"character_chosen":"IRONCLAD","items_purchased":["Rampage","Regal Pillow"],"gold_per_floor":[114,114,42,42,57,57,70,133,133,133,187,205,218,218,218,290,290,305,305,85,100,100,100,113,123,123],"floor_reached":27,"campfire_rested":3,"playtime":842,"current_hp_per_floor":[67,60,60,45,51,73,72,46,46,46,46,40,38,43,67,27,67,29,29,29,28,28,66,54,17,17],"items_purged":["Parasite"],"gold":123,"score":362,"play_id":"71252f56-04d5-4d0e-ad0a-401acc2cb00d","is_prod":false,"is_daily":false,"is_ascension_mode":true,"campfire_upgraded":1,"path_taken":["M","?","$","?","M","R","M","E","T","R","?","M","M","?","R","BOSS","M","?","?","M","?","R","M","M","T","M"],"build_version":"2018-02-15-PROD1","purchased_purges":1,"victory":false,"master_deck":["Strike_R","Strike_R+1","Strike_R","Strike_R+1","Strike_R","Defend_R","Defend_R","Defend_R","Defend_R","Bash+1","Double Tap","Heavy Blade+1","Rampage+1","Battle Trance","Double Tap","Whirlwind","Warcry+1"],"max_hp_per_floor":[75,75,75,75,75,75,75,75,75,75,75,75,75,80,80,80,80,80,80,77,77,77,77,77,77,77],"relics":["Burning Blood","Gambling Chip","Tiny Chest","Ginger","Whetstone","White Beast Statue","Regal Pillow","Bird Faced Urn","Vajra"],"card_choices":[{"not_picked":["Body Slam","Wild Strike"],"picked":"Heavy Blade"},{"not_picked":["Havoc","Corruption"],"picked":"Battle Trance"},{"not_picked":["Demon Form","Bludgeon"],"picked":"Double Tap"},{"not_picked":["Havoc","Warcry"],"picked":"Whirlwind"},{"not_picked":["Reckless Charge","Searing Blow"],"picked":"Warcry"}],"player_experience":459675,"potions_floor_usage":[16,16,18,24,25,25],"damage_taken":[{"damage":7.0,"enemies":"Jaw Worm","floor":1.0,"turns":3.0},{"damage":0.0,"enemies":"2 Louse","floor":5.0,"turns":2.0},{"damage":7.0,"enemies":"Small Slimes","floor":7.0,"turns":3.0},{"damage":32.0,"enemies":"Gremlin Nob","floor":8.0,"turns":4.0},{"damage":12.0,"enemies":"Looter","floor":12.0,"turns":3.0},{"damage":8.0,"enemies":"2 Fungi Beasts","floor":13.0,"turns":4.0},{"damage":46,"enemies":"Slime Boss","floor":16,"turns":10},{"damage":44,"enemies":"Spheric Guardian","floor":18,"turns":6},{"damage":7,"enemies":"Chosen","floor":21,"turns":4},{"damage":18,"enemies":"Snecko","floor":24,"turns":3},{"damage":43,"enemies":"Centurion and Healer","floor":25,"turns":5},{"damage":22,"enemies":"Slaver and Parasite","floor":27,"turns":1}],"event_choices":[{"event_name":"Scrap Ooze","player_choice":"success","floor":2.0,"damage_taken":7.0},{"event_name":"Shining Light","player_choice":"Entered Light","floor":4.0,"damage_taken":0.0},{"event_name":"Big Fish","player_choice":"Donut","floor":14,"damage_taken":0},{"event_name":"Drug Dealer","player_choice":"Ignored","floor":19,"damage_taken":0}],"boss_relics":[{"not_picked":["Velvet Choker","Philosopher\u0027s Stone"],"picked":"White Beast Statue"}],"potions_floor_spawned":[8,13,16,18,21,24,25],"seed_played":"1023173846469150123","killed_by":"Slaver and Parasite","ascension_level":14,"is_trial":false}