{"path_per_floor":["M","$","?","$","M","R","M","M","T","?","M","?","M","?","R","B",null,"M","?","?","$","M","E","R","?","T","M","M","M","R","M","R"],"character_chosen":"IRONCLAD","items_purchased":[],"gold_per_floor":[109,34,34,34,50,50,69,87,112,112,131,131,143,108,108,206,206,218,218,218,118,130,155,155,155,155,171,183,197,197,215,215],"floor_reached":33,"campfire_rested":3,"playtime":1772,"current_hp_per_floor":[72,72,72,72,58,58,55,56,56,49,35,20,19,38,61,50,70,40,40,40,40,47,34,49,49,49,40,42,14,29,45,45],"items_purged":["Parasite","Bite"],"gold":215,"score":440,"play_id":"ba745302-af5c-438f-97de-215a595ece81","is_prod":false,"is_daily":false,"is_ascension_mode":true,"campfire_upgraded":2,"path_taken":["M","$","?","$","M","R","M","M","T","?","M","?","?","?","R","BOSS","M","?","?","?","M","E","R","?","T","M","M","?","R","M","R","BOSS"],"build_version":"2018-02-08-PROD1","purchased_purges":2,"victory":false,"master_deck":["Defend_R+1","Defend_R","Defend_R","Defend_R+1","Bash","Body Slam+1","Flame Barrier","Offering","Bite","Bite","Bite","Bite","Offering+1","Impervious"],"max_hp_per_floor":[80,77,77,77,77,77,77,77,77,77,77,77,77,77,77,77,77,77,53,53,53,53,53,53,53,53,53,53,53,53,53,53],"relics":["Burning Blood","Omamori","War Paint","Bronze Scales","Runic Pyramid","Oddly Smooth Stone","Champion Belt","Unceasing Top"],"card_choices":[{"not_picked":["Headbutt","Havoc"],"picked":"Body Slam"},{"not_picked":["Bloodletting","Dropkick"],"picked":"Flame Barrier"},{"not_picked":["Exhume","Reaper"],"picked":"Offering"},{"not_picked":["Sever Soul","Body Slam"],"picked":"Offering"},{"not_picked":["Metallicize","Carnage"],"picked":"Impervious"}],"player_experience":364650,"potions_floor_usage":[11,23,23,23,33],"damage_taken":[{"damage":6,"enemies":"Cultist","floor":1,"turns":3},{"damage":20,"enemies":"Small Slimes","floor":5,"turns":5},{"damage":9,"enemies":"2 Louse","floor":7,"turns":3},{"damage":5,"enemies":"2 Fungi Beasts","floor":8,"turns":4},{"damage":20,"enemies":"Large Slime","floor":11,"turns":7},{"damage":7,"enemies":"3 Louse","floor":13,"turns":3},{"damage":17,"enemies":"The Guardian","floor":16,"turns":12},{"damage":36,"enemies":"2 Thieves","floor":18,"turns":4},{"damage":9,"enemies":"Shell Parasite","floor":22,"turns":6},{"damage":33,"enemies":"Slavers","floor":23,"turns":6},{"damage":25,"enemies":"3 Cultists","floor":27,"turns":5},{"damage":10,"enemies":"Snake Plant","floor":28,"turns":3},{"damage":52,"enemies":"Cultist and Chosen","floor":29,"turns":8},{"damage":8,"enemies":"Centurion and Healer","floor":31,"turns":6},{"damage":77,"enemies":"Collector","floor":33,"turns":13}],"event_choices":[{"event_name":"Wheel of Change","player_choice":"Relic","floor":3,"damage_taken":0},{"event_name":"Golden Wing","player_choice":"Card Removal","floor":10,"damage_taken":0},{"event_name":"Shining Light","player_choice":"Entered Light","floor":12,"damage_taken":0},{"event_name":"The Cleric","player_choice":"Healed","floor":14,"damage_taken":0},{"event_name":"Vampires","player_choice":"Became a vampire","floor":19,"damage_taken":0},{"event_name":"Cursed Tome","player_choice":"Ignored","floor":20,"damage_taken":0},{"event_name":"The Mausoleum","player_choice":"Yes","floor":25,"damage_taken":0}],"boss_relics":[{"not_picked":["Runic Dome","Ectoplasm"],"picked":"Runic Pyramid"}],"potions_floor_spawned":[8,11,16,18,27,29],"seed_played":"-344146382763577890","killed_by":"Collector","ascension_level":12,"is_trial":false}