{"path_per_floor":["M","M","$","M","M","R","E","T","T","R","?","M","M","M","R","B",null,"M","M","$","M","?","R"],"character_chosen":"IRONCLAD","items_purchased":["Mercury Hourglass","Pear"],"gold_per_floor":[369,388,64,74,91,91,126,126,126,126,126,139,151,169,169,247,247,262,280,37,57,257,257],"floor_reached":24,"campfire_rested":2,"playtime":1139,"current_hp_per_floor":[68,68,65,65,65,65,26,26,26,45,38,45,53,52,52,11,52,33,41,51,28,28,50],"items_purged":["Parasite"],"gold":257,"score":340,"play_id":"1db8d3ba-87e6-4b1b-b972-d0a739216285","is_prod":false,"is_daily":false,"is_ascension_mode":true,"campfire_upgraded":2,"path_taken":["M","M","$","M","M","R","E","?","T","R","?","M","M","?","R","BOSS","M","M","$","M","?","R","E"],"build_version":"2018-02-15-PROD1","purchased_purges":2,"victory":false,"master_deck":["Strike_R","Strike_R","Defend_R","Defend_R","Defend_R","Defend_R","Bash","Metallicize+1","Armaments+1","Whirlwind","Barricade","Ghostly Armor+1","Rupture+1","Pommel Strike+1","Iron Wave","Shrug It Off"],"max_hp_per_floor":[68,68,65,65,65,65,65,65,65,65,65,65,65,65,65,65,65,65,65,75,75,75,75],"relics":["Burning Blood","Mercury Hourglass","Blood Vial","Art of War","Unceasing Top","Charon\u0027s Ashes","Astrolabe","Pear"],"card_choices":[{"not_picked":["Iron Wave","Second Wind"],"picked":"Metallicize"},{"not_picked":["Inflame","Heavy Blade"],"picked":"Armaments"},{"not_picked":["Perfected Strike","Clash"],"picked":"Whirlwind"},{"not_picked":["Offering","Limit Break"],"picked":"Barricade"},{"not_picked":["Blood for Blood","Fire Breathing"],"picked":"Iron Wave"},{"not_picked":["Carnage","Combust"],"picked":"Shrug It Off"}],"player_experience":461576,"potions_floor_usage":[16,16,16,24],"damage_taken":[{"damage":1.0,"enemies":"Cultist","floor":1.0,"turns":3.0},{"damage":5.0,"enemies":"2 Louse","floor":2.0,"turns":4.0},{"damage":0.0,"enemies":"Small Slimes","floor":4.0,"turns":3.0},{"damage":2.0,"enemies":"Exordium Wildlife","floor":5.0,"turns":5.0},{"damage":45.0,"enemies":"Gremlin Nob","floor":7.0,"turns":5.0},{"damage":1,"enemies":"Red Slaver","floor":12,"turns":5},{"damage":0,"enemies":"3 Louse","floor":13,"turns":1},{"damage":9,"enemies":"Gremlin Gang","floor":14,"turns":2},{"damage":73,"enemies":"The Guardian","floor":16,"turns":18},{"damage":27,"enemies":"Chosen","floor":18,"turns":8},{"damage":0,"enemies":"Spheric Guardian","floor":19,"turns":15},{"damage":31,"enemies":"Snake Plant","floor":21,"turns":8},{"damage":56,"enemies":"Slavers","floor":24,"turns":3}],"event_choices":[{"event_name":"Scrap Ooze","player_choice":"success","floor":11,"damage_taken":7},{"event_name":"Wheel of Change","player_choice":"Gold","floor":22,"damage_taken":0}],"boss_relics":[{"not_picked":["Runic Pyramid","Black Star"],"picked":"Astrolabe"}],"potions_floor_spawned":[1,7,12,14,19],"seed_played":"4454363214357495712","killed_by":"Slavers","ascension_level":14,"is_trial":false}