{"path_per_floor":["M","?","?","$","M","R","E","R","T","?","$","M","$","M","R","B",null,"M","?","?","?","M","R","M","?","T","R","M","R","M","$","R"],"character_chosen":"IRONCLAD","items_purchased":["Oddly Smooth Stone","Apotheosis","Offering"],"gold_per_floor":[117,117,192,45,70,70,109,109,182,182,5,18,18,41,41,171,171,191,191,116,116,132,132,148,148,174,174,198,198,216,52,52],"floor_reached":33,"campfire_rested":2,"playtime":1141,"current_hp_per_floor":[65,65,54,54,56,56,17,39,39,32,32,30,30,32,53,21,59,61,61,61,61,63,63,65,65,65,65,61,61,63,63,63],"items_purged":[],"gold":52,"score":389,"play_id":"cd124a8a-eb9b-42a1-96b9-e7ed9dc6eb1e","is_prod":false,"is_daily":false,"is_ascension_mode":true,"campfire_upgraded":5,"path_taken":["M","?","?","$","M","R","E","R","T","?","$","?","$","M","R","BOSS","M","?","?","?","M","R","M","?","T","R","M","R","M","$","R","BOSS"],"build_version":"2018-02-08-PROD1","purchased_purges":1,"victory":false,"master_deck":["Strike_R","Strike_R","Strike_R","Strike_R","Defend_R","Defend_R","Defend_R","Bash+1","Impervious","Iron Wave","Apotheosis+1","Ghostly Armor","Offering+1","Metallicize+1","Metallicize+1","Offering"],"max_hp_per_floor":[80,74,74,74,74,74,74,74,74,71,71,71,71,71,71,71,71,71,71,71,71,71,71,71,71,71,71,71,71,71,71,71],"relics":["Burning Blood","Golden Idol","Oddly Smooth Stone","Sundial","Paper Frog","Sozu","Happy Flower"],"card_choices":[{"not_picked":["Burning Pact","Armaments"],"picked":"Iron Wave"},{"not_picked":["Havoc","Shrug It Off"],"picked":"Ghostly Armor"},{"not_picked":["Limit Break","Exhume"],"picked":"Offering"},{"not_picked":["Havoc","Heavy Blade"],"picked":"Metallicize"}],"player_experience":366422,"potions_floor_usage":[],"damage_taken":[{"damage":13.0,"enemies":"Jaw Worm","floor":1.0,"turns":5.0},{"damage":4.0,"enemies":"Cultist","floor":5.0,"turns":4.0},{"damage":45.0,"enemies":"Gremlin Nob","floor":7.0,"turns":5.0},{"damage":8.0,"enemies":"Small Slimes","floor":12.0,"turns":3.0},{"damage":4.0,"enemies":"Exordium Wildlife","floor":14.0,"turns":4.0},{"damage":50.0,"enemies":"Hexaghost","floor":16.0,"turns":13.0},{"damage":4.0,"enemies":"2 Thieves","floor":18.0,"turns":4.0},{"damage":4,"enemies":"Chosen","floor":22,"turns":6},{"damage":4,"enemies":"Centurion and Healer","floor":24,"turns":6},{"damage":10,"enemies":"3 Cultists","floor":28,"turns":7},{"damage":4,"enemies":"Snecko","floor":30,"turns":4},{"damage":68,"enemies":"Champ","floor":33,"turns":9}],"event_choices":[{"event_name":"Golden Idol","player_choice":"Lose Max HP","floor":2.0,"damage_taken":0.0},{"event_name":"World of Goop","player_choice":"Gather Gold","floor":3.0,"damage_taken":0.0},{"event_name":"Golden Wing","player_choice":"Card Removal","floor":10.0,"damage_taken":0.0},{"event_name":"The Library","player_choice":"Read","floor":19.0,"damage_taken":0.0},{"event_name":"Beggar","player_choice":"Gave Gold","floor":20.0,"damage_taken":0.0},{"event_name":"Addict","player_choice":"Ignored","floor":21,"damage_taken":0},{"event_name":"Back to Basics","player_choice":"Elegance","floor":25,"damage_taken":0}],"boss_relics":[],"potions_floor_spawned":[5,14,16,18,22,30],"seed_played":"-7970952320756616442","killed_by":"Champ","ascension_level":12,"is_trial":false}