{"path_per_floor":["M","$","M","?","M","R","?","R","T","M","M","M","R","?","R","B",null,"M","?","M","$","T","R","$","M","T","?","?","R","$","M","R"],"character_chosen":"IRONCLAD","items_purchased":["Reaper","Flex","Orichalcum","Pear"],"gold_per_floor":[218,56,69,144,160,160,160,160,160,176,195,205,205,205,205,279,279,297,547,557,429,429,429,36,49,104,104,29,29,29,48,48],"floor_reached":33,"campfire_rested":4,"playtime":908,"current_hp_per_floor":[64,64,63,52,60,60,57,57,57,54,45,52,52,52,72,13,57,54,54,44,44,44,65,75,49,49,49,49,73,73,52,76],"items_purged":["Regret"],"gold":48,"score":400,"play_id":"0164ed18-01f5-49af-af59-36d3a07b8713","is_prod":false,"is_daily":false,"is_ascension_mode":true,"campfire_upgraded":3,"path_taken":["M","$","M","?","M","R","?","R","T","M","M","M","R","?","R","BOSS","M","?","M","$","?","R","?","?","T","?","?","R","?","M","R","BOSS"],"build_version":"2018-02-15-PROD1","purchased_purges":2,"victory":false,"master_deck":["Strike_R","Strike_R","Strike_R","Strike_R","Strike_R","Defend_R","Defend_R","Defend_R","Bash+1","Reaper","Whirlwind+1","Flex+1","Reaper","Flex","Heavy Blade"],"max_hp_per_floor":[75,75,75,75,75,75,75,75,75,75,75,75,75,72,72,72,72,72,72,72,72,72,72,82,82,82,82,82,82,82,82,82],"relics":["Burning Blood","Pen Nib","Blood Vial","Sozu","Omamori","Orichalcum","Bag of Preparation","Nloth\u0027s Gift"],"card_choices":[{"not_picked":["Reckless Charge","Wild Strike"],"picked":"Whirlwind"},{"not_picked":["True Grit","Perfected Strike"],"picked":"Flex"},{"not_picked":["Limit Break","Dark Embrace"],"picked":"Reaper"},{"not_picked":["Wild Strike","Thunderclap"],"picked":"Heavy Blade"}],"player_experience":451493,"potions_floor_usage":[],"damage_taken":[{"damage":10.0,"enemies":"Small Slimes","floor":1.0,"turns":3.0},{"damage":11.0,"enemies":"Cultist","floor":3.0,"turns":4.0},{"damage":0.0,"enemies":"2 Louse","floor":5.0,"turns":5.0},{"damage":17.0,"enemies":"Looter","floor":10.0,"turns":4.0},{"damage":20.0,"enemies":"Large Slime","floor":11.0,"turns":6.0},{"damage":1.0,"enemies":"3 Louse","floor":12.0,"turns":2.0},{"damage":77.0,"enemies":"The Guardian","floor":16.0,"turns":13.0},{"damage":11,"enemies":"Spheric Guardian","floor":18,"turns":3},{"damage":34,"enemies":"2 Thieves","floor":20,"turns":4},{"damage":40,"enemies":"Centurion and Healer","floor":25,"turns":4},{"damage":37,"enemies":"Cultist and Chosen","floor":31,"turns":5},{"damage":107,"enemies":"Collector","floor":33,"turns":5}],"event_choices":[{"event_name":"World of Goop","player_choice":"Gather Gold","floor":4.0,"damage_taken":0.0},{"event_name":"Scrap Ooze","player_choice":"success","floor":7.0,"damage_taken":3.0},{"event_name":"Living Wall","player_choice":"Forget","floor":14.0,"damage_taken":0.0},{"event_name":"Golden Shrine","player_choice":"Desecrate","floor":19,"damage_taken":0},{"event_name":"N\u0027loth","player_choice":"Traded a Pear","floor":27,"damage_taken":0},{"event_name":"Beggar","player_choice":"Gave Gold","floor":28,"damage_taken":0}],"boss_relics":[],"potions_floor_spawned":[1,3,12,25,31],"seed_played":"-1088974295715132279","killed_by":"Collector","ascension_level":14,"is_trial":false}