{"path_per_floor":["M","?","$","?","$","E","R","?","T","$","?","M","M","M","R","B",null,"M","?","M","T","?","R","M","$","T","E","M","R","M","$","R","B",null,"M","M","?","M","M","R","M","R","T","R","?","E","?","M","R","B"],"character_chosen":"IRONCLAD","items_purchased":["Apotheosis","Body Slam","Juggernaut","Ghostly Armor","Shrug It Off"],"gold_per_floor":[119,69,69,244,68,126,126,148,148,25,25,39,56,72,72,171,171,181,181,193,193,193,193,213,43,97,127,140,140,159,63,63,161,161,174,185,285,298,317,317,327,327,378,378,378,403,0,16,16,16],"floor_reached":51,"campfire_rested":3,"playtime":2135,"current_hp_per_floor":[78,77,77,77,77,77,77,77,77,77,77,77,77,77,77,41,68,74,60,63,63,47,71,75,75,75,61,62,62,66,66,66,72,80,77,64,64,66,55,79,81,81,81,81,71,73,73,69,82,82],"items_purged":["Doubt","Strike_R"],"gold":16,"score":968,"play_id":"852442db-8974-4e85-a75b-63cd17e8ba08","is_prod":false,"is_daily":false,"is_ascension_mode":true,"campfire_upgraded":6,"path_taken":["M","?","$","?","$","E","R","?","T","?","?","?","?","M","R","BOSS","M","?","?","?","?","R","M","$","T","E","?","R","M","?","R","BOSS","M","M","?","M","M","R","M","R","T","R","?","E","?","?","R","BOSS"],"build_version":"2018-02-08-PROD1","purchased_purges":2,"victory":true,"master_deck":["Strike_R","Strike_R","Strike_R","Strike_R","Defend_R","Defend_R","Defend_R","Defend_R","Bash","Apotheosis+1","Impervious","Body Slam+1","Barricade+1","Body Slam+1","Whirlwind+1","Iron Wave","Juggernaut+1","Ghostly Armor","Shrug It Off","Offering+1","Entrench","Madness","Madness","Flame Barrier+1"],"max_hp_per_floor":[80,77,77,77,77,77,77,77,77,77,77,77,77,77,77,77,77,77,82,82,82,82,82,82,82,82,82,82,82,82,82,82,82,82,82,82,82,82,82,82,82,82,82,82,82,82,82,82,82,82],"relics":["Burning Blood","NeowsBlessing","Tiny Chest","Odd Mushroom","Bag of Marbles","Velvet Choker","Torii","Enchiridion","Oddly Smooth Stone","Bottled Tornado","Lizard Tail","Lantern","Dream Catcher","Red Mask"],"card_choices":[{"not_picked":["Sever Soul","Thunderclap"],"picked":"Impervious"},{"not_picked":["Brutality","Limit Break"],"picked":"Barricade"},{"not_picked":["Thunderclap","Clothesline"],"picked":"Body Slam"},{"not_picked":["Uppercut","Body Slam"],"picked":"Whirlwind"},{"not_picked":["Perfected Strike","Second Wind"],"picked":"Iron Wave"},{"not_picked":["Immolate","Limit Break"],"picked":"Offering"},{"not_picked":["Spot Weakness","Reckless Charge"],"picked":"Entrench"},{"not_picked":["Warcry","Clothesline"],"picked":"Flame Barrier"}],"player_experience":349906,"potions_floor_usage":[16,39,50,50,50],"damage_taken":[{"damage":0,"enemies":"Small Slimes","floor":1,"turns":2},{"damage":0,"enemies":"Gremlin Nob","floor":6,"turns":1},{"damage":0,"enemies":"The Mushroom Lair","floor":8,"turns":2},{"damage":2,"enemies":"2 Louse","floor":12,"turns":3},{"damage":4,"enemies":"Jaw Worm","floor":13,"turns":2},{"damage":0,"enemies":"Large Slime","floor":14,"turns":2},{"damage":42,"enemies":"The Guardian","floor":16,"turns":8},{"damage":0,"enemies":"Chosen","floor":18,"turns":4},{"damage":3,"enemies":"2 Thieves","floor":20,"turns":3},{"damage":2,"enemies":"3 Cultists","floor":24,"turns":5},{"damage":20,"enemies":"Slavers","floor":27,"turns":6},{"damage":5,"enemies":"Snecko","floor":28,"turns":5},{"damage":2,"enemies":"Sentry and Sphere","floor":30,"turns":6},{"damage":0,"enemies":"Champ","floor":33,"turns":8},{"damage":9,"enemies":"3 Shapes","floor":35,"turns":8},{"damage":19,"enemies":"Orb Walker","floor":36,"turns":5},{"damage":4,"enemies":"Sphere and 2 Shapes","floor":38,"turns":5},{"damage":29,"enemies":"4 Shapes","floor":39,"turns":6},{"damage":4,"enemies":"Maw","floor":41,"turns":5},{"damage":4,"enemies":"Nemesis","floor":46,"turns":10},{"damage":10,"enemies":"3 Darklings","floor":48,"turns":3},{"damage":17,"enemies":"Donu and Deca","floor":50,"turns":9}],"event_choices":[{"event_name":"The Cleric","player_choice":"Card Removal","floor":2,"damage_taken":0},{"event_name":"Liars Game","player_choice":"agreed","floor":4,"damage_taken":0},{"event_name":"Mushrooms","player_choice":"Fought Mushrooms","floor":8,"damage_taken":0},{"event_name":"Match and Keep!","player_choice":"0 cards matched","floor":11,"damage_taken":0},{"event_name":"Forgotten Altar","player_choice":"Shed Blood","floor":19,"damage_taken":0},{"event_name":"Cursed Tome","player_choice":"Obtained Book","floor":22,"damage_taken":0},{"event_name":"Golden Shrine","player_choice":"Pray","floor":37,"damage_taken":0},{"event_name":"Winding Halls","player_choice":"Embrace Madness","floor":45,"damage_taken":0},{"event_name":"Tomb of Lord Red Mask","player_choice":"Paid","floor":47,"damage_taken":0}],"boss_relics":[{"not_picked":["Cursed Key","Runic Dome"],"picked":"Velvet Choker"},{"not_picked":["Runic Pyramid","Black Star"],"picked":"Lizard Tail"}],"potions_floor_spawned":[6,8,16,18,28,30,33,39,41,46,48],"seed_played":"-9176444029514636156","ascension_level":10,"is_trial":false}