{"path_per_floor":["M","?","M","?","M","R","?","$","T","M","M","M","R","?","R","B",null,"M","?","M","?","M","R","?","$","T","M","R","E","R","M","R","B",null,"M","M","?","$","?","R","?","R","T","M","?","R","?","$","R"],"character_chosen":"IRONCLAD","items_purchased":["Omamori","Regal Pillow","Apotheosis","Flex"],"gold_per_floor":[19,269,280,280,297,297,297,79,103,116,133,150,150,150,150,227,227,244,144,158,158,171,171,171,18,18,34,34,60,60,76,76,155,155,174,187,187,8,8,8,8,8,59,73,73,73,73,20,20],"floor_reached":50,"campfire_rested":4,"playtime":1477,"current_hp_per_floor":[68,68,65,58,57,57,57,57,57,60,50,50,50,50,50,46,69,44,44,24,24,13,36,36,36,36,38,76,44,44,46,77,12,61,50,23,23,23,23,23,23,61,61,38,67,67,59,59,59],"items_purged":["Defend_R"],"gold":20,"score":682,"play_id":"c73429dd-d09f-47a5-aa4b-eff3fc4cef97","is_prod":false,"is_daily":false,"is_ascension_mode":true,"campfire_upgraded":4,"path_taken":["M","?","M","?","M","R","?","?","T","M","M","?","R","?","R","BOSS","M","?","?","?","M","R","?","$","T","M","R","E","R","M","R","BOSS","M","?","?","$","?","R","?","R","T","?","?","R","?","$","R","BOSS"],"build_version":"2018-02-15-PROD1","purchased_purges":3,"victory":false,"master_deck":["Strike_R","Strike_R","Defend_R+1","Bash+1","Double Tap+1","Flex+1","Heavy Blade+1","Inflame+1","J.A.X.","Whirlwind","Offering","Limit Break","Apotheosis+1","Madness","Madness","Flex"],"max_hp_per_floor":[80,80,80,80,80,80,77,77,77,77,77,77,77,77,77,77,77,77,77,77,77,77,77,77,77,77,77,77,77,77,77,77,77,77,77,77,77,77,77,77,77,77,77,77,67,67,67,67,67],"relics":["Burning Blood","Omamori","War Paint","Philosopher\u0027s Stone","Regal Pillow","Peace Pipe","Dream Catcher","Sozu","Anchor"],"card_choices":[{"not_picked":["Feed","Immolate"],"picked":"Double Tap"},{"not_picked":["Headbutt","Thunderclap"],"picked":"Flex"},{"not_picked":["Body Slam","Blood for Blood"],"picked":"Heavy Blade"},{"not_picked":["Headbutt","Twin Strike"],"picked":"Inflame"},{"not_picked":["Armaments","Anger"],"picked":"Whirlwind"},{"not_picked":["Feed","Brutality"],"picked":"Limit Break"}],"player_experience":413536,"potions_floor_usage":[],"damage_taken":[{"damage":10.0,"enemies":"2 Louse","floor":1.0,"turns":3.0},{"damage":9.0,"enemies":"Cultist","floor":3.0,"turns":4.0},{"damage":7.0,"enemies":"Jaw Worm","floor":5.0,"turns":3.0},{"damage":3.0,"enemies":"Looter","floor":10.0,"turns":2.0},{"damage":16.0,"enemies":"Blue Slaver","floor":11.0,"turns":4.0},{"damage":6.0,"enemies":"3 Louse","floor":12.0,"turns":3.0},{"damage":10.0,"enemies":"Slime Boss","floor":16.0,"turns":7.0},{"damage":31.0,"enemies":"Shell Parasite","floor":18.0,"turns":3.0},{"damage":26.0,"enemies":"2 Thieves","floor":20.0,"turns":3.0},{"damage":17.0,"enemies":"Centurion and Healer","floor":22.0,"turns":2.0},{"damage":4.0,"enemies":"Snake Plant","floor":27.0,"turns":2.0},{"damage":38.0,"enemies":"Slavers","floor":29.0,"turns":4.0},{"damage":4.0,"enemies":"Snecko","floor":31.0,"turns":2.0},{"damage":71.0,"enemies":"Collector","floor":33.0,"turns":4.0},{"damage":17.0,"enemies":"3 Shapes","floor":35.0,"turns":4.0},{"damage":33.0,"enemies":"3 Darklings","floor":36.0,"turns":3.0},{"damage":29.0,"enemies":"4 Shapes","floor":44.0,"turns":4.0},{"damage":63,"enemies":"Donu and Deca","floor":50,"turns":3}],"event_choices":[{"event_name":"Golden Shrine","player_choice":"Desecrate","floor":2.0,"damage_taken":0.0},{"event_name":"Golden Wing","player_choice":"Card Removal","floor":4.0,"damage_taken":0.0},{"event_name":"Living Wall","player_choice":"Forget","floor":7.0,"damage_taken":0.0},{"event_name":"Upgrade Shrine","player_choice":"Upgraded","floor":14.0,"damage_taken":0.0},{"event_name":"Drug Dealer","player_choice":"Got JAXXED","floor":19.0,"damage_taken":0.0},{"event_name":"Back to Basics","player_choice":"Elegance","floor":21.0,"damage_taken":0.0},{"event_name":"The Library","player_choice":"Read","floor":24.0,"damage_taken":0.0},{"event_name":"Tomb of Lord Red Mask","player_choice":"Ignored","floor":37.0,"damage_taken":0.0},{"event_name":"Mysterious Sphere","player_choice":"Ignore","floor":39.0,"damage_taken":0.0},{"event_name":"The Moai Head","player_choice":"Heal","floor":45.0,"damage_taken":0.0},{"event_name":"Winding Halls","player_choice":"Embrace Madness","floor":47.0,"damage_taken":0.0}],"boss_relics":[],"potions_floor_spawned":[1,10,11,16,27,29,31,33,44],"seed_played":"5517767388284230969","killed_by":"Donu and Deca","ascension_level":13,"is_trial":false}