{"path_per_floor":["M","$","?","M","M","R","?","R","T","$","R","M","R","?","R","B",null,"M","?","M","?","?","R","M","R","T","R","M","M","?","$","R","B",null,"M","M","?","?","?","M","R","M","T","M","R","M","R","M","R","B"],"character_chosen":"IRONCLAD","items_purchased":["Inflame","Toxic Egg 2","Flex"],"gold_per_floor":[110,42,42,54,74,74,74,74,101,26,26,46,46,121,121,218,218,233,233,253,253,253,253,271,271,271,271,283,301,301,14,14,118,118,133,147,147,147,147,159,159,174,199,215,215,234,234,250,250,250],"floor_reached":51,"campfire_rested":6,"playtime":1720,"current_hp_per_floor":[37,37,37,42,37,37,37,37,37,37,37,43,43,32,56,53,80,80,87,82,82,65,65,36,36,36,63,45,30,30,30,57,31,92,92,92,92,92,92,67,67,15,15,21,48,48,75,47,74,18],"items_purged":["Defend_R"],"gold":250,"score":487,"play_id":"fc64b133-0bc1-4ea2-8b82-163914f3d697","is_prod":false,"is_daily":false,"is_ascension_mode":false,"campfire_upgraded":7,"path_taken":["M","$","?","M","M","R","?","R","T","$","R","M","R","?","R","BOSS","M","?","M","?","?","R","?","R","T","R","M","M","?","$","R","BOSS","M","M","?","?","?","?","R","?","T","M","R","?","R","M","R","BOSS"],"build_version":"2018-02-15-PROD1","purchased_purges":1,"victory":true,"master_deck":["Bash+1","Heavy Blade+1","Inflame+1","Bloodletting","Flame Barrier","Pommel Strike","Pommel Strike","Sword Boomerang","Armaments+1","Whirlwind+1","Battle Trance+1","Flex+1","Double Tap+1","Reaper"],"max_hp_per_floor":[80,80,80,80,80,80,80,80,80,80,80,80,80,80,80,80,80,80,87,87,87,92,92,92,92,92,92,92,92,92,92,92,92,92,92,92,92,92,92,92,92,92,92,92,92,92,92,92,92,92],"relics":["Black Blood","Ginger","Pen Nib","Pandora\u0027s Box","Strawberry","Sundial","Toxic Egg 2","Bird Faced Urn","Omamori"],"card_choices":[{"not_picked":["Cleave","Armaments"],"picked":"Heavy Blade"},{"not_picked":["Twin Strike","Cleave"],"picked":"Whirlwind"},{"not_picked":["Brutality","Dark Embrace"],"picked":"Double Tap"},{"not_picked":["Inflame","Wild Strike"],"picked":"Reaper"}],"player_experience":400776,"potions_floor_usage":[33,33,42,44,46,50,50,50],"damage_taken":[{"damage":9.0,"enemies":"2 Louse","floor":1.0,"turns":2.0},{"damage":1.0,"enemies":"Cultist","floor":4.0,"turns":3.0},{"damage":11.0,"enemies":"Jaw Worm","floor":5.0,"turns":3.0},{"damage":0.0,"enemies":"Exordium Wildlife","floor":12.0,"turns":3.0},{"damage":9.0,"enemies":"Slime Boss","floor":16.0,"turns":7.0},{"damage":3.0,"enemies":"Spheric Guardian","floor":18.0,"turns":2.0},{"damage":11.0,"enemies":"Chosen","floor":20.0,"turns":4.0},{"damage":35.0,"enemies":"Centurion and Healer","floor":24.0,"turns":4.0},{"damage":24.0,"enemies":"Snake Plant","floor":28.0,"turns":3.0},{"damage":21.0,"enemies":"Chosen and Byrds","floor":29.0,"turns":3.0},{"damage":32,"enemies":"Automaton","floor":33,"turns":5},{"damage":3,"enemies":"Orb Walker","floor":35,"turns":1},{"damage":9,"enemies":"3 Shapes","floor":36,"turns":4},{"damage":35,"enemies":"Maw","floor":40,"turns":4},{"damage":62,"enemies":"Sphere and 2 Shapes","floor":42,"turns":5},{"damage":6,"enemies":"3 Darklings","floor":44,"turns":2},{"damage":12,"enemies":"4 Shapes","floor":46,"turns":1},{"damage":40,"enemies":"Sphere and 2 Shapes","floor":48,"turns":4},{"damage":96,"enemies":"Awakened One","floor":50,"turns":7}],"event_choices":[{"event_name":"The Lab","player_choice":"Got Potions","floor":3.0,"damage_taken":0.0},{"event_name":"Bonfire Elementals","player_choice":"BASIC","floor":7.0,"damage_taken":0.0},{"event_name":"World of Goop","player_choice":"Gather Gold","floor":14.0,"damage_taken":0.0},{"event_name":"The Mausoleum","player_choice":"Yes","floor":19.0,"damage_taken":0.0},{"event_name":"The Woman in Blue","player_choice":"Bought 0 Potions","floor":21.0,"damage_taken":0.0},{"event_name":"Forgotten Altar","player_choice":"Shed Blood","floor":22.0,"damage_taken":0.0},{"event_name":"The Library","player_choice":"Read","floor":30.0,"damage_taken":0.0},{"event_name":"Wheel of Change","player_choice":"Relic","floor":37,"damage_taken":0},{"event_name":"Mysterious Sphere","player_choice":"Ignore","floor":39,"damage_taken":0}],"boss_relics":[{"not_picked":["Calling Bell","Orrery"],"picked":"Black Blood"}],"potions_floor_spawned":[4,5,12,16,20,24,28,35,36,42,44,48],"seed_played":"2496109798741455278","ascension_level":0,"is_trial":false}