{"path_per_floor":["M","M","?","T","M","R","E","R","T","M","?","$","M","M","R","B",null,"M","$","M","?","?","R","M","E","T","$","M","R","M","M","R","B",null,"M","?","?","M","M","R","E","$","T","M","M","R","?","M","R","B"],"character_chosen":"IRONCLAD","items_purchased":["Apotheosis","Regen Potion","Singing Bowl","Gambling Chip","Mango"],"gold_per_floor":[117,127,127,195,211,211,247,247,247,261,261,8,29,54,54,178,178,192,37,51,51,51,51,74,107,155,80,101,101,121,136,136,261,261,284,284,617,635,649,649,677,97,97,117,133,133,133,146,146,146],"floor_reached":51,"campfire_rested":7,"playtime":2939,"current_hp_per_floor":[21,27,27,27,33,55,21,43,43,24,9,9,14,23,45,14,59,59,59,70,70,76,76,67,53,53,53,48,74,85,80,80,46,81,75,94,94,71,71,98,33,47,47,54,58,95,95,106,126,13],"items_purged":["Writhe"],"gold":146,"score":888,"play_id":"a75aaa00-07a7-4213-8200-43939355645f","is_prod":false,"is_daily":false,"is_ascension_mode":true,"campfire_upgraded":2,"path_taken":["M","?","?","?","?","R","E","R","T","M","?","?","?","M","R","BOSS","M","$","M","?","?","R","M","E","T","$","?","R","M","M","R","BOSS","M","?","?","?","M","R","E","$","T","?","M","R","?","?","R","BOSS"],"build_version":"2018-02-08-PROD1","purchased_purges":2,"victory":true,"master_deck":["Strike_R","Strike_R","Strike_R","Strike_R","Strike_R","Defend_R","Defend_R","Defend_R","Defend_R","Bash+1","Barricade+1","Body Slam","Whirlwind+1","Entrench","Apotheosis+1","Ghostly Armor","Shrug It Off+1","Body Slam+1","Shrug It Off+1"],"max_hp_per_floor":[80,80,74,74,74,74,74,74,74,74,74,74,74,74,74,74,74,74,74,76,76,82,82,84,86,86,86,88,88,90,90,90,92,92,94,94,94,96,98,98,108,122,122,124,124,124,124,126,126,126],"relics":["Burning Blood","Darkstone Periapt","Lantern","Magic Flower","Velvet Choker","Singing Bowl","Bag of Marbles","Kunai","Omamori","Sozu","Pear","Gambling Chip","Mango","Unceasing Top"],"card_choices":[{"not_picked":["Limit Break","Fiend Fire"],"picked":"Barricade"},{"not_picked":["Second Wind","Heavy Blade"],"picked":"Body Slam"},{"not_picked":["Disarm","Pommel Strike"],"picked":"Whirlwind"},{"not_picked":["Headbutt","Clothesline"],"picked":"Entrench"},{"not_picked":["Cleave","Evolve"],"picked":"Ghostly Armor"},{"not_picked":["Wild Strike","Corruption"],"picked":"Shrug It Off"},{"not_picked":["Clash","Pummel"],"picked":"Body Slam"},{"not_picked":["Twin Strike","Reckless Charge"],"picked":"Shrug It Off"}],"player_experience":344168,"potions_floor_usage":[],"damage_taken":[{"damage":17.0,"enemies":"Blue Slaver","floor":1.0,"turns":5.0},{"damage":0.0,"enemies":"2 Louse","floor":2.0,"turns":4.0},{"damage":0.0,"enemies":"Small Slimes","floor":5.0,"turns":2.0},{"damage":40.0,"enemies":"Gremlin Nob","floor":7.0,"turns":5.0},{"damage":28.0,"enemies":"Exordium Thugs","floor":10.0,"turns":6.0},{"damage":14.0,"enemies":"Gremlin Gang","floor":13.0,"turns":3.0},{"damage":0.0,"enemies":"3 Louse","floor":14.0,"turns":1.0},{"damage":40.0,"enemies":"Hexaghost","floor":16.0,"turns":14.0},{"damage":9.0,"enemies":"Shell Parasite","floor":18.0,"turns":6.0},{"damage":0.0,"enemies":"3 Byrds","floor":20.0,"turns":5.0},{"damage":20.0,"enemies":"Snecko","floor":24.0,"turns":7.0},{"damage":25.0,"enemies":"Gremlin Leader","floor":25.0,"turns":6.0},{"damage":16.0,"enemies":"Snake Plant","floor":28.0,"turns":5.0},{"damage":0.0,"enemies":"3 Cultists","floor":30.0,"turns":4.0},{"damage":14.0,"enemies":"Chosen and Byrds","floor":31.0,"turns":6.0},{"damage":45.0,"enemies":"Automaton","floor":33.0,"turns":12.0},{"damage":17.0,"enemies":"3 Shapes","floor":35.0,"turns":8.0},{"damage":34,"enemies":"3 Darklings","floor":38,"turns":5},{"damage":11,"enemies":"4 Shapes","floor":39,"turns":7},{"damage":84,"enemies":"2 Orb Walkers","floor":41,"turns":6},{"damage":4,"enemies":"Maw","floor":44,"turns":7},{"damage":5,"enemies":"3 Darklings","floor":45,"turns":3},{"damage":0,"enemies":"4 Shapes","floor":48,"turns":5},{"damage":122,"enemies":"Time Eater","floor":50,"turns":15}],"event_choices":[{"event_name":"Golden Idol","player_choice":"Lose Max HP","floor":3.0,"damage_taken":0.0},{"event_name":"Shining Light","player_choice":"Entered Light","floor":11.0,"damage_taken":0.0},{"event_name":"Addict","player_choice":"Ignored","floor":21.0,"damage_taken":0.0},{"event_name":"The Mausoleum","player_choice":"Yes","floor":22.0,"damage_taken":0.0},{"event_name":"Winding Halls","player_choice":"Writhe","floor":36,"damage_taken":0},{"event_name":"The Moai Head","player_choice":"Gave Idol","floor":37,"damage_taken":0},{"event_name":"Mysterious Sphere","player_choice":"Ignore","floor":47,"damage_taken":0}],"boss_relics":[],"potions_floor_spawned":[2,10,13,18,24,28,35,44],"seed_played":"-3846628912570463237","ascension_level":9,"is_trial":false}