{"path_per_floor":["M","?","M","?","M","R","M","?","T","?","E","M","?","M","R","B",null,"M","?","?","?","M","$","M","?","T","M","$","?","M","M","R","B",null,"M","?","M","?","M","R","M","R","T","R","M","$","M","$","R"],"character_chosen":"IRONCLAD","items_purchased":["Pummel","Pen Nib","Flex"],"gold_per_floor":[117,117,135,135,154,154,174,249,249,249,280,292,292,312,312,411,411,428,428,428,428,439,364,379,279,329,343,20,20,34,49,49,153,153,169,169,188,188,205,205,218,218,268,268,282,237,247,122,122],"floor_reached":50,"campfire_rested":1,"playtime":3435,"current_hp_per_floor":[82,82,80,73,79,79,85,74,74,74,63,61,61,59,59,16,92,78,64,64,64,44,44,41,41,41,54,54,54,62,72,72,64,59,57,57,55,45,42,42,54,54,54,54,54,54,40,40,62],"items_purged":["Regret","Defend_R","Madness"],"gold":122,"play_id":"a5b82029-ff65-40c9-aba3-60ec8e127bf8","is_prod":false,"is_daily":false,"is_ascension_mode":false,"campfire_upgraded":6,"path_taken":["M","?","M","?","?","R","M","?","T","?","E","?","?","M","R","BOSS","M","?","?","?","M","$","M","?","T","M","$","?","M","M","R","BOSS","M","?","M","?","M","R","M","R","T","R","?","$","M","$","R","BOSS"],"build_version":"2018-02-01-PROD3","purchased_purges":5,"victory":false,"master_deck":["Defend_R+1","Defend_R+1","Bash","Flex+1","Inflame+1","Inflame+1","Bite","Bite","Bite","Bite","Heavy Blade+1","J.A.X.+1","Pummel+1","Inflame+1","Madness","Flex"],"max_hp_per_floor":[82,82,84,84,84,84,86,86,86,86,88,88,88,90,90,92,92,92,64,64,64,64,64,66,66,66,68,68,68,70,72,72,74,59,61,61,61,61,63,63,65,65,65,65,67,67,69,69,71],"relics":["Burning Blood","Singing Bowl","Art of War","Bag of Preparation","Vajra","Dream Catcher","Philosopher\u0027s Stone","War Paint","Lantern","Pen Nib","Runic Cube","Bronze Scales"],"card_choices":[{"not_picked":["Clash","Shrug It Off"],"picked":"Flex"},{"not_picked":["Perfected Strike","Dropkick"],"picked":"Inflame"},{"not_picked":["Anger","Combust"],"picked":"Inflame"},{"not_picked":["Thunderclap","Cleave"],"picked":"Heavy Blade"},{"not_picked":["Perfected Strike","Pommel Strike"],"picked":"Inflame"}],"player_experience":330786,"potions_floor_usage":[50,50,50],"damage_taken":[{"damage":6.0,"enemies":"Jaw Worm","floor":1.0,"turns":3.0},{"damage":10.0,"enemies":"Blue Slaver","floor":3.0,"turns":6.0},{"damage":0.0,"enemies":"2 Louse","floor":5.0,"turns":3.0},{"damage":2.0,"enemies":"2 Fungi Beasts","floor":7.0,"turns":4.0},{"damage":19.0,"enemies":"3 Sentries","floor":11.0,"turns":6.0},{"damage":8.0,"enemies":"Gremlin Gang","floor":12.0,"turns":3.0},{"damage":10.0,"enemies":"Large Slime","floor":14.0,"turns":5.0},{"damage":51.0,"enemies":"Slime Boss","floor":16.0,"turns":12.0},{"damage":20.0,"enemies":"2 Thieves","floor":18.0,"turns":3.0},{"damage":32.0,"enemies":"3 Byrds","floor":22.0,"turns":4.0},{"damage":21.0,"enemies":"Snake Plant","floor":24.0,"turns":3.0},{"damage":7.0,"enemies":"Chosen and Byrds","floor":27.0,"turns":4.0},{"damage":14.0,"enemies":"3 Cultists","floor":30.0,"turns":4.0},{"damage":3.0,"enemies":"Cultist and Chosen","floor":31.0,"turns":2.0},{"damage":29.0,"enemies":"Automaton","floor":33.0,"turns":6.0},{"damage":12.0,"enemies":"Orb Walker","floor":35.0,"turns":2.0},{"damage":20.0,"enemies":"3 Darklings","floor":37.0,"turns":3.0},{"damage":19.0,"enemies":"4 Shapes","floor":39.0,"turns":4.0},{"damage":4.0,"enemies":"Sphere and 2 Shapes","floor":41.0,"turns":3.0},{"damage":18.0,"enemies":"3 Darklings","floor":45.0,"turns":4.0},{"damage":38.0,"enemies":"Maw","floor":47.0,"turns":4.0},{"damage":95,"enemies":"Awakened One","floor":50,"turns":4}],"event_choices":[{"event_name":"Living Wall","player_choice":"Forget","floor":2.0,"damage_taken":0.0},{"event_name":"Golden Wing","player_choice":"Card Removal","floor":4.0,"damage_taken":0.0},{"event_name":"World of Goop","player_choice":"Gather Gold","floor":8.0,"damage_taken":0.0},{"event_name":"Dead Adventurer","player_choice":"Searched \u00271\u0027 times","floor":10.0,"damage_taken":0.0},{"event_name":"Big Fish","player_choice":"Box","floor":13.0,"damage_taken":0.0},{"event_name":"Vampires","player_choice":"Became a vampire","floor":19.0,"damage_taken":0.0},{"event_name":"Cursed Tome","player_choice":"Ignored","floor":20.0,"damage_taken":0.0},{"event_name":"The Mausoleum","player_choice":"Yes","floor":21.0,"damage_taken":0.0},{"event_name":"Drug Dealer","player_choice":"Got JAXXED","floor":25.0,"damage_taken":0.0},{"event_name":"Beggar","player_choice":"Ignored","floor":29.0,"damage_taken":0.0},{"event_name":"Winding Halls","player_choice":"Embrace Madness","floor":38.0,"damage_taken":0.0}],"boss_relics":[],"potions_floor_spawned":[1,5,7,12,16,18,24,33,39,41,47],"seed_played":"8420679810300154947","killed_by":"Awakened One","ascension_level":0,"is_trial":false}