{"path_per_floor":["M","?","M","M","M","R","M","R","T","R","M","M","?","?","R","B",null,"M","?","?","M"],"character_chosen":"IRONCLAD","items_purchased":[],"gold_per_floor":[112,187,201,213,223,223,235,235,235,235,255,275,275,275,275,395,395,418,598,598,576],"floor_reached":22,"campfire_rested":2,"playtime":1016,"current_hp_per_floor":[49,38,35,37,38,38,40,40,40,68,73,72,48,48,76,32,96,56,32,32,19],"items_purged":[],"gold":576,"score":203,"play_id":"dae6c810-b36d-4c34-9f92-ed0975be782e","is_prod":false,"is_daily":false,"is_ascension_mode":false,"campfire_upgraded":2,"path_taken":["M","?","M","M","M","R","M","R","T","R","M","M","?","?","R","BOSS","M","?","?","M","M"],"build_version":"2018-02-08-PROD1","purchased_purges":0,"victory":false,"master_deck":["Strike_R","Strike_R","Strike_R","Strike_R","Strike_R","Defend_R","Defend_R","Defend_R","Defend_R","Bash+1","Ghostly Armor","Iron Wave+1","Barricade"],"max_hp_per_floor":[96,96,96,96,96,96,96,96,96,96,96,96,96,96,96,96,96,96,96,96,96],"relics":["Burning Blood","Dead Branch","Golden Idol","Velvet Choker"],"card_choices":[{"not_picked":["Clash","Havoc"],"picked":"Ghostly Armor"},{"not_picked":["Dual Wield","Shrug It Off"],"picked":"Iron Wave"},{"not_picked":["Juggernaut","Impervious"],"picked":"Barricade"}],"player_experience":372751,"potions_floor_usage":[16,22,22],"damage_taken":[{"damage":5,"enemies":"Small Slimes","floor":1,"turns":3},{"damage":9,"enemies":"Jaw Worm","floor":3,"turns":5},{"damage":4,"enemies":"Blue Slaver","floor":4,"turns":5},{"damage":5,"enemies":"2 Fungi Beasts","floor":5,"turns":6},{"damage":4,"enemies":"Large Slime","floor":7,"turns":12},{"damage":1,"enemies":"3 Louse","floor":11,"turns":4},{"damage":7,"enemies":"Red Slaver","floor":12,"turns":6},{"damage":50,"enemies":"Slime Boss","floor":16,"turns":13},{"damage":46,"enemies":"Shell Parasite","floor":18,"turns":8},{"damage":19,"enemies":"2 Thieves","floor":21,"turns":5},{"damage":22,"enemies":"Sentry and Sphere","floor":22,"turns":6}],"event_choices":[{"event_name":"World of Goop","player_choice":"Gather Gold","floor":2,"damage_taken":0},{"event_name":"Golden Idol","player_choice":"Take Damage","floor":13,"damage_taken":0},{"event_name":"Match and Keep!","player_choice":"0 cards matched","floor":14,"damage_taken":0},{"event_name":"Knowing Skull","player_choice":"GOLD GOLD ","floor":19,"damage_taken":0},{"event_name":"Drug Dealer","player_choice":"Ignored","floor":20,"damage_taken":0}],"boss_relics":[{"not_picked":["Tiny House","Ectoplasm"],"picked":"Velvet Choker"}],"potions_floor_spawned":[5,7,11,21],"seed_played":"1505956945222926145","killed_by":"Sentry and Sphere","ascension_level":0,"is_trial":false}