{"path_per_floor":["M","?","$","M","?","R","M","R","T","M","M","M","R","M","R","B",null,"M","$","?","?","?","R","$","$","T","R","M","M","R","?","R","B",null,"M","$","M","M","M","R","?","R","T","E","$","R","$","M","R","B"],"character_chosen":"IRONCLAD","items_purchased":["Inflame","Toxic Egg 2","Flex","Anchor","Heavy Blade","Flex","Bottled Lightning"],"gold_per_floor":[111,111,39,50,225,225,238,238,287,298,314,330,330,343,343,442,442,459,384,1014,1014,939,939,336,29,29,29,42,58,58,58,58,158,158,173,48,67,77,90,90,90,90,139,168,18,18,18,31,31,31],"floor_reached":51,"campfire_rested":3,"playtime":1234,"current_hp_per_floor":[76,69,69,75,75,75,65,65,65,68,57,65,65,58,83,9,86,88,88,24,24,24,50,50,50,50,50,54,46,46,46,73,45,92,94,94,96,98,86,86,98,98,98,100,100,100,100,102,102,102],"items_purged":["Doubt","Defend_R","Defend_R","Writhe"],"gold":31,"score":616,"play_id":"1eac985e-c755-409f-b6ff-8262d623e30c","is_prod":false,"is_daily":false,"is_ascension_mode":false,"campfire_upgraded":9,"path_taken":["M","?","$","M","?","R","M","R","T","M","M","M","R","?","R","BOSS","M","$","?","?","?","R","?","$","T","R","?","M","R","?","R","BOSS","M","$","M","M","M","R","?","R","T","E","$","R","?","M","R","BOSS"],"build_version":"2018-02-08-PROD1","purchased_purges":4,"victory":true,"master_deck":["Strike_R","Strike_R+1","Strike_R+1","Strike_R+1","Defend_R","Bash+1","Flex+1","Inflame+1","Flex+1","Offering+1","Flex+1","Heavy Blade+1","Flex+1","Double Tap+1","Limit Break+1","Battle Trance+1"],"max_hp_per_floor":[80,80,80,80,80,80,80,80,80,80,82,84,84,86,86,86,86,88,88,88,88,88,88,88,88,88,88,90,92,92,92,92,92,92,94,94,96,98,98,98,98,98,98,100,100,100,100,102,102,102],"relics":["Burning Blood","Lantern","Singing Bowl","Runic Dome","Toxic Egg 2","Anchor","Bottled Lightning","Oddly Smooth Stone","Philosopher\u0027s Stone","Blood Vial","Bag of Marbles"],"card_choices":[{"not_picked":["Corruption","Heavy Blade"],"picked":"Flex"},{"not_picked":["Sentinel","Rupture"],"picked":"Flex"},{"not_picked":["Juggernaut","Brutality"],"picked":"Offering"},{"not_picked":["Exhume","Demon Form"],"picked":"Limit Break"},{"not_picked":["Cleave","Wild Strike"],"picked":"Battle Trance"}],"player_experience":378011,"potions_floor_usage":[33,50],"damage_taken":[{"damage":10.0,"enemies":"Small Slimes","floor":1.0,"turns":4.0},{"damage":0.0,"enemies":"2 Louse","floor":4.0,"turns":2.0},{"damage":16.0,"enemies":"Blue Slaver","floor":7.0,"turns":4.0},{"damage":3.0,"enemies":"2 Fungi Beasts","floor":10.0,"turns":3.0},{"damage":19.0,"enemies":"Exordium Thugs","floor":11.0,"turns":5.0},{"damage":0.0,"enemies":"Looter","floor":12.0,"turns":2.0},{"damage":15.0,"enemies":"Gremlin Gang","floor":14.0,"turns":6.0},{"damage":80.0,"enemies":"The Guardian","floor":16.0,"turns":12.0},{"damage":4.0,"enemies":"2 Thieves","floor":18.0,"turns":4.0},{"damage":4,"enemies":"Shell Parasite","floor":28,"turns":1},{"damage":16,"enemies":"Centurion and Healer","floor":29,"turns":3},{"damage":34,"enemies":"Automaton","floor":33,"turns":4},{"damage":4,"enemies":"Orb Walker","floor":35,"turns":1},{"damage":4,"enemies":"3 Darklings","floor":37,"turns":2},{"damage":4,"enemies":"Sphere and 2 Shapes","floor":38,"turns":2},{"damage":18,"enemies":"4 Shapes","floor":39,"turns":3},{"damage":4,"enemies":"2 Orb Walkers","floor":44,"turns":1},{"damage":4,"enemies":"3 Darklings","floor":48,"turns":1},{"damage":4,"enemies":"Donu and Deca","floor":50,"turns":1}],"event_choices":[{"event_name":"Scrap Ooze","player_choice":"success","floor":2.0,"damage_taken":7.0},{"event_name":"Liars Game","player_choice":"agreed","floor":5.0,"damage_taken":0.0},{"event_name":"Knowing Skull","player_choice":"GOLD GOLD GOLD GOLD GOLD GOLD GOLD ","floor":20.0,"damage_taken":0.0},{"event_name":"Match and Keep!","player_choice":"0 cards matched","floor":21.0,"damage_taken":0.0},{"event_name":"Beggar","player_choice":"Gave Gold","floor":22.0,"damage_taken":0.0},{"event_name":"Match and Keep!","player_choice":"1 cards matched","floor":31,"damage_taken":0},{"event_name":"Winding Halls","player_choice":"Writhe","floor":41,"damage_taken":0}],"boss_relics":[{"not_picked":["Lizard Tail","Orrery"],"picked":"Philosopher\u0027s Stone"}],"potions_floor_spawned":[7,10,16,28,33,37,39],"seed_played":"-1602580010211313271","ascension_level":0,"is_trial":false}