{"path_per_floor":["M","M","$","?","M","E","M","M","T","M","$","?","?","M","R","B",null,"M","M","M","$","?","R","M","R","T","?","$","R","M","M","R"],"character_chosen":"IRONCLAD","items_purchased":["Whirlwind","Flex","Red Skull"],"gold_per_floor":[114,125,20,20,31,59,75,90,90,109,34,284,234,251,251,349,349,366,382,394,8,8,8,22,22,45,45,45,45,61,81,81],"floor_reached":33,"campfire_rested":2,"playtime":801,"current_hp_per_floor":[70,63,63,47,49,47,36,36,36,25,25,25,25,31,31,24,80,77,72,9,9,9,33,28,52,52,52,52,52,56,53,53],"items_purged":["Pain","Defend_R"],"gold":81,"score":277,"play_id":"707ea5c9-f7b8-4ae3-bdc3-6d596c7335a3","is_prod":false,"is_daily":false,"is_ascension_mode":false,"campfire_upgraded":3,"path_taken":["M","M","$","?","M","E","M","?","T","M","$","?","?","M","R","BOSS","M","M","M","$","?","R","M","R","T","?","?","R","M","?","R","BOSS"],"build_version":"2018-02-15-PROD1","purchased_purges":3,"victory":false,"master_deck":["Defend_R","Defend_R","Defend_R","Bash","Offering+1","Whirlwind+1","Flex","Heavy Blade","Inflame","Seeing Red","Offering+1","Bloodletting","Decay","Flex","Bite","Bite","Bite","Bite","Bite","Inflame"],"max_hp_per_floor":[80,80,80,80,80,80,80,80,80,80,80,80,80,80,80,80,80,80,80,80,80,80,80,80,80,80,56,56,56,56,56,56],"relics":["Burning Blood","Vajra","Bag of Preparation","Runic Dome","Red Skull","Regal Pillow"],"card_choices":[{"not_picked":["Double Tap","Dark Embrace"],"picked":"Offering"},{"not_picked":["Wild Strike","Reckless Charge"],"picked":"Heavy Blade"},{"not_picked":["Sword Boomerang","Perfected Strike"],"picked":"Inflame"},{"not_picked":["True Grit","Whirlwind"],"picked":"Seeing Red"},{"not_picked":["Juggernaut","Bludgeon"],"picked":"Offering"},{"not_picked":["Wild Strike","Havoc"],"picked":"Bloodletting"},{"not_picked":["Ghostly Armor","Iron Wave"],"picked":"Flex"},{"not_picked":["Wild Strike","Perfected Strike"],"picked":"Inflame"}],"player_experience":507420,"potions_floor_usage":[33,33],"damage_taken":[{"damage":16.0,"enemies":"Cultist","floor":1.0,"turns":3.0},{"damage":13.0,"enemies":"Small Slimes","floor":2.0,"turns":2.0},{"damage":4.0,"enemies":"2 Louse","floor":5.0,"turns":2.0},{"damage":8.0,"enemies":"Gremlin Nob","floor":6.0,"turns":2.0},{"damage":17.0,"enemies":"Red Slaver","floor":7.0,"turns":2.0},{"damage":6.0,"enemies":"2 Fungi Beasts","floor":8.0,"turns":2.0},{"damage":17.0,"enemies":"Exordium Thugs","floor":10.0,"turns":3.0},{"damage":0.0,"enemies":"Looter","floor":14.0,"turns":2.0},{"damage":13.0,"enemies":"Slime Boss","floor":16.0,"turns":6.0},{"damage":9.0,"enemies":"2 Thieves","floor":18.0,"turns":2.0},{"damage":11.0,"enemies":"Chosen","floor":19.0,"turns":1.0},{"damage":69.0,"enemies":"Slaver and Parasite","floor":20.0,"turns":5.0},{"damage":11.0,"enemies":"Snake Plant","floor":24.0,"turns":2.0},{"damage":4.0,"enemies":"3 Cultists","floor":30.0,"turns":2.0},{"damage":13.0,"enemies":"Cultist and Chosen","floor":31.0,"turns":3.0},{"damage":78,"enemies":"Champ","floor":33,"turns":5}],"event_choices":[{"event_name":"Shining Light","player_choice":"Entered Light","floor":4.0,"damage_taken":0.0},{"event_name":"Golden Shrine","player_choice":"Desecrate","floor":12.0,"damage_taken":0.0},{"event_name":"The Cleric","player_choice":"Card Removal","floor":13.0,"damage_taken":0.0},{"event_name":"Forgotten Altar","player_choice":"Smashed Altar","floor":22.0,"damage_taken":0.0},{"event_name":"Vampires","player_choice":"Became a vampire","floor":27.0,"damage_taken":0.0}],"boss_relics":[],"potions_floor_spawned":[1,2,6,18,24],"seed_played":"-5438249950907528427","killed_by":"Champ","ascension_level":0,"is_trial":false}