{"path_per_floor":["M","M","M","?","?","R","$","R","T","$","R","M","M","M","R","B",null,"M","?","M","M","T","R","M","R","T","?","M","M","$","M","R","B",null,"M","?","M","$","?","R","M","R","T","?","M","R","M","$","R","B"],"character_chosen":"IRONCLAD","items_purchased":["Ghostly Armor","Shrug It Off","Metallicize"],"gold_per_floor":[117,132,146,146,146,146,49,49,122,10,10,23,37,51,51,146,146,163,163,180,197,221,221,241,241,241,156,167,180,80,98,98,200,200,219,219,239,114,114,114,133,133,160,160,179,179,197,47,47,47],"floor_reached":51,"campfire_rested":0,"playtime":2185,"current_hp_per_floor":[86,86,86,69,69,69,69,69,69,69,69,75,81,81,81,18,86,81,81,80,81,81,81,86,86,86,86,80,86,86,86,86,86,86,79,79,85,85,85,85,86,86,86,86,77,77,83,83,83,79],"items_purged":["Strike_R","Strike_R","Strike_R","Defend_R"],"gold":47,"score":542,"play_id":"0882242b-67cb-43e0-a1f0-4d8b7f98e722","is_prod":false,"is_daily":false,"is_ascension_mode":false,"campfire_upgraded":11,"path_taken":["M","?","M","?","?","R","?","R","T","$","R","M","?","M","R","BOSS","M","?","M","M","?","R","M","R","T","?","?","?","$","M","R","BOSS","M","?","M","$","?","R","M","R","T","?","?","R","M","$","R","BOSS"],"build_version":"2018-02-15-PROD1","purchased_purges":4,"victory":true,"master_deck":["Strike_R+1","Defend_R","Defend_R+1","Bash+1","Body Slam+1","Iron Wave+1","Ghostly Armor+1","Shrug It Off+1","Metallicize+1","Iron Wave+1","Iron Wave+1","Metallicize+1","Iron Wave+1","Barricade+1","Ghostly Armor+1","Iron Wave+1","Immolate"],"max_hp_per_floor":[86,86,86,86,86,86,86,86,86,86,86,86,86,86,86,86,86,86,86,86,86,86,86,86,86,86,86,86,86,86,86,86,86,86,86,86,86,86,86,86,86,86,86,86,86,86,86,86,86,86],"relics":["Burning Blood","Mango","Mummified Hand","Velvet Choker","Vajra","Bronze Scales","Kunai","Philosopher\u0027s Stone","Art of War"],"card_choices":[{"not_picked":["Pommel Strike","Cleave"],"picked":"Body Slam"},{"not_picked":["Reckless Charge","Evolve"],"picked":"Iron Wave"},{"not_picked":["Power Through","Rage"],"picked":"Iron Wave"},{"not_picked":["Armaments","Clash"],"picked":"Iron Wave"},{"not_picked":["Dual Wield","Pommel Strike"],"picked":"Metallicize"},{"not_picked":["Perfected Strike","Immolate"],"picked":"Iron Wave"},{"not_picked":["Offering","Bludgeon"],"picked":"Barricade"},{"not_picked":["Headbutt","Clothesline"],"picked":"Ghostly Armor"},{"not_picked":["Rampage","Headbutt"],"picked":"Iron Wave"}],"player_experience":511380,"potions_floor_usage":[50,50,50],"damage_taken":[{"damage":6.0,"enemies":"Cultist","floor":1.0,"turns":3.0},{"damage":6.0,"enemies":"Small Slimes","floor":2.0,"turns":3.0},{"damage":5.0,"enemies":"Jaw Worm","floor":3.0,"turns":6.0},{"damage":0,"enemies":"2 Fungi Beasts","floor":12,"turns":5},{"damage":0,"enemies":"Red Slaver","floor":13,"turns":2},{"damage":6,"enemies":"Exordium Thugs","floor":14,"turns":4},{"damage":69,"enemies":"Hexaghost","floor":16,"turns":16},{"damage":11,"enemies":"3 Byrds","floor":18,"turns":7},{"damage":7,"enemies":"Spheric Guardian","floor":20,"turns":6},{"damage":5,"enemies":"Centurion and Healer","floor":21,"turns":6},{"damage":0,"enemies":"Snake Plant","floor":24,"turns":5},{"damage":12,"enemies":"Sentry and Sphere","floor":28,"turns":6},{"damage":0,"enemies":"3 Cultists","floor":29,"turns":6},{"damage":0,"enemies":"Snecko","floor":31,"turns":4},{"damage":2,"enemies":"Champ","floor":33,"turns":14},{"damage":13,"enemies":"3 Darklings","floor":35,"turns":6},{"damage":0,"enemies":"Orb Walker","floor":37,"turns":3},{"damage":0,"enemies":"4 Shapes","floor":41,"turns":7},{"damage":15,"enemies":"Sphere and 2 Shapes","floor":45,"turns":6},{"damage":0,"enemies":"3 Darklings","floor":47,"turns":6},{"damage":10,"enemies":"Time Eater","floor":50,"turns":10}],"event_choices":[{"event_name":"Shining Light","player_choice":"Entered Light","floor":4,"damage_taken":0},{"event_name":"Match and Keep!","player_choice":"0 cards matched","floor":5,"damage_taken":0},{"event_name":"Drug Dealer","player_choice":"Ignored","floor":19,"damage_taken":0},{"event_name":"Addict","player_choice":"Obtained Relic","floor":27,"damage_taken":0},{"event_name":"The Woman in Blue","player_choice":"Bought 0 Potions","floor":36,"damage_taken":0},{"event_name":"Transmorgrifier","player_choice":"Transform","floor":39,"damage_taken":0}],"boss_relics":[{"not_picked":["Runic Dome","Pandora\u0027s Box"],"picked":"Velvet Choker"},{"not_picked":["White Beast Statue","Snecko Eye"],"picked":"Philosopher\u0027s Stone"}],"potions_floor_spawned":[2,3,24,28,29,33,35,45,47],"seed_played":"6984331294998283735","ascension_level":0,"is_trial":false}