{"path_per_floor":["M","?","M","M","T","R","M","R","T","M","R","M","E","M","R","B",null,"M","?","?","$","$","R","M","M","T","M","$","R","M","M","R","B",null,"M","?","?","$","?","R","M","M","T","M","R","T","R","$","R","B"],"character_chosen":"IRONCLAD","items_purchased":["Bottled Flame","Inflame","Ancient Tea Set"],"gold_per_floor":[119,119,137,153,153,153,163,163,216,235,235,252,286,296,296,398,398,417,417,417,26,26,26,38,55,55,65,65,65,83,95,95,192,192,212,267,267,20,0,0,15,35,35,48,48,71,71,71,71,71],"floor_reached":51,"campfire_rested":2,"playtime":1326,"current_hp_per_floor":[80,80,80,80,94,94,84,84,84,85,85,91,69,75,75,68,94,75,56,56,56,56,56,59,53,53,37,37,37,43,38,69,26,69,69,55,46,46,46,46,52,58,58,55,55,55,55,55,69,9],"items_purged":["Regret","Defend_R"],"gold":71,"score":550,"play_id":"4c2fdd2a-4b58-4b30-a7a1-51b3b0f4737d","is_prod":false,"is_daily":false,"is_ascension_mode":false,"campfire_upgraded":9,"path_taken":["M","?","M","M","?","R","M","R","T","M","R","M","E","?","R","BOSS","M","?","?","?","$","R","M","?","T","M","$","R","M","M","R","BOSS","M","?","?","$","?","R","?","M","T","M","R","?","R","$","R","BOSS"],"build_version":"2018-02-22-PROD2","purchased_purges":2,"victory":true,"master_deck":["Defend_R","Defend_R","Defend_R","Bash+1","Flex+1","Rampage+1","Offering+1","Bite","Bite","Bite","Bite","Bite","Inflame+1","Flex+1","Flex+1","Whirlwind+1","Madness+1","Madness+1","Heavy Blade+1"],"max_hp_per_floor":[80,80,80,80,94,94,94,94,94,94,94,94,94,94,94,94,94,94,99,69,69,69,69,69,69,69,69,69,69,69,69,69,69,69,69,69,69,69,69,69,69,69,69,69,69,69,69,69,69,69],"relics":["Burning Blood","Lantern","Gambling Chip","Mango","Prayer Wheel","Regal Pillow","Lizard Tail","Bottled Flame","Red Skull","Mark of Pain","Unceasing Top","Ancient Tea Set","Red Mask","Torii","Art of War"],"card_choices":[{"not_picked":["True Grit","Clothesline"],"picked":"Flex"},{"not_picked":["Shrug It Off","Power Through"],"picked":"Rampage"},{"not_picked":["Juggernaut","Reaper"],"picked":"Offering"},{"not_picked":["Rage","Warcry"],"picked":"Flex"},{"not_picked":["Body Slam","Shrug It Off"],"picked":"Flex"},{"not_picked":["Thunderclap","Bludgeon"],"picked":"Whirlwind"},{"not_picked":["Searing Blow","Anger"],"picked":"Heavy Blade"}],"player_experience":513565,"potions_floor_usage":[50,50,50],"damage_taken":[{"damage":0.0,"enemies":"2 Louse","floor":1.0,"turns":3.0},{"damage":5.0,"enemies":"Small Slimes","floor":3.0,"turns":2.0},{"damage":6.0,"enemies":"Jaw Worm","floor":4.0,"turns":2.0},{"damage":16.0,"enemies":"Exordium Thugs","floor":7.0,"turns":4.0},{"damage":5.0,"enemies":"Looter","floor":10.0,"turns":2.0},{"damage":0.0,"enemies":"2 Fungi Beasts","floor":12.0,"turns":3.0},{"damage":28.0,"enemies":"Lagavulin","floor":13.0,"turns":4.0},{"damage":0.0,"enemies":"3 Louse","floor":14.0,"turns":2.0},{"damage":13.0,"enemies":"Slime Boss","floor":16.0,"turns":6.0},{"damage":25.0,"enemies":"Chosen","floor":18.0,"turns":3.0},{"damage":9.0,"enemies":"Spheric Guardian","floor":24.0,"turns":3.0},{"damage":22.0,"enemies":"Cultist and Chosen","floor":25.0,"turns":3.0},{"damage":30.0,"enemies":"Centurion and Healer","floor":27.0,"turns":3.0},{"damage":4.0,"enemies":"Chosen and Byrds","floor":30.0,"turns":2.0},{"damage":19.0,"enemies":"Snecko","floor":31.0,"turns":3.0},{"damage":57.0,"enemies":"Champ","floor":33.0,"turns":6.0},{"damage":4.0,"enemies":"3 Darklings","floor":35.0,"turns":1.0},{"damage":20.0,"enemies":"Mysterious Sphere","floor":36.0,"turns":1.0},{"damage":0.0,"enemies":"3 Shapes","floor":41.0,"turns":1.0},{"damage":0.0,"enemies":"3 Darklings","floor":42.0,"turns":1.0},{"damage":13.0,"enemies":"4 Shapes","floor":44.0,"turns":2.0},{"damage":72,"enemies":"Awakened One","floor":50,"turns":5}],"event_choices":[{"event_name":"Big Fish","player_choice":"Box","floor":2.0,"damage_taken":0.0},{"event_name":"Forgotten Altar","player_choice":"Shed Blood","floor":19.0,"damage_taken":0.0},{"event_name":"Vampires","player_choice":"Became a vampire","floor":20.0,"damage_taken":0.0},{"event_name":"Mysterious Sphere","player_choice":"Fight","floor":36.0,"damage_taken":0.0},{"event_name":"Winding Halls","player_choice":"Embrace Madness","floor":37.0,"damage_taken":0.0},{"event_name":"Tomb of Lord Red Mask","player_choice":"Paid","floor":39.0,"damage_taken":0.0}],"boss_relics":[],"potions_floor_spawned":[4,12,13,14,16,24,31,35,44],"seed_played":"-2863427294787128415","ascension_level":0,"is_trial":false}