{"path_per_floor":["M","?","?","M","M","E","R","M","T","?","R","?","M","M","R","B",null,"M","$","M","M","$","E","R","M","T","M","R","?","$","M","R"],"character_chosen":"IRONCLAD","items_purchased":["Centennial Puzzle","Regal Pillow","Reaper"],"gold_per_floor":[112,112,112,127,142,168,168,186,186,261,261,361,375,387,387,490,520,539,50,67,82,82,113,113,128,152,168,168,168,32,47,47],"floor_reached":33,"campfire_rested":3,"playtime":1264,"current_hp_per_floor":[71,57,57,59,61,33,54,47,47,36,57,57,59,57,57,20,77,57,57,49,41,41,14,52,39,39,45,45,45,45,64,64],"items_purged":["Defend_R"],"gold":47,"score":269,"play_id":"4db26baa-a589-4dd4-a32f-6a5796ff45c4","is_prod":false,"is_daily":false,"is_ascension_mode":false,"campfire_upgraded":3,"path_taken":["M","?","?","M","M","E","R","M","T","?","R","?","M","?","R","BOSS","M","$","M","M","$","E","R","M","T","M","R","?","$","?","R","BOSS"],"build_version":"2018-02-15-PROD1","purchased_purges":1,"victory":false,"master_deck":["Strike_R","Strike_R","Strike_R","Strike_R","Strike_R+1","Defend_R","Defend_R+1","Bash+1","Offering+1","Seeing Red+1","Heavy Blade+1","Double Tap+1","Clash","Flex+1","Flex+1","Clash+1","Berserk","Pommel Strike+1","Reaper"],"max_hp_per_floor":[72,72,72,72,72,72,72,72,72,72,72,72,72,72,72,72,77,77,77,77,77,77,77,77,77,77,77,77,77,77,77,77],"relics":["Burning Blood","Blue Candle","Bird Faced Urn","Tiny House","Centennial Puzzle","Regal Pillow","Lantern","War Paint"],"card_choices":[{"not_picked":["Exhume","Demon Form"],"picked":"Offering"},{"not_picked":["Thunderclap","Headbutt"],"picked":"Seeing Red"},{"not_picked":["Pommel Strike","Sword Boomerang"],"picked":"Heavy Blade"},{"not_picked":["Feed","Immolate"],"picked":"Double Tap"},{"not_picked":["Dropkick","Burning Pact"],"picked":"Clash"},{"not_picked":["Havoc","Shrug It Off"],"picked":"Flex"},{"not_picked":["Sentinel","Metallicize"],"picked":"Flex"},{"not_picked":["Corruption","Armaments"],"picked":"Clash"},{"not_picked":["Sever Soul","Dual Wield"],"picked":"Berserk"}],"player_experience":505713,"potions_floor_usage":[16,18,23,23],"damage_taken":[{"damage":7.0,"enemies":"Jaw Worm","floor":1.0,"turns":3.0},{"damage":4.0,"enemies":"Small Slimes","floor":4.0,"turns":2.0},{"damage":4.0,"enemies":"2 Louse","floor":5.0,"turns":2.0},{"damage":34.0,"enemies":"3 Sentries","floor":6.0,"turns":9.0},{"damage":13.0,"enemies":"2 Fungi Beasts","floor":8.0,"turns":3.0},{"damage":4,"enemies":"Large Slime","floor":13,"turns":2},{"damage":8,"enemies":"Gremlin Gang","floor":14,"turns":4},{"damage":43,"enemies":"Slime Boss","floor":16,"turns":4},{"damage":26,"enemies":"Spheric Guardian","floor":18,"turns":4},{"damage":14,"enemies":"Chosen","floor":20,"turns":3},{"damage":14,"enemies":"Sentry and Sphere","floor":21,"turns":3},{"damage":33,"enemies":"Slavers","floor":23,"turns":4},{"damage":19,"enemies":"Snecko","floor":25,"turns":3},{"damage":0,"enemies":"Chosen and Byrds","floor":27,"turns":3},{"damage":13,"enemies":"3 Cultists","floor":31,"turns":4},{"damage":99,"enemies":"Champ","floor":33,"turns":6}],"event_choices":[{"event_name":"Shining Light","player_choice":"Entered Light","floor":2.0,"damage_taken":0.0},{"event_name":"Living Wall","player_choice":"Forget","floor":3.0,"damage_taken":0.0},{"event_name":"World of Goop","player_choice":"Gather Gold","floor":10.0,"damage_taken":0.0},{"event_name":"Wheel of Change","player_choice":"Gold","floor":12,"damage_taken":0},{"event_name":"The Library","player_choice":"Read","floor":29,"damage_taken":0}],"boss_relics":[{"not_picked":["Velvet Choker","Question Card"],"picked":"Tiny House"}],"potions_floor_spawned":[1,4,5,6,14,18,20,21,27],"seed_played":"2919481739040978099","killed_by":"Champ","ascension_level":0,"is_trial":false}