{"path_per_floor":["M","M","M","$","?","E","M","R","T","M","M","M","R","E","R","B",null,"M","?","M","$","M","R","M","M","T","R","$","M","R","M","R","B",null,"M","?","?","M","?","?","R","M","T","R","M","M","M","$","R","B"],"character_chosen":"IRONCLAD","items_purchased":["Whirlwind","Regal Pillow","Shuriken"],"gold_per_floor":[116,134,146,3,3,34,51,51,106,120,140,160,160,185,185,289,289,300,225,239,37,50,50,60,75,99,99,99,110,110,129,129,234,234,246,246,246,259,259,259,259,278,278,278,297,311,325,25,25,25],"floor_reached":51,"campfire_rested":3,"playtime":1397,"current_hp_per_floor":[79,74,73,73,66,47,42,66,66,66,65,65,65,49,49,40,80,70,70,70,70,59,59,44,44,44,44,44,44,44,44,80,51,80,69,59,59,30,30,70,70,52,52,52,51,46,35,35,70,22],"items_purged":["Defend_R","Defend_R","Madness"],"gold":25,"score":640,"play_id":"97a45c15-5253-4a58-a74e-9f64c1b290e9","is_prod":false,"is_daily":false,"is_ascension_mode":false,"campfire_upgraded":3,"path_taken":["M","?","M","$","?","E","M","R","T","M","M","M","R","E","R","BOSS","M","?","M","$","?","R","M","M","T","R","?","M","R","M","R","BOSS","M","?","?","M","?","?","R","M","T","R","M","M","M","$","R","BOSS"],"build_version":"2018-02-15-PROD1","purchased_purges":3,"victory":true,"master_deck":["Strike_R+1","Strike_R","Strike_R","Strike_R","Bash","Clash","Whirlwind+1","Flex+1","Heavy Blade+1","Double Tap+1","Madness","Inflame"],"max_hp_per_floor":[80,80,80,80,80,80,80,80,80,80,80,80,80,80,80,80,80,80,80,80,80,80,80,80,80,80,80,80,80,80,80,80,80,80,80,80,80,80,80,70,70,70,70,70,70,70,70,70,70,70],"relics":["Black Star","Champion Belt","Shovel","Tiny Chest","Letter Opener","The Courier","Happy Flower","Runic Dome","Regal Pillow","Juzu Bracelet","Pen Nib","Unceasing Top","Philosopher\u0027s Stone","Du-Vu Doll","Whetstone","Shuriken"],"card_choices":[{"not_picked":["Second Wind","Twin Strike"],"picked":"Clash"},{"not_picked":["Headbutt","Fiend Fire"],"picked":"Flex"},{"not_picked":["Intimidate","Sentinel"],"picked":"Heavy Blade"},{"not_picked":["Immolate","Berserk"],"picked":"Double Tap"},{"not_picked":["Armaments","Cleave"],"picked":"Inflame"}],"player_experience":508221,"potions_floor_usage":[50,50,50],"damage_taken":[{"damage":1.0,"enemies":"Cultist","floor":1.0,"turns":3.0},{"damage":5.0,"enemies":"2 Louse","floor":2.0,"turns":3.0},{"damage":1.0,"enemies":"Jaw Worm","floor":3.0,"turns":3.0},{"damage":19.0,"enemies":"3 Sentries","floor":6.0,"turns":6.0},{"damage":5.0,"enemies":"Blue Slaver","floor":7.0,"turns":3.0},{"damage":0.0,"enemies":"Large Slime","floor":10.0,"turns":4.0},{"damage":1.0,"enemies":"Red Slaver","floor":11.0,"turns":2.0},{"damage":0.0,"enemies":"Exordium Wildlife","floor":12.0,"turns":1.0},{"damage":16.0,"enemies":"Gremlin Nob","floor":14.0,"turns":3.0},{"damage":9.0,"enemies":"Slime Boss","floor":16.0,"turns":5.0},{"damage":10.0,"enemies":"Chosen","floor":18.0,"turns":3.0},{"damage":0.0,"enemies":"Spheric Guardian","floor":20.0,"turns":2.0},{"damage":11.0,"enemies":"Snecko","floor":22.0,"turns":3.0},{"damage":15.0,"enemies":"Snake Plant","floor":24.0,"turns":2.0},{"damage":0.0,"enemies":"3 Cultists","floor":25.0,"turns":1.0},{"damage":0.0,"enemies":"Centurion and Healer","floor":29.0,"turns":2.0},{"damage":0.0,"enemies":"Snake Plant","floor":31.0,"turns":2.0},{"damage":38.0,"enemies":"Champ","floor":33.0,"turns":5.0},{"damage":11.0,"enemies":"3 Darklings","floor":35.0,"turns":2.0},{"damage":29.0,"enemies":"Orb Walker","floor":38.0,"turns":3.0},{"damage":18.0,"enemies":"Sphere and 2 Shapes","floor":42.0,"turns":2.0},{"damage":1.0,"enemies":"3 Darklings","floor":45.0,"turns":2.0},{"damage":5.0,"enemies":"Maw","floor":46.0,"turns":4.0},{"damage":11.0,"enemies":"4 Shapes","floor":47.0,"turns":2.0},{"damage":48,"enemies":"Time Eater","floor":50,"turns":4}],"event_choices":[{"event_name":"Golden Wing","player_choice":"Card Removal","floor":5.0,"damage_taken":0.0},{"event_name":"Beggar","player_choice":"Gave Gold","floor":19.0,"damage_taken":0.0},{"event_name":"Winding Halls","player_choice":"Embrace Madness","floor":36.0,"damage_taken":0.0},{"event_name":"Tomb of Lord Red Mask","player_choice":"Ignored","floor":37.0,"damage_taken":0.0},{"event_name":"The Moai Head","player_choice":"Heal","floor":40.0,"damage_taken":0.0}],"boss_relics":[],"potions_floor_spawned":[1,3,6,12,16,20,24,25,38,42,47],"seed_played":"6384955376729335757","ascension_level":0,"is_trial":false}