{"path_per_floor":["M","?","M","T","M","R","M","M","T","R","?","$","?","?","R","B",null,"M","$","?","?","M","R","M","T","T","?","R","M","R","?","R"],"character_chosen":"IRONCLAD","items_purchased":["Orichalcum","Double Tap"],"gold_per_floor":[119,194,205,228,239,239,255,273,300,300,300,13,13,263,263,362,362,377,302,302,302,321,321,334,334,390,315,315,335,335,335,335],"floor_reached":33,"campfire_rested":1,"playtime":909,"current_hp_per_floor":[80,69,72,72,78,78,73,73,73,73,73,73,73,73,73,21,80,63,63,63,63,55,55,46,46,46,46,46,41,41,41,56],"items_purged":["Regret"],"gold":335,"score":259,"play_id":"ffe2dbb3-ad85-4be1-90ff-668aad6b348c","is_prod":false,"is_daily":false,"is_ascension_mode":false,"campfire_upgraded":4,"path_taken":["M","?","?","?","M","R","M","M","T","R","?","$","?","?","R","BOSS","M","$","?","?","M","R","M","?","T","?","R","M","R","?","R","BOSS"],"build_version":"2018-02-22-PROD2","purchased_purges":1,"victory":false,"master_deck":["Defend_R","Defend_R","Bash+1","Inflame+1","Flex+1","Double Tap+1","Flex","Flex+1","Bite","Bite","Bite","Bite","Bite"],"max_hp_per_floor":[80,80,80,80,80,80,80,80,80,80,80,80,80,80,80,80,80,80,80,80,80,80,80,80,80,80,80,80,80,80,56,56],"relics":["Burning Blood","Regal Pillow","Juzu Bracelet","Anchor","Orichalcum","Red Skull","Sozu","Girya","Tiny Chest"],"card_choices":[{"not_picked":["Pommel Strike","Ghostly Armor"],"picked":"Inflame"},{"not_picked":["Dual Wield","Warcry"],"picked":"Flex"},{"not_picked":["Warcry","Shrug It Off"],"picked":"Flex"}],"player_experience":514891,"potions_floor_usage":[33],"damage_taken":[{"damage":1.0,"enemies":"Jaw Worm","floor":1.0,"turns":3.0},{"damage":3.0,"enemies":"Small Slimes","floor":3.0,"turns":3.0},{"damage":0.0,"enemies":"Cultist","floor":5.0,"turns":2.0},{"damage":11.0,"enemies":"Exordium Thugs","floor":7.0,"turns":4.0},{"damage":6.0,"enemies":"3 Louse","floor":8.0,"turns":3.0},{"damage":67.0,"enemies":"The Guardian","floor":16.0,"turns":8.0},{"damage":23.0,"enemies":"2 Thieves","floor":18.0,"turns":4.0},{"damage":14.0,"enemies":"3 Byrds","floor":22.0,"turns":5.0},{"damage":15.0,"enemies":"Cultist and Chosen","floor":24.0,"turns":5.0},{"damage":11.0,"enemies":"Snake Plant","floor":29.0,"turns":2.0},{"damage":107,"enemies":"Automaton","floor":33,"turns":6}],"event_choices":[{"event_name":"World of Goop","player_choice":"Gather Gold","floor":2.0,"damage_taken":0.0},{"event_name":"Upgrade Shrine","player_choice":"Upgraded","floor":11.0,"damage_taken":0.0},{"event_name":"Dead Adventurer","player_choice":"Searched \u00271\u0027 times","floor":13.0,"damage_taken":0.0},{"event_name":"Golden Shrine","player_choice":"Desecrate","floor":14.0,"damage_taken":0.0},{"event_name":"Back to Basics","player_choice":"Elegance","floor":20.0,"damage_taken":0.0},{"event_name":"The Library","player_choice":"Read","floor":21.0,"damage_taken":0.0},{"event_name":"Beggar","player_choice":"Gave Gold","floor":27.0,"damage_taken":0.0},{"event_name":"Vampires","player_choice":"Became a vampire","floor":31.0,"damage_taken":0.0}],"boss_relics":[],"potions_floor_spawned":[3,7,8,18,24,29],"seed_played":"-8793314290462654779","killed_by":"Automaton","ascension_level":0,"is_trial":false}