{"path_per_floor":["M","?","$","?","M","R","M","R","T","$","E","R","E","M","R","B",null,"M","?","?","M","M","R","M","R","T","M","M","?","R","M","R","B",null,"M","M","?","M","M","R","M","$","T","$","?","R","?","M","R","B"],"character_chosen":"IRONCLAD","items_purchased":["Inflame","Meat on the Bone","Centennial Puzzle","Heavy Blade"],"gold_per_floor":[219,219,66,241,252,252,262,262,286,24,50,50,81,92,92,194,194,206,131,131,147,164,164,174,174,174,192,206,206,206,224,224,321,351,365,375,375,390,400,400,410,3,3,3,3,3,3,23,23,23],"floor_reached":51,"campfire_rested":1,"playtime":1762,"current_hp_per_floor":[80,73,73,73,71,71,60,60,60,60,52,76,76,78,78,54,80,64,64,48,80,72,72,78,78,78,82,84,84,84,86,86,88,95,95,97,97,99,65,65,69,69,69,69,69,69,56,105,105,103],"items_purged":["Defend_R","Defend_R"],"gold":23,"score":534,"play_id":"f9c4ec24-2c1f-4ac8-9672-32c75cbb062a","is_prod":false,"is_daily":false,"is_ascension_mode":false,"campfire_upgraded":9,"path_taken":["M","?","$","?","M","R","M","R","T","$","E","R","E","?","R","BOSS","M","?","?","M","?","R","M","R","T","M","M","?","R","?","R","BOSS","M","M","?","?","M","R","M","$","T","?","?","R","?","M","R","BOSS"],"build_version":"2018-02-15-PROD1","purchased_purges":2,"victory":true,"master_deck":["Strike_R","Strike_R","Strike_R+1","Strike_R","Strike_R+1","Defend_R+1","Bash+1","Inflame+1","Flex+1","Inflame+1","Offering+1","Double Tap+1","Inflame+1","Whirlwind+1","Reaper","Necronomicurse","Flex+1","Bloodletting+1","Flex+1","Heavy Blade+1","Offering+1","Madness","Madness"],"max_hp_per_floor":[80,80,80,80,80,80,80,80,80,80,80,80,80,80,80,80,80,80,80,80,80,80,80,80,80,80,82,84,84,84,86,86,88,95,95,97,97,99,101,101,103,103,103,103,103,103,103,105,105,105],"relics":["Burning Blood","Frozen Egg 2","Orichalcum","Meat on the Bone","Lantern","Ornamental Fan","Orrery","Necronomicon","Singing Bowl","Tiny House","Centennial Puzzle","Shovel","Whetstone"],"card_choices":[{"not_picked":["Reckless Charge","Perfected Strike"],"picked":"Flex"},{"not_picked":["Entrench","Body Slam"],"picked":"Inflame"},{"not_picked":["Twin Strike","Limit Break"],"picked":"Offering"},{"not_picked":["Limit Break","Impervious"],"picked":"Double Tap"},{"not_picked":["Wild Strike","Spot Weakness"],"picked":"Inflame"},{"not_picked":["Heavy Blade","Cleave"],"picked":"Whirlwind"},{"not_picked":["Perfected Strike","Dual Wield"],"picked":"Reaper"},{"not_picked":["Perfected Strike","Armaments"],"picked":"Flex"},{"not_picked":["Clothesline","Sword Boomerang"],"picked":"Bloodletting"},{"not_picked":["Thunderclap","Feel No Pain"],"picked":"Flex"}],"player_experience":509618,"potions_floor_usage":[],"damage_taken":[{"damage":0.0,"enemies":"Small Slimes","floor":1.0,"turns":3.0},{"damage":8.0,"enemies":"Jaw Worm","floor":5.0,"turns":4.0},{"damage":17.0,"enemies":"2 Louse","floor":7.0,"turns":4.0},{"damage":14.0,"enemies":"Lagavulin","floor":11.0,"turns":5.0},{"damage":6.0,"enemies":"3 Sentries","floor":13.0,"turns":5.0},{"damage":4.0,"enemies":"Large Slime","floor":14.0,"turns":4.0},{"damage":42.0,"enemies":"The Guardian","floor":16.0,"turns":8.0},{"damage":22.0,"enemies":"2 Thieves","floor":18.0,"turns":3.0},{"damage":8.0,"enemies":"3 Byrds","floor":21.0,"turns":2.0},{"damage":26.0,"enemies":"Centurion and Healer","floor":22.0,"turns":4.0},{"damage":0.0,"enemies":"Slaver and Parasite","floor":24.0,"turns":1.0},{"damage":36.0,"enemies":"Snake Plant","floor":27.0,"turns":3.0},{"damage":6.0,"enemies":"Centurion and Healer","floor":28.0,"turns":2.0},{"damage":6.0,"enemies":"Snecko","floor":31.0,"turns":3.0},{"damage":39.0,"enemies":"Champ","floor":33.0,"turns":7.0},{"damage":35.0,"enemies":"3 Darklings","floor":35.0,"turns":4.0},{"damage":0.0,"enemies":"Orb Walker","floor":36.0,"turns":1.0},{"damage":0.0,"enemies":"3 Darklings","floor":38.0,"turns":1.0},{"damage":42.0,"enemies":"Sphere and 2 Shapes","floor":39.0,"turns":3.0},{"damage":16.0,"enemies":"4 Shapes","floor":41.0,"turns":3.0},{"damage":12,"enemies":"3 Darklings","floor":48,"turns":3},{"damage":8,"enemies":"Donu and Deca","floor":50,"turns":1}],"event_choices":[{"event_name":"Scrap Ooze","player_choice":"success","floor":2.0,"damage_taken":7.0},{"event_name":"Liars Game","player_choice":"agreed","floor":4.0,"damage_taken":0.0},{"event_name":"Beggar","player_choice":"Gave Gold","floor":19.0,"damage_taken":0.0},{"event_name":"Cursed Tome","player_choice":"Obtained Book","floor":20.0,"damage_taken":0.0},{"event_name":"Vampires","player_choice":"Ignored","floor":29.0,"damage_taken":0.0},{"event_name":"Duplicator","player_choice":"One dupe","floor":45.0,"damage_taken":0.0},{"event_name":"Winding Halls","player_choice":"Embrace Madness","floor":47.0,"damage_taken":0.0}],"boss_relics":[],"potions_floor_spawned":[1,7,14,22,24,31,35,36,48],"seed_played":"-2239241710150717134","ascension_level":0,"is_trial":false}