{"path_per_floor":["M","?","$","?","M","E","R","M","T","R","E","$","T","M","R","B",null,"M","$","?","$","M","R","E","M","T","$","?","M","R","M","R","B",null,"M","?","M","$","$","E","R","?","T","R","?","E","R","E","R","B"],"character_chosen":"IRONCLAD","items_purchased":["Flex","Pommel Strike","Clash","Lantern"],"gold_per_floor":[109,109,58,58,73,108,108,125,125,125,157,82,82,94,94,191,191,206,106,106,106,117,117,149,162,162,24,24,38,38,56,56,152,152,165,165,179,29,29,64,64,64,146,146,0,28,28,63,63,63],"floor_reached":51,"campfire_rested":1,"playtime":1589,"current_hp_per_floor":[80,77,77,70,75,60,60,66,66,66,60,60,60,55,55,56,84,78,78,78,78,81,81,87,77,77,77,77,85,85,85,85,80,94,93,96,96,96,96,73,73,73,73,73,73,78,78,60,90,66],"items_purged":["Defend_R","Defend_R","Defend_R"],"gold":63,"score":686,"play_id":"d95cb6de-3bc0-4f47-aa34-23aef79ad6dc","is_prod":false,"is_daily":false,"is_ascension_mode":true,"campfire_upgraded":9,"path_taken":["M","?","$","?","?","E","R","M","T","R","E","$","?","M","R","BOSS","M","$","?","?","?","R","E","M","T","$","?","M","R","?","R","BOSS","M","?","M","?","$","E","R","?","T","R","?","E","R","E","R","BOSS"],"build_version":"2018-02-22-PROD2","purchased_purges":4,"victory":true,"master_deck":["Strike_R","Strike_R","Strike_R+1","Strike_R+1","Strike_R+1","Bash+1","Clash+1","Flex+1","Inflame+1","Offering+1","Clash+1","Flex+1","Pommel Strike+1","Immolate","Inflame+1","Writhe","Heavy Blade+1","Clash+1","Inflame+1"],"max_hp_per_floor":[80,80,80,80,80,80,80,80,80,80,82,82,82,84,84,84,84,86,86,86,86,88,88,88,90,90,90,90,92,92,92,92,94,94,96,96,96,96,96,98,98,98,98,98,98,98,98,100,100,100],"relics":["Black Blood","Mummified Hand","Blue Candle","Pen Nib","Singing Bowl","Matryoshka","The Courier","Whetstone","Orichalcum","Runic Cube","Lantern","Self Forming Clay","Centennial Puzzle","Tiny Chest","Red Mask","Blood Vial","Ancient Tea Set"],"card_choices":[{"not_picked":["Twin Strike","Entrench"],"picked":"Clash"},{"not_picked":["Clothesline","Fire Breathing"],"picked":"Inflame"},{"not_picked":["Immolate","Double Tap"],"picked":"Offering"},{"not_picked":["Clothesline","Juggernaut"],"picked":"Flex"},{"not_picked":["Iron Wave","Combust"],"picked":"Inflame"},{"not_picked":["Twin Strike","Wild Strike"],"picked":"Heavy Blade"},{"not_picked":["Clothesline","Cleave"],"picked":"Inflame"}],"player_experience":544920,"potions_floor_usage":[40,48],"damage_taken":[{"damage":1.0,"enemies":"Jaw Worm","floor":1.0,"turns":3.0},{"damage":1.0,"enemies":"2 Louse","floor":5.0,"turns":2.0},{"damage":21.0,"enemies":"Lagavulin","floor":6.0,"turns":6.0},{"damage":0.0,"enemies":"Cultist","floor":8.0,"turns":2.0},{"damage":14.0,"enemies":"Gremlin Nob","floor":11.0,"turns":3.0},{"damage":13.0,"enemies":"Exordium Thugs","floor":14.0,"turns":3.0},{"damage":5.0,"enemies":"Slime Boss","floor":16.0,"turns":7.0},{"damage":18.0,"enemies":"3 Byrds","floor":18.0,"turns":5.0},{"damage":9.0,"enemies":"Shell Parasite","floor":22.0,"turns":2.0},{"damage":4.0,"enemies":"Gremlin Leader","floor":24.0,"turns":2.0},{"damage":22.0,"enemies":"Chosen and Byrds","floor":25.0,"turns":4.0},{"damage":4.0,"enemies":"Snecko","floor":29.0,"turns":2.0},{"damage":10.0,"enemies":"Centurion and Healer","floor":31.0,"turns":2.0},{"damage":17.0,"enemies":"Champ","floor":33.0,"turns":4.0},{"damage":13.0,"enemies":"Orb Walker","floor":35.0,"turns":2.0},{"damage":10.0,"enemies":"3 Darklings","floor":37.0,"turns":2.0},{"damage":35,"enemies":"Nemesis","floor":40,"turns":3},{"damage":5,"enemies":"Giant Head","floor":46,"turns":2},{"damage":32,"enemies":"Nemesis","floor":48,"turns":3},{"damage":36,"enemies":"Donu and Deca","floor":50,"turns":3}],"event_choices":[{"event_name":"Scrap Ooze","player_choice":"success","floor":2.0,"damage_taken":3.0},{"event_name":"Golden Wing","player_choice":"Card Removal","floor":4.0,"damage_taken":0.0},{"event_name":"The Library","player_choice":"Read","floor":20.0,"damage_taken":0.0},{"event_name":"Match and Keep!","player_choice":"1 cards matched","floor":28.0,"damage_taken":0.0},{"event_name":"Winding Halls","player_choice":"Writhe","floor":36.0,"damage_taken":0.0},{"event_name":"Upgrade Shrine","player_choice":"Upgraded","floor":42,"damage_taken":0},{"event_name":"Tomb of Lord Red Mask","player_choice":"Paid","floor":45,"damage_taken":0}],"boss_relics":[],"potions_floor_spawned":[5,8,16,24,29,33,37,46],"seed_played":"-5141988901017070231","ascension_level":1,"is_trial":false}