{"path_per_floor":["M","?","?","M","$","R","M","R","T","M","M","$","M","M","R","B",null,"M","M","$","?","?"],"character_chosen":"IRONCLAD","items_purchased":["Flex"],"gold_per_floor":[117,117,117,134,59,59,78,78,78,93,108,8,23,39,39,141,141,161,172,2,2,2],"floor_reached":23,"campfire_rested":1,"playtime":443,"current_hp_per_floor":[46,46,39,35,35,59,54,54,54,54,60,60,59,65,65,62,80,71,65,65,65,65],"items_purged":["Strike_R","Strike_R","Strike_R"],"gold":2,"score":183,"play_id":"b9ac881d-ed97-4137-861c-24676f0b85eb","is_prod":false,"is_daily":false,"is_ascension_mode":false,"campfire_upgraded":2,"path_taken":["M","?","?","M","$","R","M","R","T","M","M","$","M","M","R","BOSS","M","M","$","?","?","E"],"build_version":"2018-02-15-PROD1","purchased_purges":5,"victory":false,"master_deck":["Strike_R","Strike_R","Bash","Clash+1","Clash","Flex+1","Clash","Inflame","Flex"],"max_hp_per_floor":[80,80,80,80,80,80,80,80,80,80,80,80,80,80,80,80,80,80,80,80,80,80],"relics":["Burning Blood","Shovel","Philosopher\u0027s Stone"],"card_choices":[{"not_picked":["Flex","Cleave"],"picked":"Clash"},{"not_picked":["Burning Pact","Immolate"],"picked":"Clash"},{"not_picked":["Heavy Blade","Seeing Red"],"picked":"Flex"},{"not_picked":["Perfected Strike","Searing Blow"],"picked":"Clash"},{"not_picked":["True Grit","Iron Wave"],"picked":"Inflame"}],"player_experience":506977,"potions_floor_usage":[23],"damage_taken":[{"damage":0.0,"enemies":"2 Louse","floor":1.0,"turns":2.0},{"damage":10.0,"enemies":"Small Slimes","floor":4.0,"turns":3.0},{"damage":11.0,"enemies":"Jaw Worm","floor":7.0,"turns":2.0},{"damage":6.0,"enemies":"2 Fungi Beasts","floor":10.0,"turns":2.0},{"damage":0.0,"enemies":"3 Louse","floor":11.0,"turns":1.0},{"damage":7.0,"enemies":"Exordium Wildlife","floor":13.0,"turns":2.0},{"damage":0.0,"enemies":"Large Slime","floor":14.0,"turns":2.0},{"damage":9.0,"enemies":"Slime Boss","floor":16.0,"turns":3.0},{"damage":15.0,"enemies":"3 Byrds","floor":18.0,"turns":2.0},{"damage":12.0,"enemies":"2 Thieves","floor":19.0,"turns":2.0},{"damage":71,"enemies":"Book of Stabbing","floor":23,"turns":4}],"event_choices":[{"event_name":"Living Wall","player_choice":"Forget","floor":2.0,"damage_taken":0.0},{"event_name":"Golden Wing","player_choice":"Card Removal","floor":3.0,"damage_taken":0.0},{"event_name":"Drug Dealer","player_choice":"Ignored","floor":21.0,"damage_taken":0.0},{"event_name":"N\u0027loth","player_choice":"Ignored","floor":22.0,"damage_taken":0.0}],"boss_relics":[],"potions_floor_spawned":[10,14,18],"seed_played":"-6411143236369756270","killed_by":"Book of Stabbing","ascension_level":0,"is_trial":false}