{"path_per_floor":["M","$","M","$","M","E","M","$","T","E","M","R","E","M","R","B",null,"M","M","?","$","?","E","R","E","T","M","M","R","M","$","R","B",null,"M","T","?","?","$","E","M","?","T","?","$","R","M","?","R","B"],"character_chosen":"IRONCLAD","items_purchased":["Ancient Tea Set","Omamori","Orichalcum","Pear","Prayer Wheel","Self Forming Clay","Oddly Smooth Stone","Lantern","Gremlin Horn","Bronze Scales","Happy Flower","Strawberry"],"gold_per_floor":[442,4,24,24,43,74,90,90,90,128,153,153,193,211,211,332,332,353,377,377,18,18,62,62,96,96,120,141,141,155,60,60,186,186,201,252,252,320,60,103,127,227,227,227,29,29,43,43,43,43],"floor_reached":51,"campfire_rested":0,"playtime":1191,"current_hp_per_floor":[82,92,94,94,96,98,100,100,100,102,104,104,106,108,108,110,120,122,124,124,124,124,126,126,128,130,132,134,134,136,136,136,138,138,140,142,142,144,144,146,148,148,150,150,157,157,159,139,139,114],"items_purged":["Madness"],"gold":43,"score":1008,"play_id":"647d3cda-0316-4eaf-90f3-3fc59aac0bea","local_time":"20180308035425","is_prod":false,"is_daily":false,"is_ascension_mode":false,"campfire_upgraded":0,"timestamp":1520499265,"path_taken":["M","$","M","$","M","E","M","$","T","E","M","R","E","M","R","BOSS","M","M","?","$","?","E","R","E","T","M","M","R","M","?","R","BOSS","M","?","?","?","$","E","M","?","T","?","$","R","M","?","R","BOSS"],"build_version":"2018-03-01-PROD1","purchased_purges":2,"victory":true,"master_deck":["Rampage+1","Double Tap+1","Madness+1","Madness","Madness"],"max_hp_per_floor":[82,92,94,94,96,98,100,100,100,102,104,104,106,108,108,110,120,122,124,124,124,124,126,126,128,130,132,134,134,136,136,136,138,138,140,142,142,144,144,146,148,148,150,150,157,157,159,159,159,159],"relics":["Golden Idol","Old Coin","Tiny Chest","Matryoshka","Circlet","Shovel","Unceasing Top","Membership Card","Black Blood","Burning Blood","Magic Flower","The Courier","Juzu Bracelet","Singing Bowl","Anchor","Ancient Tea Set","Omamori","Orichalcum","Pear","Blood Vial","UtilityBelt","War Paint","ExtremelyHeavyHammer","Darkstone Periapt","Mummified Hand","RustyGear","Orrery","Prayer Wheel","Self Forming Clay","Oddly Smooth Stone","Whetstone","Dodecahedron","BrainOfInsanity","TwinDoll","Shuriken","Dead Branch","Lantern","Meat on the Bone","NemesisMask","Vajra","Red Skull","Gremlin Horn","Bronze Scales","Molten Egg 2","Letter Opener","Happy Flower","Strawberry","Regal Pillow","Bottled Lightning"],"card_choices":[],"player_experience":654020,"potions_floor_usage":[50,50],"damage_taken":[{"damage":0.0,"enemies":"2 Louse","floor":1.0,"turns":1.0},{"damage":0.0,"enemies":"Small Slimes","floor":3.0,"turns":1.0},{"damage":0.0,"enemies":"Cultist","floor":5.0,"turns":1.0},{"damage":0.0,"enemies":"Lagavulin","floor":6.0,"turns":2.0},{"damage":0.0,"enemies":"Large Slime","floor":7.0,"turns":1.0},{"damage":0.0,"enemies":"Gremlin Nob","floor":10.0,"turns":2.0},{"damage":0.0,"enemies":"Blue Slaver","floor":11.0,"turns":1.0},{"damage":0.0,"enemies":"3 Sentries","floor":13.0,"turns":1.0},{"damage":0.0,"enemies":"Exordium Thugs","floor":14.0,"turns":1.0},{"damage":0.0,"enemies":"Slime Boss","floor":16.0,"turns":1.0},{"damage":0.0,"enemies":"Chosen","floor":18.0,"turns":2.0},{"damage":5.0,"enemies":"3 Byrds","floor":19.0,"turns":3.0},{"damage":0.0,"enemies":"Slavers","floor":23.0,"turns":2.0},{"damage":0.0,"enemies":"Gremlin Leader","floor":25.0,"turns":1.0},{"damage":0.0,"enemies":"Cultist and Chosen","floor":27.0,"turns":2.0},{"damage":0.0,"enemies":"Snecko","floor":28.0,"turns":1.0},{"damage":0.0,"enemies":"Centurion and Healer","floor":30.0,"turns":1.0},{"damage":0.0,"enemies":"Champ","floor":33.0,"turns":2.0},{"damage":0.0,"enemies":"Orb Walker","floor":35.0,"turns":1.0},{"damage":18.0,"enemies":"Mysterious Sphere","floor":38.0,"turns":5.0},{"damage":0.0,"enemies":"Nemesis","floor":40.0,"turns":3.0},{"damage":0.0,"enemies":"3 Shapes","floor":41.0,"turns":1.0},{"damage":0.0,"enemies":"3 Darklings","floor":47.0,"turns":1.0},{"damage":70,"enemies":"Awakened One","floor":50,"turns":7}],"event_choices":[{"event_name":"Back to Basics","player_choice":"Simplicity","floor":20.0,"damage_taken":0.0},{"event_name":"Wheel of Change","player_choice":"Full Heal","floor":22.0,"damage_taken":0.0},{"event_name":"Mysterious Sphere","player_choice":"Fight","floor":38.0,"damage_taken":0.0},{"event_name":"Golden Shrine","player_choice":"Pray","floor":42.0,"damage_taken":0.0},{"event_name":"Tomb of Lord Red Mask","player_choice":"Ignored","floor":44.0,"damage_taken":0.0},{"event_name":"Winding Halls","player_choice":"Embrace Madness","floor":48.0,"damage_taken":0.0}],"boss_relics":[],"potions_floor_spawned":[6,10,13,16,27,28,30,33,35,40,47],"seed_played":"1904822823591945859","ascension_level":0,"is_trial":false}