{"path_per_floor":["M","$","M","?","?","M","?","M","T","$","R","$","R","M","R","B",null,"M","?","$","M","?","R","M","R","T","R","E","R","E","?","R","B",null,"M","?","M","M","M","R","M","$","T","M","$","M","?","M","R","B"],"character_chosen":"IRONCLAD","items_purchased":["Clash","Block Potion","Clash","Anchor","Whirlwind","Ancient Potion","Flex"],"gold_per_floor":[119,44,54,129,79,92,92,109,109,109,109,4,4,18,18,121,121,141,141,90,109,24,24,41,41,41,41,75,75,105,105,105,206,206,221,181,201,219,237,237,249,97,165,176,1,16,16,32,32,32],"floor_reached":51,"campfire_rested":2,"playtime":1750,"current_hp_per_floor":[80,80,80,69,69,62,55,41,41,41,41,41,41,35,59,36,80,60,60,60,70,70,70,58,58,58,80,67,67,79,79,79,65,80,68,68,65,68,80,80,75,75,75,80,80,80,80,75,75,17],"items_purged":["Defend_R"],"gold":32,"score":578,"play_id":"1bb7dcd5-4b77-4a5b-9ec8-06064673dcfd","local_time":"20180306143230","is_prod":false,"is_daily":false,"is_ascension_mode":false,"campfire_upgraded":4,"timestamp":1520364750,"path_taken":["M","?","M","?","?","M","?","M","T","$","R","$","R","?","R","BOSS","M","?","$","M","?","R","M","R","T","R","E","R","E","?","R","BOSS","M","?","M","M","M","R","?","$","T","M","$","M","?","?","R","BOSS"],"build_version":"2018-03-01-PROD1","purchased_purges":1,"victory":true,"master_deck":["Strike_R","Bash+1","Inflame+1","Clash","Clash","Seeing Red+1","Clash","Flex+1","Pommel Strike","Reaper","Inflame","Clash","Whirlwind","Flex","Heavy Blade"],"max_hp_per_floor":[80,80,80,80,80,80,80,80,80,80,80,80,80,80,80,80,80,80,80,80,80,80,80,80,80,80,80,80,80,80,80,80,80,80,80,80,80,80,80,80,80,80,80,80,80,80,80,80,80,80],"relics":["Black Blood","Unceasing Top","Blood Vial","Peace Pipe","Paper Frog","Champion Belt","Lizard Tail","Anchor","Blue Candle"],"card_choices":[{"not_picked":["Cleave","Power Through"],"picked":"Inflame"},{"not_picked":["True Grit","Spot Weakness"],"picked":"Clash"},{"not_picked":["Limit Break","Feed"],"picked":"Immolate"},{"not_picked":["Body Slam","Feel No Pain"],"picked":"Clash"},{"not_picked":["Pommel Strike","Clothesline"],"picked":"Flex"},{"not_picked":["Metallicize","Intimidate"],"picked":"Pommel Strike"},{"not_picked":["Dark Embrace","Bludgeon"],"picked":"Reaper"},{"not_picked":["Body Slam","Iron Wave"],"picked":"Inflame"},{"not_picked":["Twin Strike","Dropkick"],"picked":"Clash"},{"not_picked":["Sword Boomerang","Dropkick"],"picked":"Heavy Blade"}],"player_experience":609022,"potions_floor_usage":[50,50,50],"damage_taken":[{"damage":6.0,"enemies":"Cultist","floor":1.0,"turns":3.0},{"damage":1.0,"enemies":"2 Louse","floor":3.0,"turns":2.0},{"damage":13.0,"enemies":"Jaw Worm","floor":6.0,"turns":3.0},{"damage":20.0,"enemies":"Large Slime","floor":8.0,"turns":6.0},{"damage":12.0,"enemies":"2 Fungi Beasts","floor":14.0,"turns":2.0},{"damage":38.0,"enemies":"Hexaghost","floor":16.0,"turns":5.0},{"damage":30.0,"enemies":"2 Thieves","floor":18.0,"turns":3.0},{"damage":0.0,"enemies":"Spheric Guardian","floor":21.0,"turns":1.0},{"damage":24.0,"enemies":"Centurion and Healer","floor":24.0,"turns":3.0},{"damage":23.0,"enemies":"Book of Stabbing","floor":28.0,"turns":3.0},{"damage":0.0,"enemies":"Gremlin Leader","floor":30.0,"turns":2.0},{"damage":25.0,"enemies":"Champ","floor":33.0,"turns":4.0},{"damage":44.0,"enemies":"3 Shapes","floor":35.0,"turns":3.0},{"damage":24.0,"enemies":"3 Darklings","floor":37.0,"turns":3.0},{"damage":18.0,"enemies":"Maw","floor":38.0,"turns":4.0},{"damage":18.0,"enemies":"3 Darklings","floor":39.0,"turns":3.0},{"damage":36.0,"enemies":"4 Shapes","floor":41.0,"turns":3.0},{"damage":5.0,"enemies":"Maw","floor":44.0,"turns":3.0},{"damage":1.0,"enemies":"Sphere and 2 Shapes","floor":46.0,"turns":2.0},{"damage":41,"enemies":"4 Shapes","floor":48,"turns":3},{"damage":119,"enemies":"Time Eater","floor":50,"turns":8}],"event_choices":[{"event_name":"World of Goop","player_choice":"Gather Gold","floor":4.0,"damage_taken":0.0},{"event_name":"The Cleric","player_choice":"Card Removal","floor":5.0,"damage_taken":0.0},{"event_name":"Golden Wing","player_choice":"Card Removal","floor":7.0,"damage_taken":0.0},{"event_name":"The Library","player_choice":"Read","floor":19.0,"damage_taken":0.0},{"event_name":"Addict","player_choice":"Obtained Relic","floor":22.0,"damage_taken":0.0},{"event_name":"Back to Basics","player_choice":"Elegance","floor":31.0,"damage_taken":0.0},{"event_name":"The Woman in Blue","player_choice":"Bought 3 Potions","floor":36.0,"damage_taken":0.0}],"boss_relics":[],"potions_floor_spawned":[6,14,21,24,28,35,37,39,44],"seed_played":"3083038576573808670","ascension_level":0,"is_trial":false}