{"path_per_floor":["M","$","M","?","?","R","E","$","T","M","R","M","M","?","R","B",null,"M","?","M","M","T","R","M","M","T","M","$","M","$","M","R","B",null,"M","?","?","M","T","R","M","$","T","R","M","M","M","?","R","B"],"character_chosen":"IRONCLAD","items_purchased":["Whirlwind","Singing Bowl","Flex"],"gold_per_floor":[117,117,136,86,161,161,189,40,66,80,80,91,110,110,110,214,214,232,147,160,177,201,201,214,234,234,249,99,118,18,34,34,135,135,149,149,149,161,161,161,175,2,2,2,22,34,54,0,0,0],"floor_reached":51,"campfire_rested":4,"playtime":1545,"current_hp_per_floor":[80,80,76,76,65,65,31,31,31,31,70,46,41,34,73,21,80,80,80,76,55,55,55,61,67,67,52,52,48,48,30,70,44,86,85,74,74,72,72,76,60,60,60,64,60,66,65,65,96,68],"items_purged":["Defend_R","Defend_R","Madness"],"gold":0,"score":528,"play_id":"ee115216-1297-4fe7-8325-de953e6fd9f4","local_time":"20180304133745","is_prod":false,"is_daily":false,"is_ascension_mode":false,"campfire_upgraded":4,"timestamp":1520188665,"path_taken":["M","$","?","?","?","R","E","$","T","M","R","M","M","?","R","BOSS","M","?","M","?","?","R","M","M","T","?","?","M","$","M","R","BOSS","M","?","?","M","?","R","M","$","T","R","M","M","M","?","R","BOSS"],"build_version":"2018-03-01-PROD1","purchased_purges":4,"victory":true,"master_deck":["Strike_R","Strike_R","Strike_R","Strike_R","Strike_R","Bash+1","Whirlwind+1","Heavy Blade","Double Tap+1","Clash","Flex+1","Flex+1","Madness","Flex","Clash"],"max_hp_per_floor":[80,80,80,80,80,80,80,80,80,80,80,80,80,80,80,80,80,80,80,80,80,80,80,80,80,80,80,80,82,82,84,84,86,86,88,88,88,90,90,90,92,92,92,92,94,94,96,96,96,96],"relics":["Burning Blood","Omamori","Gambling Chip","Regal Pillow","Runic Dome","Champion Belt","Ancient Tea Set","Bird Faced Urn","Singing Bowl","Eternal Feather","Shuriken","Ice Cream","Red Mask"],"card_choices":[{"not_picked":["Hemokinesis","Clothesline"],"picked":"Heavy Blade"},{"not_picked":["Brutality","Feed"],"picked":"Double Tap"},{"not_picked":["Sword Boomerang","True Grit"],"picked":"Clash"},{"not_picked":["Reaper","Anger"],"picked":"Flex"},{"not_picked":["Perfected Strike","Intimidate"],"picked":"Flex"},{"not_picked":["Warcry","Blood for Blood"],"picked":"Clash"}],"player_experience":581804,"potions_floor_usage":[50,50,50],"damage_taken":[{"damage":6.0,"enemies":"Cultist","floor":1.0,"turns":3.0},{"damage":10.0,"enemies":"Small Slimes","floor":3.0,"turns":3.0},{"damage":40.0,"enemies":"Lagavulin","floor":7.0,"turns":6.0},{"damage":6.0,"enemies":"Jaw Worm","floor":10.0,"turns":3.0},{"damage":30.0,"enemies":"Exordium Thugs","floor":12.0,"turns":4.0},{"damage":11.0,"enemies":"Blue Slaver","floor":13.0,"turns":4.0},{"damage":58.0,"enemies":"Hexaghost","floor":16.0,"turns":6.0},{"damage":0.0,"enemies":"3 Byrds","floor":18.0,"turns":3.0},{"damage":10.0,"enemies":"Chosen","floor":20.0,"turns":3.0},{"damage":27.0,"enemies":"3 Cultists","floor":21.0,"turns":4.0},{"damage":0.0,"enemies":"Centurion and Healer","floor":24.0,"turns":1.0},{"damage":0.0,"enemies":"Chosen and Byrds","floor":25.0,"turns":4.0},{"damage":21.0,"enemies":"Snake Plant","floor":27.0,"turns":2.0},{"damage":12.0,"enemies":"Centurion and Healer","floor":29.0,"turns":2.0},{"damage":26.0,"enemies":"Snecko","floor":31.0,"turns":4.0},{"damage":34.0,"enemies":"Automaton","floor":33.0,"turns":6.0},{"damage":9.0,"enemies":"3 Shapes","floor":35.0,"turns":1.0},{"damage":10.0,"enemies":"Orb Walker","floor":38.0,"turns":2.0},{"damage":24.0,"enemies":"Maw","floor":41.0,"turns":5.0},{"damage":12.0,"enemies":"Sphere and 2 Shapes","floor":45.0,"turns":1.0},{"damage":0.0,"enemies":"3 Darklings","floor":46.0,"turns":1.0},{"damage":9.0,"enemies":"4 Shapes","floor":47.0,"turns":1.0},{"damage":34,"enemies":"Time Eater","floor":50,"turns":4}],"event_choices":[{"event_name":"The Cleric","player_choice":"Card Removal","floor":4.0,"damage_taken":0.0},{"event_name":"World of Goop","player_choice":"Gather Gold","floor":5.0,"damage_taken":0.0},{"event_name":"Golden Wing","player_choice":"Card Removal","floor":14.0,"damage_taken":0.0},{"event_name":"Addict","player_choice":"Obtained Relic","floor":19.0,"damage_taken":0.0},{"event_name":"Winding Halls","player_choice":"Embrace Madness","floor":36.0,"damage_taken":0.0},{"event_name":"Mysterious Sphere","player_choice":"Ignore","floor":37.0,"damage_taken":0.0},{"event_name":"Tomb of Lord Red Mask","player_choice":"Paid","floor":48.0,"damage_taken":0.0}],"boss_relics":[],"potions_floor_spawned":[1,10,13,24,27,29,38,41,46],"seed_played":"713262945728575502","ascension_level":0,"is_trial":false}