{"path_per_floor":["M","M","?","M","?","R","M","R","T","?","$","M","T","M","R","B",null,"M","?","?","?","?","$","M","R","T","M","R","M","R","M","R","B",null,"M","?","$","?","M","R","?","M","T","R","M","M","M","?","R","B"],"character_chosen":"IRONCLAD","items_purchased":["Reaper","Flex","Whirlwind","Vajra"],"gold_per_floor":[20,36,211,229,229,229,243,243,292,292,26,46,73,88,88,185,185,200,100,100,300,300,125,137,137,137,152,152,168,168,182,182,279,279,290,290,21,21,37,37,37,52,52,52,71,83,93,138,138,138],"floor_reached":51,"campfire_rested":1,"playtime":1664,"current_hp_per_floor":[80,79,79,80,64,64,65,65,65,62,62,54,54,64,64,76,80,72,72,72,72,72,72,80,80,80,49,53,54,58,44,72,25,80,73,86,86,86,83,86,86,62,62,66,60,83,58,60,66,23],"items_purged":["Doubt","Defend_R","Writhe"],"gold":138,"score":514,"play_id":"a9d92797-72fc-464a-a152-25d730d763ee","local_time":"20180303160146","is_prod":false,"is_daily":false,"is_ascension_mode":false,"campfire_upgraded":6,"timestamp":1520110906,"path_taken":["M","M","?","M","?","R","M","R","T","?","?","M","?","?","R","BOSS","M","?","?","?","?","$","M","R","T","M","R","M","R","M","R","BOSS","M","?","$","?","M","R","?","M","T","R","?","M","M","?","R","BOSS"],"build_version":"2018-03-01-PROD1","purchased_purges":4,"victory":true,"master_deck":["Strike_R+1","Strike_R+1","Strike_R+1","Clash+1","Reaper","Flex+1","Flex+1","Pommel Strike","J.A.X.","Whirlwind+1","Clash","Double Tap+1","Burning Pact+1","Flex"],"max_hp_per_floor":[80,80,80,80,80,80,80,80,80,80,80,80,80,80,80,80,80,80,80,80,80,80,80,80,80,80,80,80,80,80,80,80,80,80,80,86,86,86,86,86,86,86,86,86,86,86,86,86,86,86],"relics":["Burning Blood","Whetstone","Darkstone Periapt","Dream Catcher","Eternal Feather","Frozen Egg 2","Peace Pipe","Philosopher\u0027s Stone","Vajra","Frozen Eye","Red Skull"],"card_choices":[{"not_picked":["True Grit","Clothesline"],"picked":"Clash"},{"not_picked":["Seeing Red","Pommel Strike"],"picked":"Flex"},{"not_picked":["Sword Boomerang","Clothesline"],"picked":"Pommel Strike"},{"not_picked":["Body Slam","Thunderclap"],"picked":"Clash"},{"not_picked":["Barricade","Juggernaut"],"picked":"Double Tap"},{"not_picked":["Anger","Cleave"],"picked":"Burning Pact"},{"not_picked":["Disarm","Anger"],"picked":"Flex"}],"player_experience":570971,"potions_floor_usage":[47,50,50],"damage_taken":[{"damage":1.0,"enemies":"Jaw Worm","floor":1.0,"turns":5.0},{"damage":7.0,"enemies":"2 Louse","floor":2.0,"turns":2.0},{"damage":2.0,"enemies":"Small Slimes","floor":4.0,"turns":5.0},{"damage":5.0,"enemies":"3 Louse","floor":7.0,"turns":4.0},{"damage":14.0,"enemies":"Large Slime","floor":12.0,"turns":3.0},{"damage":5.0,"enemies":"Looter","floor":14.0,"turns":2.0},{"damage":14.0,"enemies":"Slime Boss","floor":16.0,"turns":9.0},{"damage":23.0,"enemies":"3 Byrds","floor":18.0,"turns":7.0},{"damage":3.0,"enemies":"Chosen","floor":24.0,"turns":3.0},{"damage":37.0,"enemies":"Snake Plant","floor":27.0,"turns":3.0},{"damage":5.0,"enemies":"Sentry and Sphere","floor":29.0,"turns":3.0},{"damage":36.0,"enemies":"Cultist and Chosen","floor":31.0,"turns":5.0},{"damage":59.0,"enemies":"Collector","floor":33.0,"turns":4.0},{"damage":13.0,"enemies":"Orb Walker","floor":35.0,"turns":2.0},{"damage":9.0,"enemies":"3 Shapes","floor":39.0,"turns":2.0},{"damage":40.0,"enemies":"Maw","floor":42.0,"turns":5.0},{"damage":12.0,"enemies":"Sphere and 2 Shapes","floor":45.0,"turns":1.0},{"damage":12.0,"enemies":"3 Darklings","floor":46.0,"turns":2.0},{"damage":73,"enemies":"4 Shapes","floor":47,"turns":5},{"damage":35,"enemies":"Mysterious Sphere","floor":48,"turns":3},{"damage":93,"enemies":"Donu and Deca","floor":50,"turns":5}],"event_choices":[{"event_name":"Liars Game","player_choice":"agreed","floor":3.0,"damage_taken":0.0},{"event_name":"Shining Light","player_choice":"Entered Light","floor":5.0,"damage_taken":0.0},{"event_name":"Scrap Ooze","player_choice":"success","floor":10.0,"damage_taken":3.0},{"event_name":"Drug Dealer","player_choice":"Got JAXXED","floor":19.0,"damage_taken":0.0},{"event_name":"The Woman in Blue","player_choice":"Bought 0 Potions","floor":20.0,"damage_taken":0.0},{"event_name":"Wheel of Change","player_choice":"Gold","floor":21.0,"damage_taken":0.0},{"event_name":"The Mausoleum","player_choice":"Yes","floor":22.0,"damage_taken":0.0},{"event_name":"Winding Halls","player_choice":"Writhe","floor":36.0,"damage_taken":0.0},{"event_name":"The Lab","player_choice":"Got Potions","floor":38.0,"damage_taken":0.0},{"event_name":"Mysterious Sphere","player_choice":"Fight","floor":48,"damage_taken":0}],"boss_relics":[],"potions_floor_spawned":[2,4,16,18,24,27,39,46],"seed_played":"-5361086023227270603","ascension_level":0,"is_trial":false}