{"path_per_floor":["M","$","M","?","T","E","M","R","T","E","M","?","?","T","R","B",null,"M","M","$","?","M","E","R","M","T","M","R","$","?","$","R","B",null,"M","?","?","M","$","R","E","R","T","R","M","M","E","$","R","B"],"character_chosen":"IRONCLAD","items_purchased":["Ancient Potion","Flex","Pear","Blood Vial","Swift Potion"],"gold_per_floor":[110,61,80,80,103,131,146,146,146,173,189,189,189,189,189,290,320,338,354,255,255,272,300,300,318,318,331,331,91,91,91,91,189,189,206,206,206,219,76,76,106,106,106,106,126,143,175,23,23,23],"floor_reached":51,"campfire_rested":1,"playtime":1743,"current_hp_per_floor":[74,74,77,70,70,32,36,60,60,41,45,45,50,50,50,47,90,90,84,84,84,90,75,75,77,77,71,71,81,81,81,81,100,100,100,100,100,100,100,100,75,75,75,75,72,97,100,100,100,100],"items_purged":["Defend_R","Defend_R"],"gold":23,"score":756,"play_id":"a234a58d-9d67-4b09-b565-edf9d22196c8","local_time":"20180312205926","is_prod":false,"is_daily":false,"is_ascension_mode":false,"campfire_upgraded":5,"timestamp":1520902766,"path_taken":["M","$","M","?","?","E","M","R","T","E","?","?","?","?","R","BOSS","M","M","$","?","M","E","R","M","T","?","R","?","?","$","R","BOSS","M","?","?","M","$","R","E","R","T","R","M","?","E","$","R","BOSS"],"build_version":"2018-03-09","purchased_purges":5,"victory":true,"master_deck":["Strike_R","Strike_R","Strike_R","Strike_R","Strike_R","Defend_R+1","Bash+1","Limit Break+1","Flex+1","Battle Trance+1","Reaper","Flex+1","Reaper","Whirlwind+1"],"max_hp_per_floor":[80,80,80,80,80,80,80,80,80,80,80,80,85,85,85,85,90,90,90,90,90,90,90,90,90,90,90,90,100,100,100,100,100,100,100,100,100,100,100,100,100,100,100,100,100,100,100,100,100,100],"relics":["Black Blood","Dodecahedron","Happy Flower","Torii","Ornamental Fan","Girya","Sundial","Tiny House","Bag of Marbles","Dead Branch","Pear","Blood Vial","Meat on the Bone","Vajra","Self Forming Clay"],"card_choices":[{"not_picked":["Warcry","True Grit"],"picked":"Flex"},{"not_picked":["Rage","Rupture"],"picked":"Battle Trance"},{"not_picked":["Demon Form","Fiend Fire"],"picked":"Reaper"},{"not_picked":["Rupture","Anger"],"picked":"Whirlwind"}],"player_experience":662296,"potions_floor_usage":[16,16,23,23,33,47,50,50],"damage_taken":[{"damage":12,"enemies":"Small Slimes","floor":1,"turns":4},{"damage":3,"enemies":"Jaw Worm","floor":3,"turns":3},{"damage":44,"enemies":"Gremlin Nob","floor":6,"turns":6},{"damage":2,"enemies":"Cultist","floor":7,"turns":4},{"damage":25,"enemies":"3 Sentries","floor":10,"turns":12},{"damage":2,"enemies":"Looter","floor":11,"turns":3},{"damage":9,"enemies":"Slime Boss","floor":16,"turns":6},{"damage":1,"enemies":"Chosen","floor":18,"turns":3},{"damage":12,"enemies":"Spheric Guardian","floor":19,"turns":4},{"damage":20,"enemies":"Slaver and Parasite","floor":22,"turns":8},{"damage":21,"enemies":"Slavers","floor":23,"turns":2},{"damage":18,"enemies":"Sentry and Sphere","floor":25,"turns":5},{"damage":22,"enemies":"Centurion and Healer","floor":27,"turns":4},{"damage":31,"enemies":"Champ","floor":33,"turns":6},{"damage":31,"enemies":"3 Darklings","floor":35,"turns":3},{"damage":0,"enemies":"3 Shapes","floor":38,"turns":1},{"damage":62,"enemies":"Giant Head","floor":41,"turns":7},{"damage":30,"enemies":"Maw","floor":45,"turns":5},{"damage":34,"enemies":"4 Shapes","floor":46,"turns":2},{"damage":10,"enemies":"2 Orb Walkers","floor":47,"turns":2},{"damage":84,"enemies":"Donu and Deca","floor":50,"turns":5}],"event_choices":[{"event_name":"Scrap Ooze","player_choice":"success","floor":4,"damage_taken":7},{"event_name":"Living Wall","player_choice":"Grow","floor":12,"damage_taken":0},{"event_name":"Big Fish","player_choice":"Donut","floor":13,"damage_taken":0},{"event_name":"Duplicator","player_choice":"One dupe","floor":21,"damage_taken":0},{"event_name":"Drug Dealer","player_choice":"Ignored","floor":30,"damage_taken":0},{"event_name":"Bonfire Elementals","player_choice":"BASIC","floor":36,"damage_taken":0},{"event_name":"The Woman in Blue","player_choice":"Bought 0 Potions","floor":37,"damage_taken":0}],"boss_relics":[{"not_picked":["Astrolabe","Ectoplasm"],"picked":"Tiny House"},{"not_picked":["Velvet Choker","Snecko Eye"],"picked":"Black Blood"}],"potions_floor_spawned":[1,10,18,22,25,35,41,45],"seed_played":"2069064430552436235","ascension_level":0,"is_trial":false}