{"path_per_floor":["M","?","M","?","$","R","?","E","T","T","R","$","E","?","R","B",null,"M","?","M","$","?","R","E","$","T","T","M","R","$","M","R","B",null,"M","?","?","M","$","R","E","?","T","?","$","M","$","M","R"],"character_chosen":"IRONCLAD","items_purchased":["Double Tap","Strength Potion"],"gold_per_floor":[118,293,306,256,181,181,181,216,239,239,239,139,173,173,173,270,270,288,288,301,25,25,25,55,55,82,82,96,96,96,109,109,214,214,233,233,233,248,98,98,132,132,132,177,127,139,39,49,49],"floor_reached":50,"campfire_rested":2,"playtime":1478,"current_hp_per_floor":[88,88,88,88,88,88,88,62,62,62,62,62,60,60,60,29,88,77,61,63,63,63,63,43,43,43,43,45,45,45,40,81,64,88,88,88,88,88,88,88,61,61,61,48,48,27,27,24,65],"items_purged":["Strike_R","Strike_R","Strike_R","Defend_R","Thunderclap","Defend_R"],"gold":49,"score":465,"play_id":"acfa0c7a-5d50-4a24-b657-2d93e29af7c4","local_time":"20180303030538","is_prod":false,"is_daily":false,"is_ascension_mode":false,"campfire_upgraded":6,"timestamp":1520064338,"path_taken":["M","?","M","?","$","R","?","E","T","?","R","?","E","?","R","BOSS","M","?","M","$","?","R","E","?","T","?","?","R","$","M","R","BOSS","M","?","?","?","$","R","E","?","T","?","$","M","$","M","R","BOSS"],"build_version":"2018-03-01-PROD1","purchased_purges":7,"victory":false,"master_deck":["Bash+1","Rampage+1","Whirlwind+1","Offering+1","Double Tap+1","Rampage+1"],"max_hp_per_floor":[88,88,88,88,88,88,88,88,88,88,88,88,88,88,88,88,88,88,88,88,88,88,88,88,88,88,88,88,88,88,88,88,88,88,88,88,88,88,88,88,88,88,88,88,88,88,88,88,88],"relics":["Burning Blood","Bronze Scales","Omamori","Unceasing Top","Dodecahedron","Runic Pyramid","Enchiridion","Bottled Lightning","Regal Pillow","Dead Branch","Runic Dome","Smiling Mask","Molten Egg 2","Gambling Chip"],"card_choices":[{"not_picked":["Heavy Blade","Flex"],"picked":"Rampage"},{"not_picked":["Bludgeon","Clash"],"picked":"Whirlwind"},{"not_picked":["Berserk","Immolate"],"picked":"Offering"},{"not_picked":["Twin Strike","Combust"],"picked":"Rampage"}],"player_experience":564984,"potions_floor_usage":[44,50,50],"damage_taken":[{"damage":2.0,"enemies":"Small Slimes","floor":1.0,"turns":4.0},{"damage":2.0,"enemies":"2 Louse","floor":3.0,"turns":3.0},{"damage":32.0,"enemies":"Lagavulin","floor":8.0,"turns":6.0},{"damage":8.0,"enemies":"3 Sentries","floor":13.0,"turns":2.0},{"damage":52.0,"enemies":"Hexaghost","floor":16.0,"turns":7.0},{"damage":17.0,"enemies":"Shell Parasite","floor":18.0,"turns":4.0},{"damage":4.0,"enemies":"3 Byrds","floor":20.0,"turns":2.0},{"damage":26.0,"enemies":"Slavers","floor":24.0,"turns":2.0},{"damage":4.0,"enemies":"Cultist and Chosen","floor":28.0,"turns":3.0},{"damage":11.0,"enemies":"Snake Plant","floor":31.0,"turns":2.0},{"damage":32.0,"enemies":"Automaton","floor":33.0,"turns":5.0},{"damage":4.0,"enemies":"Orb Walker","floor":35.0,"turns":1.0},{"damage":4.0,"enemies":"3 Darklings","floor":38.0,"turns":1.0},{"damage":33.0,"enemies":"Giant Head","floor":41.0,"turns":4.0},{"damage":19,"enemies":"Mysterious Sphere","floor":44,"turns":1},{"damage":27,"enemies":"Sphere and 2 Shapes","floor":46,"turns":1},{"damage":9,"enemies":"Maw","floor":48,"turns":4},{"damage":69,"enemies":"Time Eater","floor":50,"turns":3}],"event_choices":[{"event_name":"Liars Game","player_choice":"agreed","floor":2.0,"damage_taken":0.0},{"event_name":"The Cleric","player_choice":"Card Removal","floor":4.0,"damage_taken":0.0},{"event_name":"Living Wall","player_choice":"Forget","floor":7.0,"damage_taken":0.0},{"event_name":"Match and Keep!","player_choice":"0 cards matched","floor":14.0,"damage_taken":0.0},{"event_name":"Cursed Tome","player_choice":"Obtained Book","floor":19.0,"damage_taken":0.0},{"event_name":"Back to Basics","player_choice":"Elegance","floor":22.0,"damage_taken":0.0},{"event_name":"Tomb of Lord Red Mask","player_choice":"Ignored","floor":36.0,"damage_taken":0.0},{"event_name":"Transmorgrifier","player_choice":"Transform","floor":37.0,"damage_taken":0.0},{"event_name":"Mysterious Sphere","player_choice":"Fight","floor":44,"damage_taken":0}],"boss_relics":[],"potions_floor_spawned":[1,13,18,28,33,44],"seed_played":"439099276571950934","killed_by":"Time Eater","ascension_level":0,"is_trial":false}