{"path_per_floor":["M","?","?","M","M","E","R","$","T","$","M","$","?","$","R","B",null,"M","?","$","?","M","R","M","M","T","?","$","R","M","M","R"],"character_chosen":"IRONCLAD","items_purchased":["Rampage"],"gold_per_floor":[109,109,109,122,132,167,167,107,133,79,96,16,16,16,16,121,121,133,133,33,33,53,53,65,84,84,84,84,84,95,115,115],"floor_reached":33,"campfire_rested":2,"playtime":1384,"current_hp_per_floor":[78,78,71,72,78,54,54,54,54,54,55,55,55,55,55,52,82,67,51,51,51,59,59,27,15,15,15,15,45,30,34,66],"items_purged":["Defend_R","Strike_R","Strike_R"],"gold":115,"score":270,"play_id":"7dc8f39a-181f-4e28-af26-f529d07a8597","local_time":"20180307230915","is_prod":false,"is_daily":false,"is_ascension_mode":false,"campfire_upgraded":3,"timestamp":1520482155,"path_taken":["M","?","?","M","M","E","R","?","T","$","M","$","?","$","R","BOSS","M","?","$","?","?","R","M","M","T","?","?","R","M","M","R","BOSS"],"build_version":"2018-03-01-PROD1","purchased_purges":3,"victory":false,"master_deck":["Strike_R","Strike_R","Strike_R","Defend_R","Defend_R","Defend_R","Bash+1","Rampage+1","Double Tap+1"],"max_hp_per_floor":[80,80,80,80,80,80,80,80,80,80,82,82,82,82,82,82,82,84,89,89,89,91,91,93,95,95,95,95,97,99,101,103],"relics":["Black Blood","Oddly Smooth Stone","Bag of Preparation","The Courier","Singing Bowl","Dream Catcher","Girya","Happy Flower"],"card_choices":[{"not_picked":["Dark Embrace","Reaper"],"picked":"Double Tap"}],"player_experience":647315,"potions_floor_usage":[33,33],"damage_taken":[{"damage":8.0,"enemies":"2 Louse","floor":1.0,"turns":3.0},{"damage":5.0,"enemies":"Jaw Worm","floor":4.0,"turns":3.0},{"damage":0.0,"enemies":"Small Slimes","floor":5.0,"turns":4.0},{"damage":30.0,"enemies":"Gremlin Nob","floor":6.0,"turns":5.0},{"damage":7.0,"enemies":"Exordium Wildlife","floor":11.0,"turns":4.0},{"damage":9.0,"enemies":"Slime Boss","floor":16.0,"turns":6.0},{"damage":27.0,"enemies":"3 Byrds","floor":18.0,"turns":8.0},{"damage":4.0,"enemies":"Spheric Guardian","floor":22.0,"turns":3.0},{"damage":44.0,"enemies":"Cultist and Chosen","floor":24.0,"turns":6.0},{"damage":24.0,"enemies":"Snake Plant","floor":25.0,"turns":4.0},{"damage":27.0,"enemies":"3 Cultists","floor":30.0,"turns":5.0},{"damage":8.0,"enemies":"Chosen and Byrds","floor":31.0,"turns":4.0},{"damage":73,"enemies":"Automaton","floor":33,"turns":6}],"event_choices":[{"event_name":"Big Fish","player_choice":"Box","floor":2.0,"damage_taken":0.0},{"event_name":"Golden Wing","player_choice":"Card Removal","floor":3.0,"damage_taken":0.0},{"event_name":"Dead Adventurer","player_choice":"Searched \u00271\u0027 times","floor":13.0,"damage_taken":0.0},{"event_name":"Dead Adventurer","player_choice":"Searched \u00271\u0027 times","floor":13.0,"damage_taken":0.0},{"event_name":"Forgotten Altar","player_choice":"Shed Blood","floor":19.0,"damage_taken":0.0},{"event_name":"Cursed Tome","player_choice":"Ignored","floor":21.0,"damage_taken":0.0},{"event_name":"Accursed Blacksmith","player_choice":"Rummage","floor":27.0,"damage_taken":0.0}],"boss_relics":[],"potions_floor_spawned":[1,16,18,24,30],"seed_played":"134721103085553881","killed_by":"Automaton","ascension_level":0,"is_trial":false}