{"path_per_floor":["M","?","$","?","$","E","M","E","T","M","R","M","R","?","R","B",null,"M","?","?","M"],"character_chosen":"IRONCLAD","items_purchased":["Inflame","Heavy Blade","Flex"],"gold_per_floor":[211,161,30,30,6,31,45,74,74,87,87,102,102,352,352,456,456,471,471,386,405],"floor_reached":22,"campfire_rested":2,"playtime":1308,"current_hp_per_floor":[80,80,80,73,73,43,38,14,14,20,44,49,49,49,73,20,90,55,37,37,9],"items_purged":[],"gold":405,"score":217,"play_id":"05481e12-a06c-4a47-87b7-e91374d8f0de","local_time":"20180302144152","is_prod":false,"is_daily":false,"is_ascension_mode":false,"campfire_upgraded":1,"timestamp":1520019712,"path_taken":["M","?","$","?","?","E","M","E","T","M","R","?","R","?","R","BOSS","M","?","?","M","M"],"build_version":"2018-03-01-PROD1","purchased_purges":0,"victory":false,"master_deck":["Strike_R","Strike_R","Strike_R+1","Strike_R+1","Strike_R","Defend_R+1","Defend_R+1","Bash","Inflame","Heavy Blade","Flex+1","Pommel Strike","Regret","Decay","Parasite","Doubt","Clash"],"max_hp_per_floor":[80,80,80,80,80,80,80,80,80,80,80,80,80,80,80,80,90,90,95,95,95],"relics":["Burning Blood","Gremlin Horn","Whetstone","Blue Candle","Calling Bell","Pear","Calipers","War Paint","Omamori"],"card_choices":[{"not_picked":["Shrug It Off","Headbutt"],"picked":"Pommel Strike"},{"not_picked":["Shrug It Off","Combust"],"picked":"Clash"}],"player_experience":556753,"potions_floor_usage":[21],"damage_taken":[{"damage":2,"enemies":"Small Slimes","floor":1,"turns":4},{"damage":36,"enemies":"Lagavulin","floor":6,"turns":5},{"damage":11,"enemies":"Jaw Worm","floor":7,"turns":3},{"damage":30,"enemies":"Gremlin Nob","floor":8,"turns":4},{"damage":0,"enemies":"2 Louse","floor":10,"turns":1},{"damage":1,"enemies":"2 Fungi Beasts","floor":12,"turns":2},{"damage":59,"enemies":"The Guardian","floor":16,"turns":7},{"damage":41,"enemies":"Chosen","floor":18,"turns":4},{"damage":34,"enemies":"2 Thieves","floor":21,"turns":4},{"damage":9,"enemies":"3 Cultists","floor":22,"turns":2}],"event_choices":[{"event_name":"The Cleric","player_choice":"Card Removal","floor":2,"damage_taken":0},{"event_name":"Golden Wing","player_choice":"Card Removal","floor":4,"damage_taken":0},{"event_name":"Golden Shrine","player_choice":"Desecrate","floor":14,"damage_taken":0},{"event_name":"Forgotten Altar","player_choice":"Shed Blood","floor":19,"damage_taken":0},{"event_name":"Addict","player_choice":"Obtained Relic","floor":20,"damage_taken":0}],"boss_relics":[{"not_picked":["Eternal Feather","Philosopher\u0027s Stone"],"picked":"Calling Bell"}],"potions_floor_spawned":[8,12,16,21],"seed_played":"-4306769605293715829","killed_by":"3 Cultists","ascension_level":0,"is_trial":false}