{"path_per_floor":["M","M","$","M","M","R","E","M","T","R","M","?","?","$","R","B",null,"M","M","?","?"],"character_chosen":"IRONCLAD","items_purchased":["Magic Flower"],"gold_per_floor":[110,121,121,136,146,146,176,193,193,193,209,459,459,94,94,197,197,211,227,767,767],"floor_reached":22,"campfire_rested":0,"playtime":625,"current_hp_per_floor":[80,80,80,75,80,80,51,56,56,56,61,61,61,61,61,19,80,73,67,11,11],"items_purged":["Regret"],"gold":767,"score":211,"play_id":"f6d901c4-9ca5-4f9a-8413-8ad0ad2a29a0","local_time":"20180311155735","is_prod":false,"is_daily":false,"is_ascension_mode":false,"campfire_upgraded":3,"timestamp":1520798255,"path_taken":["M","M","$","M","M","R","E","M","T","R","M","?","?","$","R","BOSS","M","M","?","?","M"],"build_version":"2018-03-09","purchased_purges":1,"victory":false,"master_deck":["Strike_R","Strike_R","Strike_R","Strike_R","Strike_R","Defend_R","Defend_R","Defend_R","Bash+1","Immolate","Perfected Strike+1","Perfected Strike+1","Offering","Sentinel","Reaper"],"max_hp_per_floor":[80,80,80,80,80,80,80,80,80,80,80,80,80,80,80,80,80,80,80,80,80],"relics":["Burning Blood","Happy Flower","Torii","Charon\u0027s Ashes","Regal Pillow","Magic Flower","Question Card"],"card_choices":[{"not_picked":["Headbutt","Anger"],"picked":"Immolate"},{"not_picked":["Sword Boomerang","Clash"],"picked":"Perfected Strike"},{"not_picked":["Metallicize","Flex"],"picked":"Perfected Strike"},{"not_picked":["Exhume","Juggernaut"],"picked":"Offering"},{"not_picked":["True Grit","Flame Barrier","Cleave"],"picked":"Sentinel"}],"player_experience":655223,"potions_floor_usage":[16,22,22,22],"damage_taken":[{"damage":0,"enemies":"2 Louse","floor":1,"turns":2},{"damage":1,"enemies":"Cultist","floor":2,"turns":3},{"damage":11,"enemies":"Jaw Worm","floor":4,"turns":4},{"damage":0,"enemies":"Large Slime","floor":5,"turns":4},{"damage":35,"enemies":"Lagavulin","floor":7,"turns":7},{"damage":1,"enemies":"Looter","floor":8,"turns":2},{"damage":1,"enemies":"Blue Slaver","floor":11,"turns":2},{"damage":51,"enemies":"The Guardian","floor":16,"turns":8},{"damage":16,"enemies":"3 Byrds","floor":18,"turns":6},{"damage":15,"enemies":"2 Thieves","floor":19,"turns":3},{"damage":11,"enemies":"Slaver and Parasite","floor":22,"turns":2}],"event_choices":[{"event_name":"Golden Shrine","player_choice":"Desecrate","floor":12,"damage_taken":0},{"event_name":"Dead Adventurer","player_choice":"Searched \u00271\u0027 times","floor":13,"damage_taken":0},{"event_name":"Knowing Skull","player_choice":"GOLD GOLD GOLD GOLD GOLD GOLD ","floor":20,"damage_taken":0},{"event_name":"Transmorgrifier","player_choice":"Transform","floor":21,"damage_taken":0}],"boss_relics":[{"not_picked":["Philosopher\u0027s Stone","Eternal Feather"],"picked":"Question Card"}],"potions_floor_spawned":[1,4,8,18],"seed_played":"-8901664123389982631","killed_by":"Slaver and Parasite","ascension_level":0,"is_trial":false}