{"path_per_floor":["M","?","M","?","$","E","R","E","T","E","R","T","M","M","R","B",null,"M","M","M","?","$","R","?","R","T","M","R","M","?","M","R"],"character_chosen":"IRONCLAD","items_purchased":["Kunai"],"gold_per_floor":[114,289,307,307,232,263,263,292,341,367,367,367,379,398,398,500,500,519,529,543,458,116,116,116,116,116,132,132,152,152,162,162],"floor_reached":33,"campfire_rested":2,"playtime":1261,"current_hp_per_floor":[80,80,80,64,64,46,70,60,60,47,47,47,53,57,57,41,80,76,68,51,51,51,51,51,51,51,49,49,47,32,30,70],"items_purged":["Doubt","Strike_R"],"gold":162,"score":278,"play_id":"0f19bc77-d15e-40be-b563-37bf770d1f86","local_time":"20180312152448","is_prod":false,"is_daily":false,"is_ascension_mode":true,"campfire_upgraded":5,"timestamp":1520882688,"path_taken":["M","?","M","?","$","E","R","E","T","E","R","?","M","M","R","BOSS","M","M","M","?","$","R","?","R","T","M","R","?","?","M","R","BOSS"],"build_version":"2018-03-09","purchased_purges":2,"victory":false,"master_deck":["Strike_R","Strike_R+1","Strike_R+1","Strike_R+1","Defend_R","Defend_R","Defend_R+1","Defend_R","Bash+1","Double Tap+1","Headbutt","Offering+1","Rampage+1","Exhume","Shrug It Off+1","Whirlwind+1","Shrug It Off"],"max_hp_per_floor":[80,80,80,80,80,80,80,80,80,80,80,80,80,80,80,80,80,80,80,80,80,80,80,80,80,80,80,80,80,85,85,85],"relics":["Burning Blood","Whetstone","Art of War","Regal Pillow","Gremlin Horn","Lantern","Orrery","Anchor","Kunai","Prayer Wheel","Self Forming Clay"],"card_choices":[{"not_picked":["Anger","Metallicize"],"picked":"Headbutt"},{"not_picked":["Dark Embrace","Berserk"],"picked":"Offering"},{"not_picked":["Headbutt","Anger"],"picked":"Rampage"},{"not_picked":["Body Slam","Headbutt"],"picked":"Exhume"},{"not_picked":["Sword Boomerang","Pommel Strike"],"picked":"Shrug It Off"},{"not_picked":["Pommel Strike","Wild Strike"],"picked":"Whirlwind"},{"not_picked":["Anger","Searing Blow"],"picked":"Shrug It Off"}],"player_experience":659537,"potions_floor_usage":[8,16,19,27,33,33],"damage_taken":[{"damage":5,"enemies":"2 Louse","floor":1,"turns":3},{"damage":1,"enemies":"Jaw Worm","floor":3,"turns":5},{"damage":24,"enemies":"Gremlin Nob","floor":6,"turns":4},{"damage":16,"enemies":"Lagavulin","floor":8,"turns":5},{"damage":19,"enemies":"3 Sentries","floor":10,"turns":8},{"damage":0,"enemies":"Small Slimes","floor":13,"turns":2},{"damage":2,"enemies":"Blue Slaver","floor":14,"turns":2},{"damage":22,"enemies":"Slime Boss","floor":16,"turns":10},{"damage":10,"enemies":"Spheric Guardian","floor":18,"turns":3},{"damage":14,"enemies":"2 Thieves","floor":19,"turns":3},{"damage":23,"enemies":"Centurion and Healer","floor":20,"turns":5},{"damage":8,"enemies":"Chosen and Byrds","floor":27,"turns":3},{"damage":8,"enemies":"Cultist and Chosen","floor":29,"turns":3},{"damage":8,"enemies":"Centurion and Healer","floor":31,"turns":5},{"damage":95,"enemies":"Champ","floor":33,"turns":10}],"event_choices":[{"event_name":"Liars Game","player_choice":"agreed","floor":2,"damage_taken":0},{"event_name":"Shining Light","player_choice":"Entered Light","floor":4,"damage_taken":0},{"event_name":"Addict","player_choice":"Obtained Relic","floor":21,"damage_taken":0},{"event_name":"The Mausoleum","player_choice":"Yes","floor":24,"damage_taken":0},{"event_name":"Forgotten Altar","player_choice":"Shed Blood","floor":30,"damage_taken":0}],"boss_relics":[{"not_picked":["White Beast Statue","Velvet Choker"],"picked":"Orrery"}],"potions_floor_spawned":[3,6,10,14,18,27,29],"seed_played":"-6035504925032287271","killed_by":"Champ","ascension_level":1,"is_trial":false}