{"path_per_floor":["M","$","?","M","?","?","?","M","T","M","M","?","M","M","R","B",null,"M","?","M","M","?","R","?","M","T","M","$","R","M","M","R","B",null,"M","?","?","M","M","R","?","R","T","$","R","$","M","M","R"],"character_chosen":"IRONCLAD","items_purchased":["Flex","Apotheosis","Regen Potion","Weak Potion","Strength Potion"],"gold_per_floor":[118,70,320,333,333,333,283,299,324,340,359,359,370,381,381,478,478,496,496,515,529,529,529,529,540,567,581,269,269,289,302,302,402,402,419,419,419,431,449,449,449,449,449,299,299,123,142,154,154],"floor_reached":50,"campfire_rested":6,"playtime":1809,"current_hp_per_floor":[80,80,80,72,72,77,77,82,82,82,78,78,73,79,79,76,85,73,73,54,45,45,70,70,24,24,10,10,35,31,40,65,29,85,63,63,63,43,8,33,33,58,58,58,83,83,79,63,63],"items_purged":["Defend_R","Strike_R","Strike_R"],"gold":154,"score":413,"play_id":"a4392b98-4518-4e79-b158-6af8603cf0fb","local_time":"20180307201951","is_prod":false,"is_daily":false,"is_ascension_mode":false,"campfire_upgraded":2,"timestamp":1520471991,"path_taken":["M","$","?","?","?","?","?","M","T","?","?","?","?","M","R","BOSS","M","?","M","M","?","R","?","M","T","M","$","R","M","M","R","BOSS","M","?","?","?","M","R","?","R","T","$","R","?","M","M","R","BOSS"],"build_version":"2018-03-01-PROD1","purchased_purges":3,"victory":false,"master_deck":["Strike_R","Strike_R","Strike_R","Bash","Flex+1","Clash","Flex","Pommel Strike","Reaper","Heavy Blade","Battle Trance+1","Clash+1","Apotheosis+1","Clash"],"max_hp_per_floor":[80,80,80,80,80,85,85,85,85,85,85,85,85,85,85,85,85,85,85,85,85,85,85,85,85,85,85,85,85,85,85,85,85,85,85,85,85,85,85,85,85,85,85,85,85,85,85,85,85],"relics":["Burning Blood"],"card_choices":[{"not_picked":["Evolve","Corruption"],"picked":"Clash"},{"not_picked":["Sword Boomerang","Evolve"],"picked":"Flex"},{"not_picked":["Armaments","Headbutt"],"picked":"Pommel Strike"},{"not_picked":["Bludgeon","Double Tap"],"picked":"Reaper"},{"not_picked":["Searing Blow","Whirlwind"],"picked":"Battle Trance"},{"not_picked":["Anger","Dual Wield"],"picked":"Clash"},{"not_picked":["Anger","Seeing Red"],"picked":"Clash"}],"player_experience":643035,"potions_floor_usage":[30,33,33,35,50,50,50],"damage_taken":[{"damage":0.0,"enemies":"2 Louse","floor":1.0,"turns":3.0},{"damage":14.0,"enemies":"Cultist","floor":4.0,"turns":4.0},{"damage":1.0,"enemies":"Jaw Worm","floor":8.0,"turns":2.0},{"damage":6.0,"enemies":"Lots of Slimes","floor":10.0,"turns":3.0},{"damage":10.0,"enemies":"Looter","floor":11.0,"turns":2.0},{"damage":11.0,"enemies":"Exordium Thugs","floor":13.0,"turns":4.0},{"damage":0.0,"enemies":"3 Louse","floor":14.0,"turns":2.0},{"damage":9.0,"enemies":"Slime Boss","floor":16.0,"turns":5.0},{"damage":18.0,"enemies":"Chosen","floor":18.0,"turns":3.0},{"damage":25.0,"enemies":"Shell Parasite","floor":20.0,"turns":4.0},{"damage":35.0,"enemies":"Centurion and Healer","floor":21.0,"turns":6.0},{"damage":52.0,"enemies":"Snake Plant","floor":25.0,"turns":5.0},{"damage":32.0,"enemies":"Chosen and Byrds","floor":27.0,"turns":6.0},{"damage":23,"enemies":"Snecko","floor":30,"turns":4},{"damage":21,"enemies":"3 Cultists","floor":31,"turns":4},{"damage":70,"enemies":"Champ","floor":33,"turns":8},{"damage":28,"enemies":"3 Darklings","floor":35,"turns":4},{"damage":48,"enemies":"3 Shapes","floor":38,"turns":5},{"damage":41,"enemies":"Sphere and 2 Shapes","floor":39,"turns":4},{"damage":37,"enemies":"3 Darklings","floor":47,"turns":4},{"damage":35,"enemies":"4 Shapes","floor":48,"turns":3},{"damage":98,"enemies":"Donu and Deca","floor":50,"turns":4}],"event_choices":[{"event_name":"Golden Shrine","player_choice":"Desecrate","floor":3.0,"damage_taken":0.0},{"event_name":"Living Wall","player_choice":"Forget","floor":5.0,"damage_taken":0.0},{"event_name":"Big Fish","player_choice":"Donut","floor":6.0,"damage_taken":0.0},{"event_name":"The Cleric","player_choice":"Card Removal","floor":7.0,"damage_taken":0.0},{"event_name":"Scrap Ooze","player_choice":"unsuccessful","floor":12.0,"damage_taken":0.0},{"event_name":"Cursed Tome","player_choice":"Ignored","floor":19.0,"damage_taken":0.0},{"event_name":"Addict","player_choice":"Ignored","floor":22.0,"damage_taken":0.0},{"event_name":"The Library","player_choice":"Read","floor":24.0,"damage_taken":0.0},{"event_name":"Mysterious Sphere","player_choice":"Ignore","floor":36,"damage_taken":0},{"event_name":"Tomb of Lord Red Mask","player_choice":"Ignored","floor":41,"damage_taken":0}],"boss_relics":[{"not_picked":["Runic Dome","Astrolabe","Philosopher\u0027s Stone"]}],"potions_floor_spawned":[4,8,13,16,18,21,27,30,31,35,38],"seed_played":"1017358117565554181","killed_by":"Donu and Deca","ascension_level":0,"is_trial":false}