{"path_per_floor":["M","$","M","?","$","R","?","R","T","M","?","?","E","M","R","B",null,"M","?","?","$","?","R","?","R","T","E","$","R","E","?","R","B",null,"M","?","M","?","?","R","M","M","T","?","?","$","?","?","R","B"],"character_chosen":"IRONCLAD","items_purchased":["Singing Bowl","Flex","Flex","War Paint","Weak Potion"],"gold_per_floor":[113,38,48,48,48,48,48,48,48,67,67,67,99,113,113,214,214,232,232,282,25,25,25,25,25,81,108,55,55,88,288,288,393,393,409,409,428,428,428,428,445,462,486,535,535,161,261,261,261,261],"floor_reached":51,"campfire_rested":1,"playtime":1421,"current_hp_per_floor":[78,78,79,79,79,79,79,79,79,80,80,80,63,61,61,29,80,80,80,80,80,80,80,80,80,80,70,70,70,73,73,73,15,84,81,86,70,70,70,70,75,55,55,56,56,56,56,56,82,41],"items_purged":["Defend_R","Defend_R","Writhe"],"gold":261,"score":574,"play_id":"9b710d40-8e59-425f-85a7-220902573380","local_time":"20180303210153","is_prod":false,"is_daily":false,"is_ascension_mode":false,"campfire_upgraded":8,"timestamp":1520128913,"path_taken":["M","$","M","?","$","R","?","R","T","M","?","?","E","M","R","BOSS","M","?","?","$","?","R","?","R","T","E","?","R","E","?","R","BOSS","M","?","M","?","?","R","M","M","T","?","?","$","?","?","R","BOSS"],"build_version":"2018-03-01-PROD1","purchased_purges":4,"victory":true,"master_deck":["Strike_R+1","Strike_R","Strike_R+1","Strike_R+1","Bash+1","Clash+1","Heavy Blade+1","Clash+1","Clash+1","Flex+1","Immolate+1","Clash+1","Flex+1","Clash+1","Battle Trance+1","Flex+1"],"max_hp_per_floor":[80,80,80,80,80,80,80,80,80,80,80,80,80,80,80,80,80,80,80,80,80,80,80,80,80,80,82,82,82,84,84,84,84,84,86,86,86,86,86,86,86,88,88,88,88,88,88,88,88,88],"relics":["Burning Blood","Orichalcum","Magic Flower","Juzu Bracelet","Orrery","Singing Bowl","Tiny Chest","Whetstone","Bag of Marbles","Lizard Tail","Oddly Smooth Stone","Unceasing Top","War Paint"],"card_choices":[{"not_picked":["Reckless Charge","Armaments"],"picked":"Heavy Blade"},{"not_picked":["Armaments","Havoc"],"picked":"Clash"},{"not_picked":["Brutality","Wild Strike"],"picked":"Clash"},{"not_picked":["Exhume","Feed"],"picked":"Immolate"},{"not_picked":["Warcry","Pummel"],"picked":"Clash"},{"not_picked":["Dual Wield","Body Slam"],"picked":"Flex"},{"not_picked":["Cleave","Thunderclap"],"picked":"Clash"}],"player_experience":572635,"potions_floor_usage":[50,50,50],"damage_taken":[{"damage":8.0,"enemies":"2 Louse","floor":1.0,"turns":4.0},{"damage":5.0,"enemies":"Small Slimes","floor":3.0,"turns":3.0},{"damage":3.0,"enemies":"Cultist","floor":10.0,"turns":3.0},{"damage":26.0,"enemies":"Lagavulin","floor":13.0,"turns":4.0},{"damage":11.0,"enemies":"Large Slime","floor":14.0,"turns":5.0},{"damage":41.0,"enemies":"Hexaghost","floor":16.0,"turns":8.0},{"damage":3.0,"enemies":"3 Byrds","floor":18.0,"turns":3.0},{"damage":21.0,"enemies":"Gremlin Leader","floor":27.0,"turns":4.0},{"damage":8.0,"enemies":"Book of Stabbing","floor":30.0,"turns":3.0},{"damage":67.0,"enemies":"Automaton","floor":33.0,"turns":8.0},{"damage":14.0,"enemies":"3 Shapes","floor":35.0,"turns":3.0},{"damage":25.0,"enemies":"3 Darklings","floor":37.0,"turns":5.0},{"damage":4.0,"enemies":"Sphere and 2 Shapes","floor":41.0,"turns":3.0},{"damage":31.0,"enemies":"4 Shapes","floor":42.0,"turns":6.0},{"damage":8.0,"enemies":"Mysterious Sphere","floor":44.0,"turns":3.0},{"damage":75,"enemies":"Time Eater","floor":50,"turns":9}],"event_choices":[{"event_name":"Big Fish","player_choice":"Box","floor":4.0,"damage_taken":0.0},{"event_name":"The Cleric","player_choice":"Leave","floor":7.0,"damage_taken":0.0},{"event_name":"Match and Keep!","player_choice":"1 cards matched","floor":11.0,"damage_taken":0.0},{"event_name":"Living Wall","player_choice":"Forget","floor":12.0,"damage_taken":0.0},{"event_name":"Bonfire Elementals","player_choice":"BASIC","floor":19.0,"damage_taken":0.0},{"event_name":"The Joust","player_choice":"Bet on Murderer","floor":20.0,"damage_taken":0.0},{"event_name":"Beggar","player_choice":"Ignored","floor":22.0,"damage_taken":0.0},{"event_name":"Upgrade Shrine","player_choice":"Upgraded","floor":24.0,"damage_taken":0.0},{"event_name":"Wheel of Change","player_choice":"Gold","floor":31.0,"damage_taken":0.0},{"event_name":"Winding Halls","player_choice":"Writhe","floor":36.0,"damage_taken":0.0},{"event_name":"Tomb of Lord Red Mask","player_choice":"Ignored","floor":38.0,"damage_taken":0.0},{"event_name":"Mysterious Sphere","player_choice":"Fight","floor":44.0,"damage_taken":0.0},{"event_name":"Match and Keep!","player_choice":"1 cards matched","floor":45,"damage_taken":0},{"event_name":"Golden Shrine","player_choice":"Pray","floor":47,"damage_taken":0},{"event_name":"Upgrade Shrine","player_choice":"Upgraded","floor":48,"damage_taken":0}],"boss_relics":[],"potions_floor_spawned":[3,10,13,16,27,35,42],"seed_played":"-5473048408920113161","ascension_level":0,"is_trial":false}