{"path_per_floor":["M","?","M","M","$","E","T","R","T","M","?","M","R","?","R","B",null,"M","?","$","M","?","R","?","R","T","$","M","$","M","M","R","B",null,"M","?","M","?","?","R","?","E","T","$","R","M","R","$","R","B"],"character_chosen":"IRONCLAD","items_purchased":["Tiny Chest","Flash of Steel","Flex","Seeing Red","Ancient Potion"],"gold_per_floor":[117,117,135,150,32,66,66,66,66,83,83,97,97,97,97,198,198,216,216,50,66,66,66,66,66,66,13,31,31,43,54,54,151,151,169,419,429,429,429,429,429,454,478,302,302,319,319,146,146,146],"floor_reached":51,"campfire_rested":0,"playtime":1726,"current_hp_per_floor":[80,80,80,80,80,54,54,54,54,57,57,56,56,56,56,37,80,80,80,80,80,65,75,75,75,75,75,74,74,78,83,83,29,98,98,98,98,98,98,98,98,94,94,94,94,76,76,76,76,29],"items_purged":["Defend_R","Writhe","Regret"],"gold":146,"score":571,"play_id":"1350bb43-2a15-40d1-b651-6e31bc4a8e4d","local_time":"20180302151355","is_prod":false,"is_daily":false,"is_ascension_mode":false,"campfire_upgraded":4,"timestamp":1520021635,"path_taken":["M","?","M","?","?","E","?","R","T","M","?","?","R","?","R","BOSS","M","?","?","?","?","R","?","R","T","$","M","?","?","M","R","BOSS","M","?","?","?","?","R","?","E","T","$","R","M","R","$","R","BOSS"],"build_version":"2018-03-01-PROD1","purchased_purges":3,"victory":true,"master_deck":["Strike_R","Strike_R","Strike_R","Strike_R","Strike_R","Bash+1","Heavy Blade","Flex+1","Inflame+1","Immolate","Clash","Flash of Steel","Flex+1","Flex+1","Clash+1","Double Tap+1","Inflame","Seeing Red"],"max_hp_per_floor":[80,80,80,80,80,80,80,80,80,80,80,80,80,80,80,80,80,80,80,80,80,85,95,95,95,95,95,95,95,98,98,98,98,98,98,98,98,98,98,98,98,98,98,98,98,98,98,98,98,98],"relics":["Black Blood","Tiny Chest","Blue Candle","Shovel","Pen Nib","Thread and Needle","Omamori","Cursed Key","Ornamental Fan","Pear","Dream Catcher","Dead Branch","Torii","Sundial","Art of War","Bronze Scales","Toxic Egg 2"],"card_choices":[{"not_picked":["Twin Strike","Intimidate"],"picked":"Heavy Blade"},{"not_picked":["Feed","Sword Boomerang"],"picked":"Flex"},{"not_picked":["Pummel","Headbutt"],"picked":"Inflame"},{"not_picked":["Fiend Fire","Bludgeon"],"picked":"Immolate"},{"not_picked":["Thunderclap","Carnage"],"picked":"Clash"},{"not_picked":["Bloodletting","Combust"],"picked":"Flex"},{"not_picked":["Corruption","Seeing Red"],"picked":"Clash"},{"not_picked":["Limit Break","Impervious"],"picked":"Double Tap"},{"not_picked":["Fire Breathing","Evolve"],"picked":"Inflame"}],"player_experience":558061,"potions_floor_usage":[50,50,50],"damage_taken":[{"damage":0.0,"enemies":"Small Slimes","floor":1.0,"turns":3.0},{"damage":6.0,"enemies":"Jaw Worm","floor":3.0,"turns":3.0},{"damage":6.0,"enemies":"Cultist","floor":4.0,"turns":3.0},{"damage":32.0,"enemies":"Gremlin Nob","floor":6.0,"turns":4.0},{"damage":3.0,"enemies":"Red Slaver","floor":10.0,"turns":3.0},{"damage":7.0,"enemies":"Blue Slaver","floor":12.0,"turns":3.0},{"damage":25.0,"enemies":"The Guardian","floor":16.0,"turns":7.0},{"damage":5.0,"enemies":"2 Thieves","floor":18.0,"turns":4.0},{"damage":0.0,"enemies":"Spheric Guardian","floor":21.0,"turns":2.0},{"damage":7,"enemies":"Centurion and Healer","floor":28,"turns":4},{"damage":5,"enemies":"Chosen and Byrds","floor":30,"turns":4},{"damage":1,"enemies":"3 Cultists","floor":31,"turns":3},{"damage":60,"enemies":"Collector","floor":33,"turns":7},{"damage":2,"enemies":"3 Darklings","floor":35,"turns":4},{"damage":1,"enemies":"Orb Walker","floor":37,"turns":2},{"damage":14,"enemies":"Nemesis","floor":42,"turns":3},{"damage":28,"enemies":"3 Darklings","floor":46,"turns":4},{"damage":57,"enemies":"Donu and Deca","floor":50,"turns":5}],"event_choices":[{"event_name":"Living Wall","player_choice":"Forget","floor":2.0,"damage_taken":0.0},{"event_name":"Bonfire Elementals","player_choice":"BASIC","floor":11.0,"damage_taken":0.0},{"event_name":"Upgrade Shrine","player_choice":"Upgraded","floor":14.0,"damage_taken":0.0},{"event_name":"The Mausoleum","player_choice":"Yes","floor":19.0,"damage_taken":0.0},{"event_name":"Forgotten Altar","player_choice":"Shed Blood","floor":22.0,"damage_taken":0.0},{"event_name":"Accursed Blacksmith","player_choice":"Rummage","floor":24,"damage_taken":0},{"event_name":"Golden Shrine","player_choice":"Desecrate","floor":36,"damage_taken":0},{"event_name":"Tomb of Lord Red Mask","player_choice":"Ignored","floor":38,"damage_taken":0},{"event_name":"Winding Halls","player_choice":"Writhe","floor":39,"damage_taken":0}],"boss_relics":[{"not_picked":["Astrolabe","Snecko Eye"],"picked":"Black Blood"}],"potions_floor_spawned":[1,6,12,18,30,33,42,46],"seed_played":"-1891246235109306954","ascension_level":0,"is_trial":false}