{"path_per_floor":["M","M","$","M","M","R","M","R","T","M","T","R","?","M","R","B",null,"M","M","M","$","?","R","M","M","T","M","M","$","R","M","R","B",null,"M","M","$","?","?","R","$","M","T","R","M","R","E","M","R"],"character_chosen":"IRONCLAD","items_purchased":["Perfected Strike","Sentinel","Pear","Power Through","Oddly Smooth Stone","Mummified Hand"],"gold_per_floor":[110,130,77,87,98,98,110,110,166,178,178,178,178,198,198,300,300,312,322,333,23,23,23,33,51,51,68,79,3,3,21,21,122,122,134,154,154,154,404,404,1,15,65,65,76,76,104,117,117],"floor_reached":50,"campfire_rested":4,"playtime":2567,"current_hp_per_floor":[76,77,77,77,69,69,69,69,69,65,65,65,65,60,60,52,80,80,80,53,63,63,63,61,63,63,56,41,41,68,43,70,16,90,90,81,81,81,81,81,81,52,52,79,74,74,38,48,75],"items_purged":[],"gold":117,"score":497,"play_id":"b04d7bf1-44c3-4ffb-ac0e-9d0e54766d02","local_time":"20180311154641","is_prod":false,"is_daily":false,"is_ascension_mode":false,"campfire_upgraded":5,"timestamp":1520797601,"path_taken":["M","M","$","M","M","R","M","R","T","M","?","R","?","M","R","BOSS","M","M","M","$","?","R","?","M","T","M","M","$","R","M","R","BOSS","M","M","$","?","?","R","$","M","T","R","M","R","E","M","R","BOSS"],"build_version":"2018-03-09","purchased_purges":1,"victory":false,"master_deck":["Strike_R","Strike_R","Strike_R","Strike_R","Defend_R","Defend_R","Defend_R","Defend_R","Bash+1","Exhume","Second Wind+1","Perfected Strike+1","Wild Strike+1","Wild Strike+1","Burning Pact","Offering","Evolve+1","Sentinel","Wild Strike","Feel No Pain","Power Through","Fiend Fire+1","Perfected Strike","Wild Strike","Shrug It Off+1","Feel No Pain","Perfected Strike+1","Perfected Strike+1","Immolate"],"max_hp_per_floor":[80,80,80,80,80,80,80,80,80,80,80,80,80,80,80,80,80,80,80,80,90,90,90,90,90,90,90,90,90,90,90,90,90,90,90,90,90,90,90,90,90,90,90,90,90,90,90,90,90],"relics":["Burning Blood","Tiny Chest","Peace Pipe","Mark of Pain","Pear","Orichalcum","Orrery","Oddly Smooth Stone","Mummified Hand","Vajra","Meat on the Bone"],"card_choices":[{"not_picked":["Anger","Twin Strike"],"picked":"Second Wind"},{"not_picked":["Rupture","Carnage"],"picked":"Wild Strike"},{"not_picked":["Sword Boomerang","Clash"],"picked":"Wild Strike"},{"not_picked":["Twin Strike","Clothesline"],"picked":"Burning Pact"},{"not_picked":["Brutality","Juggernaut"],"picked":"Offering"},{"not_picked":["Warcry","Clash"],"picked":"Evolve"},{"not_picked":["Second Wind","Bloodletting"],"picked":"Wild Strike"},{"not_picked":["Seeing Red","Searing Blow"],"picked":"Feel No Pain"},{"not_picked":["Berserk","Bludgeon"],"picked":"Fiend Fire"},{"not_picked":["True Grit","Warcry"],"picked":"Perfected Strike"},{"not_picked":["Ghostly Armor","Thunderclap"],"picked":"Wild Strike"},{"not_picked":["True Grit","Body Slam"],"picked":"Shrug It Off"},{"not_picked":["Anger","Havoc"],"picked":"Feel No Pain"},{"not_picked":["Shrug It Off","Shockwave"],"picked":"Perfected Strike"},{"not_picked":["Armaments","True Grit"],"picked":"Perfected Strike"},{"not_picked":["Anger","Body Slam"],"picked":"Immolate"}],"player_experience":652656,"potions_floor_usage":[25,27,27,33,33,50,50,50],"damage_taken":[{"damage":10,"enemies":"Cultist","floor":1,"turns":4},{"damage":5,"enemies":"Small Slimes","floor":2,"turns":5},{"damage":6,"enemies":"Jaw Worm","floor":4,"turns":3},{"damage":14,"enemies":"Gremlin Gang","floor":5,"turns":6},{"damage":6,"enemies":"3 Louse","floor":7,"turns":3},{"damage":10,"enemies":"Exordium Thugs","floor":10,"turns":4},{"damage":11,"enemies":"Lots of Slimes","floor":14,"turns":5},{"damage":14,"enemies":"Slime Boss","floor":16,"turns":9},{"damage":4,"enemies":"Chosen","floor":18,"turns":3},{"damage":5,"enemies":"Spheric Guardian","floor":19,"turns":3},{"damage":33,"enemies":"Centurion and Healer","floor":20,"turns":5},{"damage":8,"enemies":"Cultist and Chosen","floor":24,"turns":5},{"damage":4,"enemies":"Chosen and Byrds","floor":25,"turns":3},{"damage":13,"enemies":"Snake Plant","floor":27,"turns":3},{"damage":21,"enemies":"Cultist and Chosen","floor":28,"turns":6},{"damage":31,"enemies":"Centurion and Healer","floor":31,"turns":5},{"damage":60,"enemies":"Champ","floor":33,"turns":8},{"damage":4,"enemies":"3 Shapes","floor":35,"turns":4},{"damage":15,"enemies":"3 Darklings","floor":36,"turns":6},{"damage":35,"enemies":"Maw","floor":42,"turns":7},{"damage":11,"enemies":"4 Shapes","floor":45,"turns":5},{"damage":42,"enemies":"Nemesis","floor":47,"turns":5},{"damage":8,"enemies":"3 Darklings","floor":48,"turns":4},{"damage":79,"enemies":"Time Eater","floor":50,"turns":6}],"event_choices":[{"event_name":"Living Wall","player_choice":"Grow","floor":13,"damage_taken":0},{"event_name":"Accursed Blacksmith","player_choice":"Forge","floor":22,"damage_taken":0},{"event_name":"Golden Shrine","player_choice":"Desecrate","floor":39,"damage_taken":0}],"boss_relics":[{"not_picked":["Sozu","Black Blood"],"picked":"Mark of Pain"},{"not_picked":["Tiny House","Velvet Choker"],"picked":"Orrery"}],"potions_floor_spawned":[2,5,16,18,20,27,28,33,35,47],"seed_played":"2332548340613180374","killed_by":"Time Eater","ascension_level":0,"is_trial":false}