{"path_per_floor":["M","M","T","$","M","R","E","M","T","M","M","?","E","M","R","B",null,"M","M","$","?","M","R","?","M","T","M","$","?","$","M","R","B",null,"M","M","?","M","?","R","M","R","T","M","?","?","M","T","R","B"],"character_chosen":"IRONCLAD","items_purchased":["Pommel Strike","Flex","Orichalcum","Regal Pillow","Limit Break","Ancient Potion"],"gold_per_floor":[116,135,135,14,27,27,55,73,73,86,101,101,129,148,148,243,243,258,272,45,495,514,514,514,526,526,539,136,136,86,96,96,196,196,214,224,224,237,237,237,252,252,301,318,372,372,392,392,392,392],"floor_reached":51,"campfire_rested":2,"playtime":1491,"current_hp_per_floor":[80,75,75,75,72,72,61,66,66,71,74,74,43,48,48,80,80,61,66,66,18,23,47,80,80,80,80,80,65,65,61,61,71,85,41,42,42,46,35,41,36,82,82,78,58,58,59,59,65,64],"items_purged":["Defend_R","Defend_R","Defend_R","Strike_R"],"gold":392,"score":563,"play_id":"88a2d163-e436-4ae8-9aee-ba998151c785","local_time":"20180305230313","is_prod":false,"is_daily":false,"is_ascension_mode":false,"campfire_upgraded":5,"timestamp":1520308993,"path_taken":["M","M","?","$","M","R","E","M","T","M","M","?","E","M","R","BOSS","M","M","$","?","M","R","?","?","T","M","$","?","$","M","R","BOSS","M","M","?","M","?","R","M","R","T","M","?","?","M","?","R","BOSS"],"build_version":"2018-03-01-PROD1","purchased_purges":5,"victory":true,"master_deck":["Strike_R","Strike_R","Strike_R","Strike_R","Bash","Offering+1","Flex+1","Heavy Blade","Pommel Strike","Flex","Flex","Limit Break+1","Clash+1","Madness+1","Madness+1","Clash+1","Offering+1","Heavy Blade+1"],"max_hp_per_floor":[80,80,80,80,80,80,80,80,80,80,80,80,80,80,80,80,80,80,80,80,80,80,80,80,80,80,80,80,85,85,85,85,85,85,85,85,85,85,85,85,85,85,85,85,85,85,85,85,85,85],"relics":["Burning Blood","Magic Flower","Ginger","Smiling Mask","Pantograph","Bag of Marbles","Orichalcum","Torii","Regal Pillow","Eternal Feather","Omamori","Frozen Eye","Gambling Chip"],"card_choices":[{"not_picked":["Iron Wave","Cleave"],"picked":"Offering"},{"not_picked":["Corruption","Cleave"],"picked":"Flex"},{"not_picked":["Armaments","Hemokinesis"],"picked":"Heavy Blade"},{"not_picked":["Body Slam","Havoc"],"picked":"Pommel Strike"},{"not_picked":["Perfected Strike","Hemokinesis"],"picked":"Flex"},{"not_picked":["True Grit","Wild Strike"],"picked":"Clash"},{"not_picked":["Seeing Red","Flame Barrier"],"picked":"Clash"},{"not_picked":["Armaments","Sword Boomerang"],"picked":"Heavy Blade"}],"player_experience":606990,"potions_floor_usage":[16,22,33,33,45,50],"damage_taken":[{"damage":6.0,"enemies":"Cultist","floor":1.0,"turns":3.0},{"damage":11.0,"enemies":"Jaw Worm","floor":2.0,"turns":2.0},{"damage":12.0,"enemies":"Small Slimes","floor":5.0,"turns":2.0},{"damage":20.0,"enemies":"3 Sentries","floor":7.0,"turns":7.0},{"damage":4.0,"enemies":"2 Fungi Beasts","floor":8.0,"turns":3.0},{"damage":4.0,"enemies":"Looter","floor":10.0,"turns":2.0},{"damage":6.0,"enemies":"Exordium Thugs","floor":11.0,"turns":2.0},{"damage":40,"enemies":"Lagavulin","floor":13,"turns":5},{"damage":4,"enemies":"Blue Slaver","floor":14,"turns":1},{"damage":4,"enemies":"Slime Boss","floor":16,"turns":5},{"damage":28,"enemies":"3 Byrds","floor":18,"turns":6},{"damage":4,"enemies":"Chosen","floor":19,"turns":2},{"damage":4,"enemies":"Snake Plant","floor":22,"turns":1},{"damage":8,"enemies":"Sentry and Sphere","floor":25,"turns":3},{"damage":5,"enemies":"Cultist and Chosen","floor":27,"turns":3},{"damage":13,"enemies":"Chosen and Byrds","floor":31,"turns":4},{"damage":23,"enemies":"Automaton","floor":33,"turns":5},{"damage":53,"enemies":"3 Shapes","floor":35,"turns":5},{"damage":8,"enemies":"Orb Walker","floor":36,"turns":3},{"damage":5,"enemies":"Sphere and 2 Shapes","floor":38,"turns":3},{"damage":14,"enemies":"3 Darklings","floor":41,"turns":4},{"damage":13,"enemies":"4 Shapes","floor":44,"turns":3},{"damage":54,"enemies":"Mysterious Sphere","floor":45,"turns":6},{"damage":8,"enemies":"Sphere and 2 Shapes","floor":47,"turns":1},{"damage":30,"enemies":"Donu and Deca","floor":50,"turns":4}],"event_choices":[{"event_name":"Dead Adventurer","player_choice":"Searched \u00271\u0027 times","floor":12,"damage_taken":0},{"event_name":"Knowing Skull","player_choice":"GOLD GOLD GOLD GOLD GOLD ","floor":21,"damage_taken":0},{"event_name":"Bonfire Elementals","player_choice":"UNCOMMON","floor":24,"damage_taken":0},{"event_name":"Forgotten Altar","player_choice":"Shed Blood","floor":29,"damage_taken":0},{"event_name":"Winding Halls","player_choice":"Embrace Madness","floor":39,"damage_taken":0},{"event_name":"Mysterious Sphere","player_choice":"Fight","floor":45,"damage_taken":0},{"event_name":"Duplicator","player_choice":"One dupe","floor":46,"damage_taken":0}],"boss_relics":[{"not_picked":["Snecko Eye","Velvet Choker","Ectoplasm"]},{"not_picked":["Sozu","Runic Pyramid"],"picked":"Eternal Feather"}],"potions_floor_spawned":[7,8,11,13,18,25,27,36,41,44],"seed_played":"1364730712812616975","ascension_level":0,"is_trial":false}