{"path_per_floor":["M","$","M","?","$","R","M","M","T","E","?","$","R","?","R","B",null,"M","?","$","?","M","R","E","?","T","M","$","R","?","M","R","B",null,"M","?","?","$","M","R","E","$","T","$","?","M","R"],"character_chosen":"IRONCLAD","items_purchased":["Lee\u0027s Waffle","Meat on the Bone","Shuriken","TrainingArmor","Matryoshka"],"gold_per_floor":[117,117,134,384,324,324,343,354,402,433,383,250,250,250,250,353,353,364,364,50,50,70,70,102,102,102,112,32,32,32,46,46,150,150,161,216,466,60,79,109,138,18,18,18,18,34,34],"floor_reached":48,"campfire_rested":2,"playtime":908,"current_hp_per_floor":[88,88,90,90,90,90,92,94,94,96,96,103,103,103,103,105,105,107,85,85,85,111,111,116,116,116,118,118,120,120,122,124,126,126,128,130,130,130,132,132,134,134,134,134,117,136,136],"items_purged":["Regret","Writhe","Regret","Rampage"],"gold":34,"score":773,"play_id":"2250e640-ce37-49ff-a5a2-9ba9cc36ee30","local_time":"20180308032755","is_prod":false,"is_daily":false,"is_ascension_mode":false,"campfire_upgraded":4,"timestamp":1520497675,"path_taken":["M","$","M","?","$","R","M","M","T","E","?","$","R","?","R","BOSS","M","?","$","?","M","R","E","?","T","M","$","R","?","M","R","BOSS","M","?","?","$","M","R","E","$","T","?","?","M","R","M"],"build_version":"2018-03-01-PROD1","purchased_purges":5,"victory":false,"master_deck":["Double Tap+1","Madness+1","Madness+1","Rampage+1","Madness","Madness"],"max_hp_per_floor":[88,88,90,90,90,90,92,94,94,96,96,103,103,103,103,105,105,107,112,112,112,114,114,116,116,116,118,118,120,120,122,124,126,126,128,130,130,130,132,132,134,134,134,134,134,136,136],"relics":["Unceasing Top","Membership Card","Black Blood","Burning Blood","Magic Flower","The Courier","Juzu Bracelet","Singing Bowl","Anchor","Pen Nib","Dream Catcher","Lee\u0027s Waffle","White Beast Statue","Meat on the Bone","Shuriken","ExtremelyHeavyHammer","Du-Vu Doll","GreedyCoin","MagicKindling","Shovel","TrainingArmor","Matryoshka","Tiny Chest","Mummified Hand","TwinDoll","Bag of Preparation","Ornamental Fan","Blue Candle","Smiling Mask"],"card_choices":[{"not_picked":["Warcry","Wild Strike"],"picked":"Whirlwind"}],"player_experience":653112,"potions_floor_usage":[27],"damage_taken":[{"damage":0,"enemies":"Small Slimes","floor":1,"turns":2},{"damage":0,"enemies":"Cultist","floor":3,"turns":1},{"damage":0,"enemies":"2 Louse","floor":7,"turns":1},{"damage":0,"enemies":"Exordium Wildlife","floor":8,"turns":1},{"damage":0,"enemies":"Lagavulin","floor":10,"turns":1},{"damage":0,"enemies":"Hexaghost","floor":16,"turns":1},{"damage":0,"enemies":"Shell Parasite","floor":18,"turns":1},{"damage":0,"enemies":"Chosen","floor":22,"turns":1},{"damage":0,"enemies":"Gremlin Leader","floor":24,"turns":1},{"damage":2,"enemies":"Centurion and Healer","floor":27,"turns":2},{"damage":0,"enemies":"Snecko","floor":31,"turns":1},{"damage":0,"enemies":"Automaton","floor":33,"turns":1},{"damage":5,"enemies":"3 Shapes","floor":35,"turns":1},{"damage":0,"enemies":"Mysterious Sphere","floor":36,"turns":1},{"damage":0,"enemies":"3 Darklings","floor":39,"turns":1},{"damage":0,"enemies":"Giant Head","floor":41,"turns":1},{"damage":0,"enemies":"4 Shapes","floor":46,"turns":1},{"damage":0,"enemies":"Sphere and 2 Shapes","floor":48,"turns":1}],"event_choices":[{"event_name":"Golden Shrine","player_choice":"Desecrate","floor":4,"damage_taken":0},{"event_name":"The Cleric","player_choice":"Card Removal","floor":11,"damage_taken":0},{"event_name":"Accursed Blacksmith","player_choice":"Ignore","floor":14,"damage_taken":0},{"event_name":"Forgotten Altar","player_choice":"Shed Blood","floor":19,"damage_taken":0},{"event_name":"Drug Dealer","player_choice":"Ignored","floor":21,"damage_taken":0},{"event_name":"The Mausoleum","player_choice":"Yes","floor":25,"damage_taken":0},{"event_name":"Addict","player_choice":"Ignored","floor":30,"damage_taken":0},{"event_name":"Mysterious Sphere","player_choice":"Fight","floor":36,"damage_taken":0},{"event_name":"Golden Shrine","player_choice":"Desecrate","floor":37,"damage_taken":0},{"event_name":"Winding Halls","player_choice":"Embrace Madness","floor":45,"damage_taken":0}],"boss_relics":[{"not_picked":["Mark of Pain","Runic Dome"],"picked":"White Beast Statue"},{"not_picked":["Calling Bell","Astrolabe"],"picked":"MagicKindling"}],"potions_floor_spawned":[7,8,18,22,24,27,31,33,35,36,39,41,46],"seed_played":"2185838609481378569","killed_by":"Sphere and 2 Shapes","ascension_level":0,"is_trial":false}