{"path_per_floor":["M","$","?","$","?","R","?","R","T","M","?","M","E","M","R","B",null,"M","?","?","?","?","R","M","M","T","M","$","M","T","?","R","B",null,"M","?","?","$","?","R","M","M","T","T","$","R","?","M","R","B"],"character_chosen":"IRONCLAD","items_purchased":["Juzu Bracelet","Inflame","Flex","Swift Potion"],"gold_per_floor":[364,138,138,38,38,38,38,38,38,48,48,63,91,102,102,200,200,174,174,99,99,99,99,110,120,172,183,58,72,99,99,99,201,201,220,220,220,146,200,200,213,223,250,250,5,5,5,20,20,20],"floor_reached":51,"campfire_rested":1,"playtime":1825,"current_hp_per_floor":[41,41,41,41,29,29,22,46,46,54,54,62,55,63,63,10,80,61,45,45,45,45,45,49,53,53,57,57,61,61,61,61,28,80,76,76,76,76,82,82,83,74,81,81,81,81,90,90,90,48],"items_purged":["Defend_R","Regret","Strike_R","Strike_R"],"gold":20,"score":566,"play_id":"786975eb-7799-41eb-bee6-f362525d46d9","local_time":"20180303145548","is_prod":false,"is_daily":false,"is_ascension_mode":false,"campfire_upgraded":4,"timestamp":1520106948,"path_taken":["M","$","?","$","?","R","?","R","T","M","?","M","E","M","R","BOSS","M","?","?","?","?","R","M","M","T","M","$","M","?","?","R","BOSS","M","?","?","$","?","R","M","M","T","?","$","R","?","M","R","BOSS"],"build_version":"2018-03-01-PROD1","purchased_purges":6,"victory":true,"master_deck":["Bash+1","Heavy Blade+1","Offering","Flex+1","Necronomicurse","Flex+1","Burning Pact+1","Battle Trance","Inflame","Offering","Flex"],"max_hp_per_floor":[80,80,80,80,80,80,80,80,80,80,80,80,80,80,80,80,80,80,80,80,80,80,80,80,80,80,80,80,80,80,80,80,80,80,80,80,80,80,83,83,83,83,90,90,90,90,90,90,90,90],"relics":["Burning Blood","Juzu Bracelet","Blood Vial","Oddly Smooth Stone","Dead Branch","Dream Catcher","Philosopher\u0027s Stone","Necronomicon","Bag of Marbles","Art of War","Runic Pyramid","Peace Pipe","Strawberry","Bronze Scales"],"card_choices":[{"not_picked":["True Grit","Rupture"],"picked":"Heavy Blade"},{"not_picked":["Reaper","Brutality"],"picked":"Offering"},{"not_picked":["Sentinel","Evolve"],"picked":"Flex"},{"not_picked":["Cleave","Dropkick"],"picked":"Flex"},{"not_picked":["Blood for Blood","Shrug It Off"],"picked":"Burning Pact"},{"not_picked":["Perfected Strike","Thunderclap"],"picked":"Offering"}],"player_experience":567552,"potions_floor_usage":[50],"damage_taken":[{"damage":5.0,"enemies":"Jaw Worm","floor":1.0,"turns":4.0},{"damage":0.0,"enemies":"Small Slimes","floor":10.0,"turns":3.0},{"damage":0.0,"enemies":"Cultist","floor":12.0,"turns":3.0},{"damage":15.0,"enemies":"3 Sentries","floor":13.0,"turns":7.0},{"damage":0.0,"enemies":"3 Louse","floor":14.0,"turns":4.0},{"damage":61.0,"enemies":"Slime Boss","floor":16.0,"turns":18.0},{"damage":25.0,"enemies":"2 Thieves","floor":18.0,"turns":5.0},{"damage":4.0,"enemies":"3 Byrds","floor":24.0,"turns":3.0},{"damage":4.0,"enemies":"Snake Plant","floor":25.0,"turns":1.0},{"damage":4.0,"enemies":"Centurion and Healer","floor":27.0,"turns":2.0},{"damage":4.0,"enemies":"Slaver and Parasite","floor":29.0,"turns":1.0},{"damage":41,"enemies":"Champ","floor":33,"turns":3},{"damage":10,"enemies":"3 Shapes","floor":35,"turns":2},{"damage":5,"enemies":"Mysterious Sphere","floor":39,"turns":2},{"damage":4,"enemies":"3 Darklings","floor":41,"turns":2},{"damage":15,"enemies":"Sphere and 2 Shapes","floor":42,"turns":2},{"damage":4,"enemies":"Maw","floor":48,"turns":2},{"damage":56,"enemies":"Donu and Deca","floor":50,"turns":4}],"event_choices":[{"event_name":"Big Fish","player_choice":"Box","floor":3.0,"damage_taken":0.0},{"event_name":"Scrap Ooze","player_choice":"success","floor":5.0,"damage_taken":12.0},{"event_name":"Golden Wing","player_choice":"Card Removal","floor":7.0,"damage_taken":0.0},{"event_name":"The Lab","player_choice":"Got Potions","floor":11.0,"damage_taken":0.0},{"event_name":"Cursed Tome","player_choice":"Obtained Book","floor":19.0,"damage_taken":0.0},{"event_name":"Beggar","player_choice":"Gave Gold","floor":20.0,"damage_taken":0.0},{"event_name":"Bonfire Elementals","player_choice":"BASIC","floor":21.0,"damage_taken":0.0},{"event_name":"Back to Basics","player_choice":"Elegance","floor":22.0,"damage_taken":0.0},{"event_name":"The Library","player_choice":"Read","floor":31.0,"damage_taken":0.0},{"event_name":"Tomb of Lord Red Mask","player_choice":"Ignored","floor":36,"damage_taken":0},{"event_name":"The Woman in Blue","player_choice":"Bought 0 Potions","floor":37,"damage_taken":0},{"event_name":"Mysterious Sphere","player_choice":"Fight","floor":39,"damage_taken":0},{"event_name":"Winding Halls","player_choice":"Writhe","floor":47,"damage_taken":0}],"boss_relics":[{"not_picked":["Question Card","Cursed Key"],"picked":"Runic Pyramid"}],"potions_floor_spawned":[10,12,24,35,48],"seed_played":"-8469873570535246793","ascension_level":0,"is_trial":false}