{"path_per_floor":["M","?","?","?","?","M","M","M","T","M","$","M","R","M","R","B",null,"M","$","M","?","?","R","M","?","T","R","M","$","?","M","R","B",null,"M","?","$","?","M","R","?","R","T","?","M","M","$","M","R","B"],"character_chosen":"IRONCLAD","items_purchased":["Singing Bowl","Flex","Vajra","Bandage Up","Ancient Potion","Magic Flower","Master of Strategy","Weak Potion"],"gold_per_floor":[119,119,119,119,119,139,160,173,173,196,16,32,32,45,45,174,212,237,9,23,23,23,23,39,399,399,399,412,159,259,282,282,406,406,425,425,14,14,32,32,365,365,438,438,448,461,65,80,80,80],"floor_reached":51,"campfire_rested":3,"playtime":1594,"current_hp_per_floor":[80,60,60,57,57,53,56,52,52,36,36,32,32,38,38,21,87,87,87,84,84,68,68,46,6,6,33,26,26,26,28,55,45,95,67,67,67,67,73,79,79,85,85,85,57,64,64,78,103,53],"items_purged":["Regret","Defend_R","Defend_R","Strike_R"],"gold":80,"score":590,"play_id":"e75847bd-df49-425a-8a0c-dc7dbe13fae6","local_time":"20180303152539","is_prod":false,"is_daily":false,"is_ascension_mode":false,"campfire_upgraded":5,"timestamp":1520108739,"path_taken":["M","?","?","?","?","?","M","?","T","?","$","?","R","M","R","BOSS","M","$","M","?","?","R","M","?","T","R","?","$","?","M","R","BOSS","M","?","$","?","M","R","?","R","T","?","M","M","$","?","R","BOSS"],"build_version":"2018-03-01-PROD1","purchased_purges":5,"victory":true,"master_deck":["Strike_R+1","Strike_R","Bash+1","Clash","Flex+1","Flex+1","Heavy Blade+1","Clash","Immolate","Flex+1","Bandage Up","Clash","Clash","Master of Strategy"],"max_hp_per_floor":[80,80,80,80,80,80,80,80,80,80,80,80,80,80,80,80,87,87,87,89,89,89,89,91,91,91,91,93,93,93,93,93,95,95,97,97,97,97,97,97,97,97,97,97,99,101,101,103,103,103],"relics":["Burning Blood","Bag of Preparation","Orichalcum","Frozen Eye","Singing Bowl","Tiny House","Vajra","Enchiridion","Champion Belt","Eternal Feather","Magic Flower","Ornamental Fan"],"card_choices":[{"not_picked":["Sword Boomerang","Perfected Strike"],"picked":"Clash"},{"not_picked":["Iron Wave","Shrug It Off"],"picked":"Flex"},{"not_picked":["Burning Pact","Iron Wave"],"picked":"Heavy Blade"},{"not_picked":["Iron Wave","Flex"],"picked":"Clash"},{"not_picked":["Demon Form","Berserk"],"picked":"Immolate"},{"not_picked":["Shockwave","Fire Breathing"],"picked":"Flex"},{"not_picked":["Heavy Blade","Disarm"],"picked":"Clash"},{"not_picked":["Anger","Juggernaut"],"picked":"Clash"}],"player_experience":569377,"potions_floor_usage":[50,50],"damage_taken":[{"damage":2.0,"enemies":"2 Louse","floor":1.0,"turns":4.0},{"damage":10.0,"enemies":"Jaw Worm","floor":6.0,"turns":3.0},{"damage":3.0,"enemies":"Small Slimes","floor":7.0,"turns":3.0},{"damage":10.0,"enemies":"Looter","floor":8.0,"turns":2.0},{"damage":22.0,"enemies":"Blue Slaver","floor":10.0,"turns":4.0},{"damage":10.0,"enemies":"2 Fungi Beasts","floor":12.0,"turns":3.0},{"damage":0.0,"enemies":"Red Slaver","floor":14.0,"turns":1.0},{"damage":23.0,"enemies":"Hexaghost","floor":16.0,"turns":4.0},{"damage":4.0,"enemies":"Spheric Guardian","floor":18.0,"turns":3.0},{"damage":11.0,"enemies":"3 Byrds","floor":20.0,"turns":5.0},{"damage":30.0,"enemies":"Snake Plant","floor":24.0,"turns":3.0},{"damage":15.0,"enemies":"Chosen and Byrds","floor":28.0,"turns":7.0},{"damage":8.0,"enemies":"Centurion and Healer","floor":31.0,"turns":3.0},{"damage":22.0,"enemies":"Collector","floor":33.0,"turns":3.0},{"damage":36.0,"enemies":"3 Shapes","floor":35.0,"turns":3.0},{"damage":9.0,"enemies":"Orb Walker","floor":39.0,"turns":2.0},{"damage":45,"enemies":"4 Shapes","floor":45,"turns":9},{"damage":10,"enemies":"Maw","floor":46,"turns":5},{"damage":3,"enemies":"3 Darklings","floor":48,"turns":2},{"damage":62,"enemies":"Time Eater","floor":50,"turns":9}],"event_choices":[{"event_name":"Golden Idol","player_choice":"Take Damage","floor":2.0,"damage_taken":0.0},{"event_name":"Living Wall","player_choice":"Forget","floor":3.0,"damage_taken":0.0},{"event_name":"Scrap Ooze","player_choice":"success","floor":4.0,"damage_taken":3.0},{"event_name":"Big Fish","player_choice":"Box","floor":5.0,"damage_taken":0.0},{"event_name":"Beggar","player_choice":"Ignored","floor":21.0,"damage_taken":0.0},{"event_name":"Cursed Tome","player_choice":"Obtained Book","floor":22.0,"damage_taken":0.0},{"event_name":"Knowing Skull","player_choice":"GOLD GOLD GOLD GOLD ","floor":25.0,"damage_taken":0.0},{"event_name":"Golden Shrine","player_choice":"Pray","floor":30.0,"damage_taken":0.0},{"event_name":"Match and Keep!","player_choice":"0 cards matched","floor":36.0,"damage_taken":0.0},{"event_name":"Purifier","player_choice":"One Purge","floor":38.0,"damage_taken":0.0},{"event_name":"The Moai Head","player_choice":"Gave Idol","floor":41.0,"damage_taken":0.0}],"boss_relics":[],"potions_floor_spawned":[7,10,14,16,20,24,33,39,48],"seed_played":"-5933441183141296260","ascension_level":0,"is_trial":false}