{"path_per_floor":["M","$","?","$","?","R","M","?","T","R","M","M","R","$","R","B",null,"M","?","?","M","M","R","M","R","T","$","M","M","M","T","R"],"character_chosen":"IRONCLAD","items_purchased":["Flex","Offering","Flex"],"gold_per_floor":[212,18,48,48,48,48,64,64,64,64,83,100,100,54,54,154,154,171,171,171,188,205,205,222,222,290,190,208,222,239,289,289],"floor_reached":33,"campfire_rested":1,"playtime":687,"current_hp_per_floor":[69,69,69,69,62,62,64,64,64,64,63,65,65,65,65,14,80,80,64,64,66,50,50,50,50,50,50,45,31,43,43,67],"items_purged":["Defend_R","Regret"],"gold":289,"score":237,"play_id":"48619bfb-4256-4aab-8bb6-8dddd25e58d0","local_time":"20180303032621","is_prod":false,"is_daily":false,"is_ascension_mode":false,"campfire_upgraded":6,"timestamp":1520065581,"path_taken":["M","$","?","$","?","R","M","?","T","R","M","?","R","?","R","BOSS","M","?","?","M","M","R","M","R","T","$","?","M","M","?","R","BOSS"],"build_version":"2018-03-01-PROD1","purchased_purges":3,"victory":false,"master_deck":["Strike_R","Strike_R","Strike_R","Strike_R","Strike_R","Defend_R","Defend_R","Defend_R","Bash+1","Heavy Blade+1","Flex+1","Offering+1","Whirlwind+1","Flex+1","Clumsy","Flex","Decay"],"max_hp_per_floor":[80,80,80,80,80,80,80,80,80,80,80,80,80,80,80,80,80,80,80,80,80,80,80,80,80,80,80,83,83,83,83,83],"relics":["Burning Blood","Tiny Chest","Ornamental Fan","Charon\u0027s Ashes","Cursed Key","Nilry\u0027s Codex","Paper Frog","Ancient Tea Set"],"card_choices":[{"not_picked":["Exhume","Headbutt"],"picked":"Heavy Blade"},{"not_picked":["Anger","Burning Pact"],"picked":"Whirlwind"},{"not_picked":["Clash","Exhume"],"picked":"Flex"}],"player_experience":566865,"potions_floor_usage":[16,16,33,33,33],"damage_taken":[{"damage":17.0,"enemies":"Jaw Worm","floor":1.0,"turns":5.0},{"damage":4.0,"enemies":"Small Slimes","floor":7.0,"turns":1.0},{"damage":7.0,"enemies":"Cultist","floor":11.0,"turns":2.0},{"damage":4.0,"enemies":"2 Fungi Beasts","floor":12.0,"turns":2.0},{"damage":57,"enemies":"Hexaghost","floor":16,"turns":7},{"damage":4,"enemies":"Chosen","floor":18,"turns":2},{"damage":4,"enemies":"Spheric Guardian","floor":21,"turns":2},{"damage":22,"enemies":"Snake Plant","floor":22,"turns":3},{"damage":6,"enemies":"Sentry and Sphere","floor":24,"turns":2},{"damage":14,"enemies":"Cultist and Chosen","floor":28,"turns":2},{"damage":24,"enemies":"Centurion and Healer","floor":29,"turns":4},{"damage":14,"enemies":"Chosen and Byrds","floor":30,"turns":2},{"damage":84,"enemies":"Collector","floor":33,"turns":6}],"event_choices":[{"event_name":"Big Fish","player_choice":"Box","floor":3.0,"damage_taken":0.0},{"event_name":"Scrap Ooze","player_choice":"success","floor":5.0,"damage_taken":7.0},{"event_name":"The Lab","player_choice":"Got Potions","floor":8.0,"damage_taken":0.0},{"event_name":"Cursed Tome","player_choice":"Obtained Book","floor":19,"damage_taken":0},{"event_name":"Vampires","player_choice":"Ignored","floor":20,"damage_taken":0}],"boss_relics":[{"not_picked":["Ectoplasm","Lizard Tail"],"picked":"Cursed Key"}],"potions_floor_spawned":[1,11,18,28,30],"seed_played":"5266043153274839234","killed_by":"Collector","ascension_level":0,"is_trial":false}