{"path_per_floor":["M","$","?","M","?","R","M","M","T","?","M","M","$","M","R","B",null,"M","$","M","M","?","R","$","M","T","?","M","?","$","M","R","B",null,"M","$","M","T","M","R","$","M","T","M","E","$","R","M","R","B"],"character_chosen":"IRONCLAD","items_purchased":["Power Through","Sever Soul","Evolve","Tiny Chest","Wild Strike"],"gold_per_floor":[119,40,40,52,2,2,18,33,85,260,270,287,210,229,229,327,327,338,110,127,140,140,140,40,58,58,58,76,76,76,90,90,185,185,200,30,44,68,79,79,79,92,92,110,140,140,140,160,160,160],"floor_reached":51,"campfire_rested":2,"playtime":2639,"current_hp_per_floor":[76,76,81,85,85,85,85,84,84,84,84,82,82,84,84,38,85,50,50,35,27,27,52,52,51,51,51,44,44,44,39,64,22,85,85,85,67,67,73,73,73,62,62,62,68,68,68,74,74,41],"items_purged":["Doubt","Writhe","Evolve"],"gold":160,"score":723,"play_id":"27c69c1e-cf6a-4a7d-8b6d-450bf8281b44","local_time":"20180311164207","is_prod":false,"is_daily":false,"is_ascension_mode":false,"campfire_upgraded":5,"timestamp":1520800927,"path_taken":["M","$","?","M","?","R","M","M","T","?","M","M","$","M","R","BOSS","M","$","M","M","?","R","$","M","T","?","M","?","?","M","R","BOSS","M","$","M","?","M","R","$","M","T","M","E","$","R","M","R","BOSS"],"build_version":"2018-03-09","purchased_purges":4,"victory":true,"master_deck":["Strike_R+1","Strike_R+1","Strike_R+1","Strike_R+1","Strike_R+1","Defend_R+1","Defend_R+1","Defend_R+1","Bash+1","Power Through+1","Sentinel","Feel No Pain+1","Sever Soul+1","Immolate","Wild Strike","Burning Pact+1","Evolve+1","Barricade+1","Immolate","Second Wind+1","Wild Strike","Body Slam+1","Body Slam+1"],"max_hp_per_floor":[80,80,85,85,85,85,85,85,85,85,85,85,85,85,85,85,85,85,85,85,85,85,85,85,85,85,85,85,85,85,85,85,85,85,85,85,85,85,85,85,85,85,85,85,85,85,85,85,85,85],"relics":["Burning Blood","Anchor","Vajra","Mark of Pain","Tiny Chest","Bag of Marbles","Pantograph","Runic Dome","War Paint","Champion Belt","Ornamental Fan"],"card_choices":[{"not_picked":["Iron Wave","Clothesline"],"picked":"Sentinel"},{"not_picked":["Warcry","Thunderclap"],"picked":"Feel No Pain"},{"not_picked":["Exhume","Limit Break"],"picked":"Immolate"},{"not_picked":["Armaments","Ghostly Armor"],"picked":"Wild Strike"},{"not_picked":["Shrug It Off","Flex"],"picked":"Burning Pact"},{"not_picked":["Bloodletting","Pommel Strike"],"picked":"Evolve"},{"not_picked":["Clash","Uppercut"],"picked":"Barricade"},{"not_picked":["Bludgeon","Brutality"],"picked":"Immolate"},{"not_picked":["Shrug It Off","Whirlwind"],"picked":"Second Wind"},{"not_picked":["Clothesline","Armaments"],"picked":"Body Slam"},{"not_picked":["Headbutt","Pommel Strike"],"picked":"Body Slam"}],"player_experience":655848,"potions_floor_usage":[16,25,25,28,31,33,50,50,50],"damage_taken":[{"damage":10,"enemies":"Cultist","floor":1,"turns":4},{"damage":0,"enemies":"Small Slimes","floor":4,"turns":3},{"damage":0,"enemies":"2 Louse","floor":7,"turns":3},{"damage":7,"enemies":"2 Fungi Beasts","floor":8,"turns":4},{"damage":6,"enemies":"3 Louse","floor":11,"turns":4},{"damage":8,"enemies":"Large Slime","floor":12,"turns":9},{"damage":4,"enemies":"Exordium Wildlife","floor":14,"turns":4},{"damage":52,"enemies":"Slime Boss","floor":16,"turns":13},{"damage":41,"enemies":"Spheric Guardian","floor":18,"turns":6},{"damage":21,"enemies":"Shell Parasite","floor":20,"turns":5},{"damage":14,"enemies":"Snake Plant","floor":21,"turns":4},{"damage":7,"enemies":"Centurion and Healer","floor":25,"turns":6},{"damage":13,"enemies":"Snecko","floor":28,"turns":4},{"damage":26,"enemies":"Slaver and Parasite","floor":31,"turns":6},{"damage":69,"enemies":"Automaton","floor":33,"turns":17},{"damage":6,"enemies":"3 Shapes","floor":35,"turns":5},{"damage":24,"enemies":"3 Darklings","floor":37,"turns":6},{"damage":0,"enemies":"Sphere and 2 Shapes","floor":39,"turns":6},{"damage":17,"enemies":"Maw","floor":42,"turns":5},{"damage":6,"enemies":"4 Shapes","floor":44,"turns":8},{"damage":0,"enemies":"Giant Head","floor":45,"turns":6},{"damage":0,"enemies":"Sphere and 2 Shapes","floor":48,"turns":5},{"damage":50,"enemies":"Awakened One","floor":50,"turns":10}],"event_choices":[{"event_name":"Big Fish","player_choice":"Donut","floor":3,"damage_taken":0},{"event_name":"The Cleric","player_choice":"Card Removal","floor":5,"damage_taken":0},{"event_name":"Liars Game","player_choice":"agreed","floor":10,"damage_taken":0},{"event_name":"The Mausoleum","player_choice":"Yes","floor":22,"damage_taken":0},{"event_name":"N\u0027loth","player_choice":"Ignored","floor":27,"damage_taken":0},{"event_name":"Back to Basics","player_choice":"Simplicity","floor":29,"damage_taken":0}],"boss_relics":[{"not_picked":["Orrery","Calling Bell"],"picked":"Mark of Pain"},{"not_picked":["Tiny House","Astrolabe"],"picked":"Runic Dome"}],"potions_floor_spawned":[4,11,16,21,25,31,44,45,48],"seed_played":"-6053446647851174718","ascension_level":0,"is_trial":false}