{"path_per_floor":["M","$","?","?","?","R","E","M","T","M","R","M","T","M","R","B",null,"M","?","$","M","M","R","M","E","T","R","?","?","M","M","R","B",null,"M","M","$","?","M","R","M","?","T","M","M","R","M","M","R"],"character_chosen":"IRONCLAD","items_purchased":["Whirlwind","Double Tap","Omamori","Regal Pillow"],"gold_per_floor":[109,38,113,113,113,113,154,169,169,185,185,206,206,231,231,355,355,380,380,21,36,56,56,70,109,109,109,34,34,50,66,66,187,187,203,221,73,173,187,187,203,203,257,273,296,296,314,330,330],"floor_reached":50,"campfire_rested":4,"playtime":2167,"current_hp_per_floor":[80,80,69,53,33,33,39,45,45,53,53,59,59,63,63,30,86,69,61,61,61,45,63,61,40,40,40,40,40,33,41,60,34,67,60,57,57,57,34,70,73,73,73,73,67,67,65,57,77],"items_purged":["Defend_R"],"gold":330,"score":520,"play_id":"58671659-c95a-494f-968e-6dd6938a9262","local_time":"20180310233153","is_prod":false,"is_daily":false,"is_ascension_mode":false,"campfire_upgraded":5,"timestamp":1520742713,"path_taken":["M","$","?","?","?","R","E","M","T","M","R","?","?","M","R","BOSS","M","?","$","M","M","R","M","E","T","R","?","?","M","M","R","BOSS","M","M","$","?","M","R","M","?","T","M","M","R","M","M","R","BOSS"],"build_version":"2018-03-09","purchased_purges":2,"victory":false,"master_deck":["Defend_R","Bash+1","Clash+1","Whirlwind+1","Pommel Strike+1","Bite","Bite","Bite","Bite","Bite","Double Tap+1","Clash","Clash","Reaper","Flex+1","Clumsy","Clash","Clash","Flex+1"],"max_hp_per_floor":[80,80,80,80,80,80,80,80,80,82,82,82,82,84,84,86,86,88,61,61,61,63,63,63,63,63,63,63,63,65,65,65,67,67,69,71,71,71,71,71,73,73,73,73,75,75,75,77,77],"relics":["Burning Blood","NeowsBlessing","Golden Idol","Sundial","Singing Bowl","Gambling Chip","Omamori","Kunai","Ice Cream","Calling Bell","Bronze Scales","Pen Nib","Art of War","Regal Pillow","Orichalcum"],"card_choices":[{"not_picked":["Clothesline","True Grit"],"picked":"Clash"},{"not_picked":["Rage","Anger"],"picked":"Pommel Strike"},{"not_picked":["Metallicize","True Grit"],"picked":"Clash"},{"not_picked":["Cleave","Sword Boomerang"],"picked":"Clash"},{"not_picked":["Second Wind","Heavy Blade"],"picked":"Reaper"},{"not_picked":["Fire Breathing","Pommel Strike"],"picked":"Flex"},{"not_picked":["Inflame","Bloodletting"],"picked":"Clash"},{"not_picked":["Heavy Blade","Perfected Strike"],"picked":"Clash"},{"not_picked":["Heavy Blade","Body Slam"],"picked":"Flex"}],"player_experience":650489,"potions_floor_usage":[16,25,25,33,36,50,50],"damage_taken":[{"damage":0,"enemies":"Jaw Worm","floor":1,"turns":1},{"damage":0,"enemies":"Lagavulin","floor":7,"turns":1},{"damage":0,"enemies":"Small Slimes","floor":8,"turns":1},{"damage":0,"enemies":"2 Louse","floor":10,"turns":1},{"damage":0,"enemies":"Looter","floor":12,"turns":1},{"damage":4,"enemies":"Blue Slaver","floor":14,"turns":3},{"damage":56,"enemies":"Hexaghost","floor":16,"turns":8},{"damage":25,"enemies":"2 Thieves","floor":18,"turns":4},{"damage":10,"enemies":"Spheric Guardian","floor":21,"turns":3},{"damage":32,"enemies":"Slaver and Parasite","floor":22,"turns":4},{"damage":15,"enemies":"Chosen and Byrds","floor":24,"turns":4},{"damage":41,"enemies":"Book of Stabbing","floor":25,"turns":4},{"damage":21,"enemies":"Snake Plant","floor":30,"turns":2},{"damage":6,"enemies":"Centurion and Healer","floor":31,"turns":3},{"damage":76,"enemies":"Champ","floor":33,"turns":10},{"damage":25,"enemies":"3 Shapes","floor":35,"turns":3},{"damage":15,"enemies":"3 Darklings","floor":36,"turns":3},{"damage":37,"enemies":"4 Shapes","floor":39,"turns":4},{"damage":11,"enemies":"Sphere and 2 Shapes","floor":41,"turns":4},{"damage":7,"enemies":"3 Darklings","floor":44,"turns":3},{"damage":18,"enemies":"4 Shapes","floor":45,"turns":3},{"damage":8,"enemies":"Sphere and 2 Shapes","floor":47,"turns":1},{"damage":48,"enemies":"Maw","floor":48,"turns":6},{"damage":133,"enemies":"Awakened One","floor":50,"turns":8}],"event_choices":[{"event_name":"World of Goop","player_choice":"Gather Gold","floor":3,"damage_taken":0},{"event_name":"Shining Light","player_choice":"Entered Light","floor":4,"damage_taken":0},{"event_name":"Golden Idol","player_choice":"Take Damage","floor":5,"damage_taken":0},{"event_name":"Vampires","player_choice":"Became a vampire","floor":19,"damage_taken":0},{"event_name":"Beggar","player_choice":"Gave Gold","floor":28,"damage_taken":0},{"event_name":"Purifier","player_choice":"One Purge","floor":29,"damage_taken":0},{"event_name":"Golden Shrine","player_choice":"Pray","floor":38,"damage_taken":0},{"event_name":"Mysterious Sphere","player_choice":"Ignore","floor":42,"damage_taken":0}],"boss_relics":[{"not_picked":["Velvet Choker","Runic Pyramid","Snecko Eye"]},{"not_picked":["White Beast Statue","Orrery"],"picked":"Calling Bell"}],"potions_floor_spawned":[7,10,12,18,21,22,35,39,44],"seed_played":"7686986396818305072","killed_by":"Awakened One","ascension_level":0,"is_trial":false}