{"path_per_floor":["M","T","M","M","M","R","$","R","T","E","M","?","?","M","R","B",null,"M","M","?","M","$","R","T","M","T","M","$","R","?","$","R","B",null,"M","?","M","?","M","R","M","M","T","M","$","M","T","R","B"],"character_chosen":"IRONCLAD","items_purchased":["Reaper","Flex","Swift Potion"],"gold_per_floor":[110,110,123,135,150,150,4,4,4,34,44,44,44,54,54,157,157,170,189,189,209,81,81,107,124,124,139,39,39,39,39,39,141,141,153,153,166,166,176,176,195,206,206,218,41,51,51,51,51],"floor_reached":50,"campfire_rested":3,"playtime":2471,"current_hp_per_floor":[80,80,80,79,73,73,73,73,73,66,67,67,67,80,80,55,80,77,57,57,75,75,75,75,62,62,56,56,56,56,56,80,71,80,80,90,66,66,61,88,90,77,77,90,90,65,65,90,50],"items_purged":["Defend_R","Defend_R","Strike_R"],"gold":51,"score":523,"play_id":"a5dd9dc4-b259-4883-85c6-9f2a98f56b4a","local_time":"20180307211219","is_prod":false,"is_daily":false,"is_ascension_mode":false,"campfire_upgraded":5,"timestamp":1520475139,"path_taken":["M","?","M","M","M","R","$","R","T","E","M","?","?","M","R","BOSS","M","?","?","M","?","R","?","M","T","M","$","R","?","?","R","BOSS","M","?","M","?","M","R","M","M","T","?","M","$","M","?","R","BOSS"],"build_version":"2018-03-01-PROD1","purchased_purges":3,"victory":true,"master_deck":["Strike_R","Strike_R","Strike_R","Bash+1","Offering+1","Flex+1","Reaper","Heavy Blade+1","Flex+1","Whirlwind+1","Seeing Red+1","Double Tap","Clash+1","Flex+1"],"max_hp_per_floor":[80,80,80,80,80,80,80,80,80,80,80,80,80,80,80,80,80,80,80,80,80,80,80,80,80,80,80,80,80,80,80,80,80,80,80,90,90,90,90,90,90,90,90,90,90,90,90,90,90],"relics":["Black Blood"],"card_choices":[{"not_picked":["Shrug It Off","Battle Trance"],"picked":"Offering"},{"not_picked":["Disarm","Pommel Strike"],"picked":"Flex"},{"not_picked":["Thunderclap","Second Wind"],"picked":"Heavy Blade"},{"not_picked":["Bludgeon","Barricade"],"picked":"Immolate"},{"not_picked":["Perfected Strike","Clash"],"picked":"Whirlwind"},{"not_picked":["Evolve","Shockwave"],"picked":"Seeing Red"},{"not_picked":["Exhume","Bludgeon"],"picked":"Double Tap"},{"not_picked":["Heavy Blade","Burning Pact"],"picked":"Clash"},{"not_picked":["Ghostly Armor","Heavy Blade"],"picked":"Flex"}],"player_experience":644844,"potions_floor_usage":[49,49,49],"damage_taken":[{"damage":6.0,"enemies":"Cultist","floor":1.0,"turns":3.0},{"damage":5.0,"enemies":"Jaw Worm","floor":3.0,"turns":3.0},{"damage":7.0,"enemies":"Small Slimes","floor":4.0,"turns":2.0},{"damage":12.0,"enemies":"Red Slaver","floor":5.0,"turns":2.0},{"damage":19.0,"enemies":"Gremlin Nob","floor":10.0,"turns":3.0},{"damage":5.0,"enemies":"2 Fungi Beasts","floor":11.0,"turns":2.0},{"damage":15.0,"enemies":"Lots of Slimes","floor":14.0,"turns":3.0},{"damage":44.0,"enemies":"Slime Boss","floor":16.0,"turns":11.0},{"damage":14.0,"enemies":"Chosen","floor":18.0,"turns":3.0},{"damage":38.0,"enemies":"Shell Parasite","floor":19.0,"turns":5.0},{"damage":4.0,"enemies":"Sentry and Sphere","floor":21.0,"turns":3.0},{"damage":42.0,"enemies":"Centurion and Healer","floor":25.0,"turns":5.0},{"damage":32.0,"enemies":"Cultist and Chosen","floor":27.0,"turns":4.0},{"damage":39.0,"enemies":"Collector","floor":33.0,"turns":4.0},{"damage":10.0,"enemies":"Orb Walker","floor":35.0,"turns":2.0},{"damage":42.0,"enemies":"3 Shapes","floor":37.0,"turns":3.0},{"damage":18.0,"enemies":"Sphere and 2 Shapes","floor":39.0,"turns":4.0},{"damage":4.0,"enemies":"3 Darklings","floor":41.0,"turns":1.0},{"damage":32.0,"enemies":"4 Shapes","floor":42.0,"turns":4.0},{"damage":21.0,"enemies":"Sphere and 2 Shapes","floor":44.0,"turns":2.0},{"damage":12,"enemies":"3 Darklings","floor":44,"turns":2},{"damage":43,"enemies":"4 Shapes","floor":46,"turns":4},{"damage":50,"enemies":"Donu and Deca","floor":49,"turns":3}],"event_choices":[{"event_name":"Living Wall","player_choice":"Forget","floor":12.0,"damage_taken":0.0},{"event_name":"Purifier","player_choice":"One Purge","floor":13.0,"damage_taken":0.0},{"event_name":"The Lab","player_choice":"Got Potions","floor":20.0,"damage_taken":0.0},{"event_name":"Beggar","player_choice":"Ignored","floor":30.0,"damage_taken":0.0},{"event_name":"Bonfire Elementals","player_choice":"RARE","floor":36.0,"damage_taken":0.0},{"event_name":"Tomb of Lord Red Mask","player_choice":"Ignored","floor":38.0,"damage_taken":0.0}],"boss_relics":[],"potions_floor_spawned":[4,5,14,16,19,39,41,44],"seed_played":"-684903058417253032","ascension_level":0,"is_trial":false}