{"path_per_floor":["M","M","?","?","$","E","?","M","T","R","M","R","M","?","R","B",null,"M","M","T","M","?","R","?","$","T","M","$","R","M","M","R","B",null,"M","?","$","M","?","R","M","R","T","M","?","?","T","M","R","B"],"character_chosen":"IRONCLAD","items_purchased":["Rampage","Gremlin Horn"],"gold_per_floor":[119,137,137,137,62,96,121,133,133,133,143,143,158,158,158,253,253,264,284,362,382,382,382,307,127,427,443,66,66,76,87,87,184,184,199,199,49,67,67,67,87,87,87,103,103,103,127,144,144,144],"floor_reached":51,"campfire_rested":3,"playtime":1790,"current_hp_per_floor":[80,80,64,64,64,34,29,41,41,41,57,57,49,49,49,23,80,64,54,54,50,50,74,74,74,74,54,54,54,58,54,78,29,80,73,86,86,83,83,83,77,77,77,82,82,82,82,83,86,25],"items_purged":["Strike_R","Strike_R","Strike_R","Writhe"],"gold":144,"score":647,"play_id":"71b87e0f-bcd2-4a17-b7f1-6b2e6604e82f","local_time":"20180307234223","is_prod":false,"is_daily":false,"is_ascension_mode":false,"campfire_upgraded":6,"timestamp":1520484143,"path_taken":["M","M","?","?","$","E","?","M","T","R","M","R","M","?","R","BOSS","M","M","?","M","?","R","?","$","T","?","?","R","M","M","R","BOSS","M","?","$","M","?","R","M","R","T","?","?","?","?","M","R","BOSS"],"build_version":"2018-03-01-PROD1","purchased_purges":4,"victory":true,"master_deck":["Defend_R+1","Defend_R+1","Bash+1","Rampage+1","Double Tap+1"],"max_hp_per_floor":[80,80,80,80,80,80,80,80,80,80,80,80,80,80,80,80,80,80,80,80,80,80,80,80,80,80,80,80,80,80,80,80,80,80,80,86,86,86,86,86,86,86,86,86,86,86,86,86,86,86],"relics":["Burning Blood","Frozen Eye","Meat on the Bone","Odd Mushroom","Dead Branch","Runic Cube","Darkstone Periapt","Old Coin","Gremlin Horn","Velvet Choker","Pantograph","Ancient Tea Set"],"card_choices":[{"not_picked":["Brutality","Immolate"],"picked":"Double Tap"}],"player_experience":648699,"potions_floor_usage":[16,16,16,30,31,50,50,50],"damage_taken":[{"damage":0.0,"enemies":"Small Slimes","floor":1.0,"turns":3.0},{"damage":0.0,"enemies":"2 Louse","floor":2.0,"turns":3.0},{"damage":36.0,"enemies":"Lagavulin","floor":6.0,"turns":5.0},{"damage":23,"enemies":"The Mushroom Lair","floor":7,"turns":6},{"damage":6,"enemies":"Jaw Worm","floor":8,"turns":5},{"damage":2,"enemies":"Exordium Wildlife","floor":11,"turns":4},{"damage":14,"enemies":"Exordium Thugs","floor":13,"turns":7},{"damage":44,"enemies":"The Guardian","floor":16,"turns":13},{"damage":22,"enemies":"2 Thieves","floor":18,"turns":4},{"damage":28,"enemies":"Spheric Guardian","floor":19,"turns":5},{"damage":10,"enemies":"Snecko","floor":21,"turns":5},{"damage":26,"enemies":"Snake Plant","floor":27,"turns":4},{"damage":14,"enemies":"Centurion and Healer","floor":30,"turns":5},{"damage":10,"enemies":"Cultist and Chosen","floor":31,"turns":4},{"damage":67,"enemies":"Champ","floor":33,"turns":8},{"damage":13,"enemies":"3 Darklings","floor":35,"turns":8},{"damage":9,"enemies":"Orb Walker","floor":38,"turns":3},{"damage":12,"enemies":"3 Darklings","floor":41,"turns":4},{"damage":1,"enemies":"4 Shapes","floor":44,"turns":6},{"damage":5,"enemies":"Maw","floor":48,"turns":4},{"damage":79,"enemies":"Time Eater","floor":50,"turns":5}],"event_choices":[{"event_name":"Shining Light","player_choice":"Entered Light","floor":3.0,"damage_taken":0.0},{"event_name":"Accursed Blacksmith","player_choice":"Rummage","floor":4.0,"damage_taken":0.0},{"event_name":"Mushrooms","player_choice":"Fought Mushrooms","floor":7,"damage_taken":0},{"event_name":"Living Wall","player_choice":"Forget","floor":14,"damage_taken":0},{"event_name":"N\u0027loth","player_choice":"Ignored","floor":22,"damage_taken":0},{"event_name":"Beggar","player_choice":"Gave Gold","floor":24,"damage_taken":0},{"event_name":"Winding Halls","player_choice":"Writhe","floor":36,"damage_taken":0},{"event_name":"Mysterious Sphere","player_choice":"Ignore","floor":45,"damage_taken":0},{"event_name":"Bonfire Elementals","player_choice":"BASIC","floor":46,"damage_taken":0}],"boss_relics":[{"not_picked":["Mark of Pain","Question Card"],"picked":"Runic Cube"},{"not_picked":["Sozu","Black Star"],"picked":"Velvet Choker"}],"potions_floor_spawned":[7,11,13,21,27,30,31,35,38],"seed_played":"5521795087929182246","ascension_level":0,"is_trial":false}