{"path_per_floor":["M","$","M","?","?","R","?","M","T","R","M","M","R","M","R","B",null,"M","?","$","$","M","R","M","R","T","R","M","$","E","$","R","B",null,"M","$","M","M","M","R","?","R","T","R","$","E","R","M","R","B"],"character_chosen":"IRONCLAD","items_purchased":["Shrug It Off","Anchor","Singing Bowl"],"gold_per_floor":[114,62,81,31,31,31,56,81,81,81,99,120,120,141,141,267,267,288,213,68,68,88,88,108,108,135,135,153,78,121,21,21,145,145,163,163,187,200,218,218,286,286,311,311,31,62,62,77,77,77],"floor_reached":51,"campfire_rested":0,"playtime":2005,"current_hp_per_floor":[67,67,67,67,49,49,46,48,48,48,54,60,60,61,61,20,72,72,72,72,72,72,72,72,72,72,72,72,72,72,72,72,72,72,72,72,72,72,72,72,72,72,79,79,76,78,78,80,80,80],"items_purged":["Doubt","Strike_R","Parasite"],"gold":77,"score":717,"play_id":"8ed28faf-f2e4-49ad-9dfb-89d445cfa9e0","local_time":"20180308235805","is_prod":false,"is_daily":false,"is_ascension_mode":true,"campfire_upgraded":13,"timestamp":1520571485,"path_taken":["M","$","M","?","?","R","?","M","T","R","M","M","R","M","R","BOSS","M","?","?","$","?","R","M","R","T","R","M","$","E","$","R","BOSS","M","$","M","M","M","R","?","R","T","R","$","E","R","M","R","BOSS"],"build_version":"2018-03-01-PROD1","purchased_purges":6,"victory":true,"master_deck":["Strike_R","Strike_R","Defend_R+1","Defend_R+1","Defend_R+1","Defend_R","Bash+1","Inflame+1","Shrug It Off+1","Flame Barrier+1","Body Slam+1","Impervious+1","Whirlwind+1","Body Slam+1","Offering+1","Entrench+1"],"max_hp_per_floor":[72,72,72,72,72,72,72,72,72,72,72,72,72,72,72,72,72,72,72,72,72,72,72,72,72,72,72,72,72,72,72,72,72,72,72,72,72,72,72,72,72,72,79,79,76,78,78,80,80,80],"relics":["Burning Blood","Calipers","Golden Idol","Odd Mushroom","Thread and Needle","Cursed Key","Anchor","Art of War","Bronze Scales","Sozu","Ice Cream","Strawberry","Singing Bowl","Oddly Smooth Stone"],"card_choices":[{"not_picked":["Battle Trance","Dropkick"],"picked":"Inflame"},{"not_picked":["Fire Breathing","Pommel Strike"],"picked":"Flame Barrier"},{"not_picked":["Second Wind","Twin Strike"],"picked":"Body Slam"},{"not_picked":["Brutality","Exhume"],"picked":"Impervious"},{"not_picked":["Headbutt","Dropkick"],"picked":"Whirlwind"},{"not_picked":["Shrug It Off","Battle Trance"],"picked":"Body Slam"},{"not_picked":["Berserk","Reaper"],"picked":"Offering"},{"not_picked":["Intimidate","Body Slam"],"picked":"Entrench"}],"player_experience":663468,"potions_floor_usage":[50,50],"damage_taken":[{"damage":11.0,"enemies":"Jaw Worm","floor":1.0,"turns":3.0},{"damage":6.0,"enemies":"Small Slimes","floor":3.0,"turns":3.0},{"damage":9.0,"enemies":"The Mushroom Lair","floor":7.0,"turns":7.0},{"damage":4.0,"enemies":"2 Louse","floor":8.0,"turns":3.0},{"damage":0.0,"enemies":"Large Slime","floor":11.0,"turns":8.0},{"damage":0.0,"enemies":"3 Louse","floor":12.0,"turns":4.0},{"damage":5.0,"enemies":"Looter","floor":14.0,"turns":3.0},{"damage":47.0,"enemies":"Hexaghost","floor":16.0,"turns":11.0},{"damage":0.0,"enemies":"Chosen","floor":18.0,"turns":5.0},{"damage":0.0,"enemies":"2 Thieves","floor":22.0,"turns":3.0},{"damage":0.0,"enemies":"Slaver and Parasite","floor":24.0,"turns":5.0},{"damage":0.0,"enemies":"Snecko","floor":28.0,"turns":4.0},{"damage":0.0,"enemies":"Book of Stabbing","floor":30.0,"turns":5.0},{"damage":0.0,"enemies":"Collector","floor":33.0,"turns":12.0},{"damage":0.0,"enemies":"Orb Walker","floor":35.0,"turns":2.0},{"damage":0.0,"enemies":"3 Shapes","floor":37.0,"turns":2.0},{"damage":0.0,"enemies":"3 Darklings","floor":38.0,"turns":3.0},{"damage":4.0,"enemies":"Sphere and 2 Shapes","floor":39.0,"turns":2.0},{"damage":0.0,"enemies":"Mysterious Sphere","floor":41.0,"turns":3.0},{"damage":4.0,"enemies":"Nemesis","floor":46.0,"turns":3.0},{"damage":4.0,"enemies":"4 Shapes","floor":48.0,"turns":3.0},{"damage":0,"enemies":"Donu and Deca","floor":50,"turns":5}],"event_choices":[{"event_name":"The Cleric","player_choice":"Card Removal","floor":4.0,"damage_taken":0.0},{"event_name":"Golden Idol","player_choice":"Take Damage","floor":5.0,"damage_taken":0.0},{"event_name":"Mushrooms","player_choice":"Fought Mushrooms","floor":7.0,"damage_taken":0.0},{"event_name":"Beggar","player_choice":"Gave Gold","floor":19.0,"damage_taken":0.0},{"event_name":"Mysterious Sphere","player_choice":"Fight","floor":41.0,"damage_taken":0.0}],"boss_relics":[],"potions_floor_spawned":[1,7,12,14,16,24,30,33,35,39,41,46],"seed_played":"3952395319060910080","ascension_level":1,"is_trial":false}