{"path_per_floor":["M","?","$","M","M","R","M","?","T","R","$","?","R","$","R","B",null,"M","?","M","$","?"],"character_chosen":"IRONCLAD","items_purchased":["Wild Strike","Evolve","Double Tap","Metallicize","Entrench"],"gold_per_floor":[215,215,94,110,121,121,131,131,154,154,12,87,87,17,17,113,113,131,56,73,5,5],"floor_reached":23,"campfire_rested":0,"playtime":606,"current_hp_per_floor":[80,64,64,70,75,75,57,57,57,57,57,46,46,46,46,43,80,63,63,34,34,34],"items_purged":[],"gold":5,"score":177,"play_id":"7d2610eb-e92e-4afb-9192-76be3625316b","local_time":"20180313171426","is_prod":false,"is_daily":false,"is_ascension_mode":false,"campfire_upgraded":4,"timestamp":1520975666,"path_taken":["M","?","?","M","?","R","M","?","T","R","$","?","R","$","R","BOSS","M","?","?","$","?","E"],"build_version":"2018-03-09","purchased_purges":1,"victory":false,"master_deck":["Strike_R+1","Strike_R+1","Strike_R+1","Strike_R+1","Strike_R+1","Defend_R+1","Defend_R+1","Defend_R+1","Bash","Wild Strike","Evolve+1","Body Slam+1","Perfected Strike+1","Perfected Strike+1","Double Tap+1","Metallicize","Barricade","Entrench"],"max_hp_per_floor":[80,80,80,80,80,80,80,80,80,80,80,80,80,80,80,80,80,80,80,80,80,80],"relics":["Burning Blood","Vajra","Philosopher\u0027s Stone"],"card_choices":[{"not_picked":["Heavy Blade","Blood for Blood"],"picked":"Body Slam"},{"not_picked":["Clothesline","Power Through"],"picked":"Perfected Strike"},{"not_picked":["Armaments","Body Slam"],"picked":"Perfected Strike"},{"not_picked":["Limit Break","Bludgeon"],"picked":"Barricade"}],"player_experience":664039,"potions_floor_usage":[16,20,20,23],"damage_taken":[{"damage":0,"enemies":"2 Louse","floor":1,"turns":3},{"damage":0,"enemies":"Small Slimes","floor":4,"turns":3},{"damage":1,"enemies":"Cultist","floor":5,"turns":3},{"damage":24,"enemies":"Exordium Thugs","floor":7,"turns":5},{"damage":9,"enemies":"Slime Boss","floor":16,"turns":7},{"damage":23,"enemies":"Shell Parasite","floor":18,"turns":3},{"damage":35,"enemies":"3 Byrds","floor":20,"turns":4},{"damage":40,"enemies":"Book of Stabbing","floor":23,"turns":2}],"event_choices":[{"event_name":"Shining Light","player_choice":"Entered Light","floor":2,"damage_taken":0},{"event_name":"Living Wall","player_choice":"Grow","floor":8,"damage_taken":0},{"event_name":"World of Goop","player_choice":"Gather Gold","floor":12,"damage_taken":0},{"event_name":"Beggar","player_choice":"Gave Gold","floor":19,"damage_taken":0},{"event_name":"Back to Basics","player_choice":"Simplicity","floor":22,"damage_taken":0}],"boss_relics":[{"not_picked":["Black Blood","Snecko Eye"],"picked":"Philosopher\u0027s Stone"}],"potions_floor_spawned":[1,5,16,20],"seed_played":"-8131245618377545229","killed_by":"Book of Stabbing","ascension_level":0,"is_trial":false}