{"path_per_floor":["M","?","$","M","$","R","E","R","T","M","M","R","?","$","R","B",null,"M","?","$","M","$","R","?","?","T","?","?","R","M","?","R","B",null,"M","?","?","M","M","R","?","R","T","?","?","$","M","M","R","B"],"character_chosen":"IRONCLAD","items_purchased":["Clash","Clash","Flash of Steel"],"gold_per_floor":[116,116,41,53,53,53,87,87,134,152,170,170,170,19,19,122,122,133,133,109,123,123,123,38,38,89,14,14,14,26,26,26,122,122,135,135,135,145,162,162,262,262,289,289,289,69,81,91,91,91],"floor_reached":51,"campfire_rested":0,"playtime":1500,"current_hp_per_floor":[80,80,80,80,80,80,58,58,58,59,53,53,46,46,46,43,80,76,56,56,56,56,56,56,56,56,56,56,56,56,56,56,40,56,50,50,43,44,37,37,37,37,37,37,37,37,38,50,50,43],"items_purged":["Defend_R","Defend_R","Madness"],"gold":91,"score":516,"play_id":"915254cd-4dae-490b-809d-a823a172482b","local_time":"20180304140550","is_prod":false,"is_daily":false,"is_ascension_mode":false,"campfire_upgraded":10,"timestamp":1520190350,"path_taken":["M","?","$","M","$","R","E","R","T","M","M","R","?","$","R","BOSS","M","?","$","M","$","R","?","?","T","?","?","R","M","?","R","BOSS","M","?","?","M","M","R","?","R","T","?","?","$","M","M","R","BOSS"],"build_version":"2018-03-01-PROD1","purchased_purges":5,"victory":true,"master_deck":["Bash+1","Heavy Blade+1","Flash of Steel","Pommel Strike+1","Pommel Strike+1","Clash+1","Clash+1","Double Tap+1","Bite","Bite","Bite","Bite","Clash+1","Flex+1","Offering+1","Clash+1","Madness+1","Flex+1","Offering+1","Flash of Steel"],"max_hp_per_floor":[80,80,80,80,80,80,80,80,80,80,80,80,80,80,80,80,80,80,56,56,56,56,56,56,56,56,56,56,56,56,56,56,56,56,56,56,56,56,56,56,56,56,56,56,56,56,56,56,56,56],"relics":["Black Blood","Regal Pillow","Bronze Scales","Juzu Bracelet","Runic Cube","Gremlin Horn","Pen Nib","Oddly Smooth Stone"],"card_choices":[{"not_picked":["Headbutt","Infernal Blade"],"picked":"Heavy Blade"},{"not_picked":["Ghostly Armor","Combust"],"picked":"Pommel Strike"},{"not_picked":["Body Slam","Shrug It Off"],"picked":"Pommel Strike"},{"not_picked":["Twin Strike","Perfected Strike"],"picked":"Clash"},{"not_picked":["Dark Embrace","Barricade"],"picked":"Double Tap"},{"not_picked":["Carnage","Wild Strike"],"picked":"Flex"},{"not_picked":["Limit Break","Double Tap"],"picked":"Offering"},{"not_picked":["Shrug It Off","Clothesline"],"picked":"Clash"},{"not_picked":["Clothesline","Clash"],"picked":"Flex"}],"player_experience":583349,"potions_floor_usage":[47,50,50],"damage_taken":[{"damage":6.0,"enemies":"Jaw Worm","floor":1.0,"turns":6.0},{"damage":6.0,"enemies":"Cultist","floor":4.0,"turns":3.0},{"damage":28.0,"enemies":"Gremlin Nob","floor":7.0,"turns":4.0},{"damage":5.0,"enemies":"Small Slimes","floor":10.0,"turns":3.0},{"damage":12.0,"enemies":"Blue Slaver","floor":11.0,"turns":2.0},{"damage":9.0,"enemies":"Slime Boss","floor":16.0,"turns":6.0},{"damage":10.0,"enemies":"Shell Parasite","floor":18.0,"turns":2.0},{"damage":0.0,"enemies":"Chosen","floor":21.0,"turns":2.0},{"damage":0.0,"enemies":"Snake Plant","floor":30.0,"turns":1.0},{"damage":22.0,"enemies":"Automaton","floor":33.0,"turns":3.0},{"damage":24.0,"enemies":"3 Darklings","floor":35.0,"turns":2.0},{"damage":15,"enemies":"Orb Walker","floor":38,"turns":2},{"damage":39,"enemies":"Maw","floor":39,"turns":4},{"damage":17,"enemies":"4 Shapes","floor":47,"turns":1},{"damage":4,"enemies":"3 Darklings","floor":48,"turns":1},{"damage":19,"enemies":"Time Eater","floor":50,"turns":2}],"event_choices":[{"event_name":"Match and Keep!","player_choice":"1 cards matched","floor":2.0,"damage_taken":0.0},{"event_name":"Golden Wing","player_choice":"Card Removal","floor":13.0,"damage_taken":0.0},{"event_name":"Vampires","player_choice":"Became a vampire","floor":19.0,"damage_taken":0.0},{"event_name":"Addict","player_choice":"Obtained Relic","floor":24.0,"damage_taken":0.0},{"event_name":"Upgrade Shrine","player_choice":"Upgraded","floor":25.0,"damage_taken":0.0},{"event_name":"Beggar","player_choice":"Gave Gold","floor":27.0,"damage_taken":0.0},{"event_name":"Back to Basics","player_choice":"Elegance","floor":28.0,"damage_taken":0.0},{"event_name":"Drug Dealer","player_choice":"Ignored","floor":31.0,"damage_taken":0.0},{"event_name":"Accursed Blacksmith","player_choice":"Forge","floor":36,"damage_taken":0},{"event_name":"Winding Halls","player_choice":"Embrace Madness","floor":37,"damage_taken":0},{"event_name":"Golden Shrine","player_choice":"Pray","floor":41,"damage_taken":0},{"event_name":"The Lab","player_choice":"Got Potions","floor":44,"damage_taken":0},{"event_name":"Duplicator","player_choice":"One dupe","floor":45,"damage_taken":0}],"boss_relics":[],"potions_floor_spawned":[4,11,16,18,21,30,38,48],"seed_played":"-1443613835577872822","ascension_level":0,"is_trial":false}