{"path_per_floor":["M","$","?","?","M","E","R","?","T","E","R","M","?","M","R","B",null,"M","M","$","$","M","R","E","R","T","$","E","R","?","M","R","B",null,"M","?","$","?","?","R","E","?","T","$","R","M","M","T","R","B"],"character_chosen":"IRONCLAD","items_purchased":["Battle Trance","Juzu Bracelet","War Paint"],"gold_per_floor":[111,2,2,252,272,300,300,300,300,335,335,350,350,370,370,472,472,490,503,246,101,116,116,147,147,173,48,78,78,78,90,90,191,191,203,203,53,53,53,53,80,80,133,133,133,147,158,208,208,208],"floor_reached":51,"campfire_rested":3,"playtime":1924,"current_hp_per_floor":[75,75,75,75,75,36,60,60,60,23,47,53,58,54,54,34,85,84,73,73,73,56,81,68,68,68,68,58,58,58,60,60,42,85,85,85,85,85,74,74,66,66,66,66,66,68,70,70,70,25],"items_purged":["Defend_R","Regret","Defend_R","Strike_R"],"gold":208,"score":592,"play_id":"96af4cd3-04e1-4c62-bfdd-aa4eae737b45","local_time":"20180302111257","is_prod":false,"is_daily":false,"is_ascension_mode":false,"campfire_upgraded":7,"timestamp":1520007177,"path_taken":["M","$","?","?","M","E","R","?","T","E","R","M","?","M","R","BOSS","M","M","?","$","M","R","E","R","T","$","E","R","?","M","R","BOSS","M","?","$","?","?","R","E","?","T","$","R","M","M","?","R","BOSS"],"build_version":"2018-03-01-PROD1","purchased_purges":4,"victory":true,"master_deck":["Strike_R","Strike_R","Strike_R","Strike_R+1","Bash+1","Battle Trance+1","Heavy Blade+1","Clash","Infernal Blade+1","Offering+1","Clash","Double Tap+1","Pommel Strike+1","Clash","Pommel Strike+1","Immolate","Seeing Red+1","Madness+1","Madness+1","Reckless Charge","Feed+1"],"max_hp_per_floor":[80,80,80,80,80,80,80,80,80,80,80,80,85,85,85,85,85,85,85,85,85,85,85,85,85,85,85,85,85,85,85,85,85,85,85,85,85,85,85,85,85,85,85,85,85,85,85,85,85,85],"relics":["Burning Blood","Prayer Wheel","Whetstone","Torii","Mummified Hand","Lizard Tail","Juzu Bracelet","War Paint","Vajra","Bag of Marbles","Bottled Lightning","Runic Cube","Thread and Needle","Happy Flower","Regal Pillow"],"card_choices":[{"not_picked":["Exhume","Headbutt"],"picked":"Heavy Blade"},{"not_picked":["Heavy Blade","Shrug It Off"],"picked":"Clash"},{"not_picked":["Cleave","Metallicize"],"picked":"Offering"},{"not_picked":["Corruption","Dropkick"],"picked":"Clash"},{"not_picked":["Exhume","Offering"],"picked":"Double Tap"},{"not_picked":["Spot Weakness","Body Slam"],"picked":"Pommel Strike"},{"not_picked":["Flame Barrier","Reaper"],"picked":"Clash"},{"not_picked":["Clothesline","Sword Boomerang"],"picked":"Pommel Strike"},{"not_picked":["Reaper","Exhume"],"picked":"Immolate"},{"not_picked":["Wild Strike","Corruption"],"picked":"Seeing Red"},{"not_picked":["Wild Strike","Rage"],"picked":"Reckless Charge"},{"not_picked":["Flex","Body Slam"],"picked":"Feed"}],"player_experience":554829,"potions_floor_usage":[50,50,50],"damage_taken":[{"damage":11.0,"enemies":"Jaw Worm","floor":1.0,"turns":5.0},{"damage":6.0,"enemies":"2 Louse","floor":5.0,"turns":2.0},{"damage":45.0,"enemies":"3 Sentries","floor":6.0,"turns":9.0},{"damage":43.0,"enemies":"Gremlin Nob","floor":10.0,"turns":4.0},{"damage":0.0,"enemies":"Cultist","floor":12.0,"turns":2.0},{"damage":10.0,"enemies":"Looter","floor":14.0,"turns":2.0},{"damage":26.0,"enemies":"Hexaghost","floor":16.0,"turns":5.0},{"damage":7.0,"enemies":"Spheric Guardian","floor":18.0,"turns":3.0},{"damage":17.0,"enemies":"Chosen","floor":19.0,"turns":3.0},{"damage":23.0,"enemies":"Centurion and Healer","floor":22.0,"turns":3.0},{"damage":19.0,"enemies":"Gremlin Leader","floor":24.0,"turns":4.0},{"damage":16.0,"enemies":"Book of Stabbing","floor":28.0,"turns":2.0},{"damage":4.0,"enemies":"3 Cultists","floor":31.0,"turns":1.0},{"damage":24.0,"enemies":"Champ","floor":33.0,"turns":3.0},{"damage":4.0,"enemies":"Orb Walker","floor":35.0,"turns":1.0},{"damage":14.0,"enemies":"2 Orb Walkers","floor":41.0,"turns":2.0},{"damage":4.0,"enemies":"3 Darklings","floor":46.0,"turns":1.0},{"damage":4.0,"enemies":"Sphere and 2 Shapes","floor":47.0,"turns":1.0},{"damage":51,"enemies":"Donu and Deca","floor":50,"turns":6}],"event_choices":[{"event_name":"Living Wall","player_choice":"Forget","floor":3.0,"damage_taken":0.0},{"event_name":"Golden Shrine","player_choice":"Desecrate","floor":4.0,"damage_taken":0.0},{"event_name":"Transmorgrifier","player_choice":"Transform","floor":8.0,"damage_taken":0.0},{"event_name":"Big Fish","player_choice":"Donut","floor":13.0,"damage_taken":0.0},{"event_name":"Cursed Tome","player_choice":"Ignored","floor":30.0,"damage_taken":0.0},{"event_name":"Tomb of Lord Red Mask","player_choice":"Ignored","floor":36.0,"damage_taken":0.0},{"event_name":"The Lab","player_choice":"Got Potions","floor":38.0,"damage_taken":0.0},{"event_name":"Winding Halls","player_choice":"Embrace Madness","floor":39.0,"damage_taken":0.0},{"event_name":"Upgrade Shrine","player_choice":"Upgraded","floor":42.0,"damage_taken":0.0}],"boss_relics":[],"potions_floor_spawned":[6,10,14,16,22,28,31,41,46],"seed_played":"2060112754807559984","ascension_level":0,"is_trial":false}