{"path_per_floor":["M","M","M","?","M","R","M","R","T","?","M","E","$","M","R","B",null,"M","?","?","?","$","E","M","R","T","R","M","M","R","M","R"],"character_chosen":"IRONCLAD","items_purchased":["Flex","Lantern","Ancient Potion","Strawberry"],"gold_per_floor":[116,127,146,146,162,162,172,172,249,199,218,246,67,78,78,181,211,228,228,228,228,33,64,77,77,77,77,94,104,104,120,120],"floor_reached":33,"campfire_rested":4,"playtime":1437,"current_hp_per_floor":[80,80,80,80,25,49,47,47,47,47,42,24,24,10,34,15,85,44,44,44,44,51,39,27,61,61,61,32,17,51,56,56],"items_purged":[],"gold":120,"score":295,"play_id":"ff289718-42c2-40b2-af9c-0717a858c7cc","local_time":"20180304130438","is_prod":false,"is_daily":false,"is_ascension_mode":false,"campfire_upgraded":3,"timestamp":1520186678,"path_taken":["M","?","M","?","M","R","?","R","T","?","M","E","$","?","R","BOSS","M","?","?","?","$","E","M","R","T","R","M","M","R","M","R","BOSS"],"build_version":"2018-03-01-PROD1","purchased_purges":1,"victory":false,"master_deck":["Defend_R+1","Defend_R+1","Defend_R+1","Bash+1","Immolate","Flex+1","Berserk+1","Bite","Bite","Bite","Bite","Bite+1","Heavy Blade+1"],"max_hp_per_floor":[80,80,80,80,80,80,80,80,80,80,80,80,80,80,80,80,85,85,85,59,59,66,66,66,66,66,66,66,66,66,66,66],"relics":["Burning Blood","Shuriken","Frozen Egg 2","Lantern","Tiny House","War Paint","Strawberry","Regal Pillow","Omamori"],"card_choices":[{"not_picked":["Barricade","Dark Embrace"],"picked":"Berserk"},{"not_picked":["Uppercut","Iron Wave"],"picked":"Heavy Blade"}],"player_experience":580367,"potions_floor_usage":[5,12,16,16,16,23,23,33,33,33],"damage_taken":[{"damage":5,"enemies":"Cultist","floor":1,"turns":4},{"damage":0,"enemies":"2 Louse","floor":2,"turns":2},{"damage":0,"enemies":"Small Slimes","floor":3,"turns":3},{"damage":61,"enemies":"Gremlin Gang","floor":5,"turns":10},{"damage":8,"enemies":"3 Louse","floor":7,"turns":4},{"damage":11,"enemies":"Red Slaver","floor":11,"turns":4},{"damage":39,"enemies":"3 Sentries","floor":12,"turns":9},{"damage":20,"enemies":"Exordium Wildlife","floor":14,"turns":5},{"damage":25,"enemies":"Hexaghost","floor":16,"turns":7},{"damage":47,"enemies":"3 Byrds","floor":18,"turns":8},{"damage":46,"enemies":"Gremlin Leader","floor":23,"turns":7},{"damage":30,"enemies":"Spheric Guardian","floor":24,"turns":4},{"damage":58,"enemies":"Centurion and Healer","floor":28,"turns":7},{"damage":44,"enemies":"Slaver and Parasite","floor":29,"turns":7},{"damage":12,"enemies":"Snecko","floor":31,"turns":4},{"damage":85,"enemies":"Collector","floor":33,"turns":6}],"event_choices":[{"event_name":"The Lab","player_choice":"Got Potions","floor":4,"damage_taken":0},{"event_name":"The Cleric","player_choice":"Card Removal","floor":10,"damage_taken":0},{"event_name":"Upgrade Shrine","player_choice":"Upgraded","floor":19,"damage_taken":0},{"event_name":"Vampires","player_choice":"Became a vampire","floor":20,"damage_taken":0},{"event_name":"The Mausoleum","player_choice":"Yes","floor":21,"damage_taken":0}],"boss_relics":[{"not_picked":["Astrolabe","White Beast Statue"],"picked":"Tiny House"}],"potions_floor_spawned":[2,5,7,12,16,23,29,31],"seed_played":"4781464824666717452","killed_by":"Collector","ascension_level":0,"is_trial":false}