{"path_per_floor":["M","?","?","?","?","R","M","M","T","R","M","$","?","M","R","B",null,"M","M","$","?","M","R","M","M","T","?","?","R","M","?","R","B",null,"M","$","?","?","?","R","M","?","T","R","T","R","M","M","R"],"character_chosen":"IRONCLAD","items_purchased":["Panacea","Strength Potion","Limit Break"],"gold_per_floor":[115,65,65,65,65,65,84,101,156,156,171,24,24,44,44,145,145,164,174,99,99,111,111,121,137,137,137,137,137,157,157,157,261,261,281,25,25,25,25,25,40,0,75,75,149,149,164,182,182],"floor_reached":50,"campfire_rested":5,"playtime":1435,"current_hp_per_floor":[80,80,85,85,85,85,85,85,85,85,82,82,82,85,85,38,85,61,49,49,49,51,76,57,31,31,31,31,56,46,46,71,48,85,55,55,55,55,55,80,69,69,69,69,69,69,66,30,55],"items_purged":["Metallicize","Strike_R"],"gold":182,"score":405,"play_id":"a422d689-1cb0-46b5-bd51-9364d100d779","local_time":"20180307193226","is_prod":false,"is_daily":false,"is_ascension_mode":false,"campfire_upgraded":5,"timestamp":1520469146,"path_taken":["M","?","?","?","?","R","?","M","T","R","M","$","?","M","R","BOSS","M","M","$","?","M","R","M","M","T","?","?","R","M","?","R","BOSS","M","$","?","?","?","R","M","?","T","R","?","R","M","M","R","BOSS"],"build_version":"2018-03-01-PROD1","purchased_purges":2,"victory":false,"master_deck":["Strike_R","Bash+1","Flex+1","Clash","Panacea+1","Clash","Offering+1","Double Tap+1","Heavy Blade","Flex","Pommel Strike","Limit Break","Pummel"],"max_hp_per_floor":[80,80,85,85,85,85,85,85,85,85,85,85,85,85,85,85,85,85,85,85,85,85,85,85,85,85,85,85,85,85,85,85,85,85,85,85,85,85,85,85,85,85,85,85,85,85,85,85,85],"relics":["Burning Blood","Red Mask"],"card_choices":[{"not_picked":["Armaments","Wild Strike"],"picked":"Flex"},{"not_picked":["Intimidate","Spot Weakness"],"picked":"Clash"},{"not_picked":["Searing Blow","Iron Wave"],"picked":"Clash"},{"not_picked":["Fire Breathing","Carnage"],"picked":"Double Tap"},{"not_picked":["Shrug It Off","Havoc"],"picked":"Heavy Blade"},{"not_picked":["Havoc","Corruption"],"picked":"Pommel Strike"}],"player_experience":640979,"potions_floor_usage":[],"damage_taken":[{"damage":0.0,"enemies":"2 Louse","floor":1.0,"turns":2.0},{"damage":6.0,"enemies":"Jaw Worm","floor":7.0,"turns":3.0},{"damage":5.0,"enemies":"Small Slimes","floor":8.0,"turns":3.0},{"damage":9.0,"enemies":"2 Fungi Beasts","floor":11.0,"turns":3.0},{"damage":0.0,"enemies":"Looter","floor":14.0,"turns":1.0},{"damage":53.0,"enemies":"Hexaghost","floor":16.0,"turns":6.0},{"damage":30.0,"enemies":"2 Thieves","floor":18.0,"turns":3.0},{"damage":18.0,"enemies":"Shell Parasite","floor":19.0,"turns":3.0},{"damage":4.0,"enemies":"Snecko","floor":22.0,"turns":2.0},{"damage":25.0,"enemies":"Snake Plant","floor":24.0,"turns":2.0},{"damage":32.0,"enemies":"Slaver and Parasite","floor":25.0,"turns":3.0},{"damage":16.0,"enemies":"Centurion and Healer","floor":30.0,"turns":2.0},{"damage":29.0,"enemies":"Champ","floor":33.0,"turns":4.0},{"damage":36.0,"enemies":"3 Darklings","floor":35.0,"turns":4.0},{"damage":17,"enemies":"3 Shapes","floor":41,"turns":2},{"damage":9,"enemies":"Maw","floor":47,"turns":3},{"damage":42,"enemies":"4 Shapes","floor":48,"turns":4},{"damage":57,"enemies":"Awakened One","floor":50,"turns":3}],"event_choices":[{"event_name":"The Cleric","player_choice":"Card Removal","floor":2.0,"damage_taken":0.0},{"event_name":"Big Fish","player_choice":"Donut","floor":3.0,"damage_taken":0.0},{"event_name":"Scrap Ooze","player_choice":"unsuccessful","floor":4.0,"damage_taken":0.0},{"event_name":"Bonfire Elementals","player_choice":"BASIC","floor":5.0,"damage_taken":0.0},{"event_name":"Transmorgrifier","player_choice":"Transform","floor":13.0,"damage_taken":0.0},{"event_name":"Match and Keep!","player_choice":"1 cards matched","floor":21.0,"damage_taken":0.0},{"event_name":"Back to Basics","player_choice":"Elegance","floor":27.0,"damage_taken":0.0},{"event_name":"The Library","player_choice":"Read","floor":28.0,"damage_taken":0.0},{"event_name":"Addict","player_choice":"Ignored","floor":31.0,"damage_taken":0.0},{"event_name":"Mysterious Sphere","player_choice":"Ignore","floor":37.0,"damage_taken":0.0},{"event_name":"Transmorgrifier","player_choice":"Transform","floor":38.0,"damage_taken":0.0},{"event_name":"Tomb of Lord Red Mask","player_choice":"Paid","floor":42,"damage_taken":0}],"boss_relics":[],"potions_floor_spawned":[7,16,18,22,24,47],"seed_played":"8713061784458723918","killed_by":"Awakened One","ascension_level":0,"is_trial":false}