{"path_per_floor":["M","?","M","M","$","E","R","E","T","$","?","R","M","M","R","B",null,"M","M","?","$","M","E","?","$","T","R","$","M","$"],"character_chosen":"IRONCLAD","items_purchased":["Shrug It Off","Ancient Potion","Headbutt","Ancient Potion","Panacea","Shrug It Off","Dexterity Potion"],"gold_per_floor":[110,110,130,150,29,88,88,120,168,92,57,57,77,89,89,184,184,197,217,217,68,82,109,109,60,60,60,8,23,23],"floor_reached":31,"campfire_rested":1,"playtime":1050,"current_hp_per_floor":[75,75,80,80,80,63,63,38,38,38,58,58,54,60,60,56,80,78,70,70,70,31,11,11,11,11,35,35,9,9],"items_purged":["Strike_R"],"gold":23,"score":276,"play_id":"332c2366-5ec0-4607-8cdc-73fafcc40a13","local_time":"20180312150142","is_prod":false,"is_daily":false,"is_ascension_mode":true,"campfire_upgraded":3,"timestamp":1520881302,"path_taken":["M","?","M","?","$","E","R","E","T","$","?","R","M","M","R","BOSS","M","M","?","$","M","E","?","$","T","R","$","M","?","M"],"build_version":"2018-03-09","purchased_purges":1,"victory":false,"master_deck":["Strike_R","Strike_R","Strike_R","Strike_R","Defend_R","Defend_R","Defend_R","Defend_R","Bash+1","Flex+1","Headbutt","Shrug It Off","Headbutt","Flex+1","Double Tap","Headbutt","Panacea","Rampage","Shrug It Off"],"max_hp_per_floor":[80,80,80,80,80,80,80,80,80,80,80,80,80,80,80,80,80,80,80,80,80,80,80,80,80,80,80,80,80,80],"relics":["Burning Blood","Tiny Chest","Pen Nib","Juzu Bracelet","Runic Pyramid","Lantern","Dead Branch"],"card_choices":[{"not_picked":["Iron Wave","Clothesline"],"picked":"Flex"},{"not_picked":["Clothesline","Armaments"],"picked":"Flex"},{"not_picked":["Feed","Offering"],"picked":"Double Tap"},{"not_picked":["True Grit","Rage"],"picked":"Headbutt"},{"not_picked":["Thunderclap","Bloodletting"],"picked":"Rampage"}],"player_experience":658487,"potions_floor_usage":[16,16,22,23,23,23],"damage_taken":[{"damage":11,"enemies":"Jaw Worm","floor":1,"turns":2},{"damage":1,"enemies":"Cultist","floor":3,"turns":3},{"damage":0,"enemies":"Small Slimes","floor":4,"turns":3},{"damage":23,"enemies":"3 Sentries","floor":6,"turns":12},{"damage":31,"enemies":"Lagavulin","floor":8,"turns":6},{"damage":10,"enemies":"Looter","floor":13,"turns":2},{"damage":0,"enemies":"Exordium Wildlife","floor":14,"turns":3},{"damage":10,"enemies":"Hexaghost","floor":16,"turns":7},{"damage":8,"enemies":"Chosen","floor":18,"turns":5},{"damage":14,"enemies":"Shell Parasite","floor":19,"turns":4},{"damage":45,"enemies":"Centurion and Healer","floor":22,"turns":5},{"damage":26,"enemies":"Gremlin Leader","floor":23,"turns":5},{"damage":32,"enemies":"Snake Plant","floor":29,"turns":4},{"damage":12,"enemies":"3 Cultists","floor":31,"turns":2}],"event_choices":[{"event_name":"Transmorgrifier","player_choice":"Transform","floor":2,"damage_taken":0},{"event_name":"The Cleric","player_choice":"Healed","floor":11,"damage_taken":0},{"event_name":"Drug Dealer","player_choice":"Ignored","floor":20,"damage_taken":0},{"event_name":"Cursed Tome","player_choice":"Ignored","floor":24,"damage_taken":0}],"boss_relics":[{"not_picked":["Orrery","Runic Cube"],"picked":"Runic Pyramid"}],"potions_floor_spawned":[3,6,8,16,22],"seed_played":"-1920650313950739337","killed_by":"3 Cultists","ascension_level":1,"is_trial":false}