{"path_per_floor":["M","?","M","M","M","R","$","R","T","M","M","R","M","M","R","B",null,"M","?","?","?","M","E","R","M","T","R","?","M","M","M","R","B",null,"M","?","?","M","T","R","E","M","T","R","M","?","R","M","R","B"],"character_chosen":"IRONCLAD","items_purchased":[],"gold_per_floor":[109,109,119,135,147,147,72,72,96,115,135,135,155,174,174,274,274,288,238,238,238,252,282,282,292,292,292,292,306,321,332,332,437,437,453,499,499,511,559,559,585,595,618,618,628,628,628,645,645,645],"floor_reached":51,"campfire_rested":0,"playtime":1787,"current_hp_per_floor":[78,62,68,74,74,74,74,74,74,73,75,75,68,67,67,7,80,80,80,80,80,74,52,52,58,58,58,58,58,60,62,62,9,80,73,75,75,80,80,80,80,80,80,80,71,71,71,73,73,15],"items_purged":["Strike_R"],"gold":645,"score":594,"play_id":"42eb67ca-74c8-45e1-a342-b339a2d52338","local_time":"20180308142027","is_prod":false,"is_daily":false,"is_ascension_mode":true,"campfire_upgraded":11,"timestamp":1520536827,"path_taken":["M","?","M","M","M","R","$","R","T","M","M","R","M","M","R","BOSS","M","?","?","?","?","E","R","M","T","R","?","M","M","M","R","BOSS","M","?","?","M","?","R","E","M","T","R","?","?","R","?","R","BOSS"],"build_version":"2018-03-01-PROD1","purchased_purges":1,"victory":true,"master_deck":["Strike_R","Strike_R","Defend_R+1","Defend_R","Defend_R","Bash+1","Heavy Blade","Searing Blow+11","Offering","Ghostly Armor","Flame Barrier","Double Tap","Armaments+1","Writhe","Armaments+1"],"max_hp_per_floor":[80,80,80,80,80,80,80,80,80,80,80,80,80,80,80,80,80,80,80,80,80,80,80,80,80,80,80,80,80,80,80,80,80,80,80,80,80,80,80,80,80,80,80,80,80,80,80,80,80,80],"relics":["Burning Blood","Bag of Preparation","Philosopher\u0027s Stone","Ancient Tea Set","Happy Flower","Du-Vu Doll","Cursed Key","Red Skull","Omamori","Dream Catcher","Orichalcum"],"card_choices":[{"not_picked":["Dual Wield","Hemokinesis"],"picked":"Heavy Blade"},{"not_picked":["Uppercut","Cleave"],"picked":"Searing Blow"},{"not_picked":["Exhume","Barricade"],"picked":"Offering"},{"not_picked":["Pummel","Spot Weakness"],"picked":"Flame Barrier"},{"not_picked":["Immolate","Limit Break"],"picked":"Double Tap"},{"not_picked":["Spot Weakness","Rage"],"picked":"Armaments"},{"not_picked":["Limit Break","Infernal Blade"],"picked":"Armaments"}],"player_experience":652588,"potions_floor_usage":[50,50],"damage_taken":[{"damage":8.0,"enemies":"Jaw Worm","floor":1.0,"turns":3.0},{"damage":0.0,"enemies":"2 Louse","floor":3.0,"turns":3.0},{"damage":0.0,"enemies":"Small Slimes","floor":4.0,"turns":3.0},{"damage":6.0,"enemies":"3 Louse","floor":5.0,"turns":4.0},{"damage":7.0,"enemies":"Exordium Thugs","floor":10.0,"turns":4.0},{"damage":4.0,"enemies":"Gremlin Gang","floor":11.0,"turns":5.0},{"damage":13.0,"enemies":"2 Fungi Beasts","floor":13.0,"turns":3.0},{"damage":7.0,"enemies":"Blue Slaver","floor":14.0,"turns":2.0},{"damage":66.0,"enemies":"The Guardian","floor":16.0,"turns":9.0},{"damage":4.0,"enemies":"Chosen","floor":18.0,"turns":2.0},{"damage":12,"enemies":"Shell Parasite","floor":22,"turns":3},{"damage":28,"enemies":"Book of Stabbing","floor":23,"turns":3},{"damage":0,"enemies":"Snecko","floor":25,"turns":2},{"damage":6,"enemies":"Centurion and Healer","floor":29,"turns":3},{"damage":4,"enemies":"Cultist and Chosen","floor":30,"turns":2},{"damage":4,"enemies":"Snecko","floor":31,"turns":3},{"damage":59,"enemies":"Champ","floor":33,"turns":7},{"damage":13,"enemies":"3 Darklings","floor":35,"turns":5},{"damage":4,"enemies":"Mysterious Sphere","floor":36,"turns":3},{"damage":0,"enemies":"Orb Walker","floor":38,"turns":2},{"damage":4,"enemies":"2 Orb Walkers","floor":41,"turns":3},{"damage":4,"enemies":"Sphere and 2 Shapes","floor":42,"turns":4},{"damage":15,"enemies":"4 Shapes","floor":45,"turns":5},{"damage":4,"enemies":"Maw","floor":48,"turns":2},{"damage":73,"enemies":"Awakened One","floor":50,"turns":7}],"event_choices":[{"event_name":"Shining Light","player_choice":"Entered Light","floor":2.0,"damage_taken":0.0},{"event_name":"The Joust","player_choice":"Bet on Owner","floor":19.0,"damage_taken":0.0},{"event_name":"Wheel of Change","player_choice":"Relic","floor":20,"damage_taken":0},{"event_name":"The Library","player_choice":"Read","floor":21,"damage_taken":0},{"event_name":"Back to Basics","player_choice":"Elegance","floor":28,"damage_taken":0},{"event_name":"Mysterious Sphere","player_choice":"Fight","floor":36,"damage_taken":0},{"event_name":"Tomb of Lord Red Mask","player_choice":"Ignored","floor":46,"damage_taken":0}],"boss_relics":[{"not_picked":["Sozu","Velvet Choker"],"picked":"Cursed Key"}],"potions_floor_spawned":[1,11,13,14,18,23,29,33,42,48],"seed_played":"404192012125511535","ascension_level":1,"is_trial":false}