{"path_per_floor":["M","$","M","?","$","E","M","R","T","M","M","$","R","M","R","B",null,"M","$","M","?","M","R","M","$","T","$","M","M","M","M","R","B",null,"M","M","?","M","$","M","R","?","T","R","M","?","R","M","R"],"character_chosen":"IRONCLAD","items_purchased":["Vajra","Flex","Bag of Preparation","Whirlwind","Clash"],"gold_per_floor":[213,138,148,223,27,56,69,69,95,107,120,20,20,37,37,140,140,157,32,45,45,55,55,71,71,151,1,14,26,46,61,61,163,163,175,186,186,206,81,92,92,92,92,92,105,105,105,121,121],"floor_reached":50,"campfire_rested":2,"playtime":1232,"current_hp_per_floor":[80,80,78,67,67,38,44,44,44,36,42,42,42,48,48,22,80,45,45,29,29,19,43,39,39,39,39,45,41,47,38,62,64,80,72,78,78,80,80,80,80,80,80,80,71,71,71,70,70],"items_purged":["Defend_R","Defend_R","Defend_R"],"gold":121,"score":501,"play_id":"03c70a3a-cf0a-47c5-aa56-7f1908904a86","local_time":"20180319011524","is_prod":false,"is_daily":false,"is_ascension_mode":false,"campfire_upgraded":7,"timestamp":1521436524,"path_taken":["M","$","?","?","$","E","M","R","T","M","M","$","R","M","R","BOSS","M","$","M","?","M","R","M","$","T","$","M","M","?","M","R","BOSS","M","M","?","M","$","M","R","?","T","R","?","?","R","M","R","BOSS"],"build_version":"2018-03-15v3","purchased_purges":3,"victory":false,"master_deck":["Strike_R","Strike_R","Strike_R","Strike_R","Strike_R","Bash+1","Flex+1","Flex+1","Flex+1","Clash","Seeing Red+1","Clash+1","Pommel Strike+1","Pommel Strike+1","Offering+1","Exhume+1","Flex+1","Heavy Blade+1","Whirlwind+1","Clash+1"],"max_hp_per_floor":[80,80,80,80,80,80,80,80,80,80,80,80,80,80,80,80,80,80,80,80,80,80,80,80,80,80,80,80,80,80,80,80,80,80,80,80,80,80,80,80,80,80,80,80,80,80,80,80,80],"relics":["Burning Blood","Vajra","Toxic Egg 2","Happy Flower","Black Star","Toolbox","Bag of Preparation","Question Card","Ice Cream"],"card_choices":[{"not_picked":["Flame Barrier","Heavy Blade"],"picked":"Flex"},{"not_picked":["Armaments","Hemokinesis"],"picked":"Flex"},{"not_picked":["Havoc","Barricade"],"picked":"Clash"},{"not_picked":["Havoc","Clothesline"],"picked":"Seeing Red"},{"not_picked":["Hemokinesis","Wild Strike"],"picked":"Pommel Strike"},{"not_picked":["Armaments","Combust"],"picked":"Pommel Strike"},{"not_picked":["Entrench","Havoc"],"picked":"Offering"},{"not_picked":["Dark Embrace","Fiend Fire"],"picked":"Exhume"},{"not_picked":["Entrench","Anger","Intimidate"],"picked":"Flex"},{"not_picked":["Sword Boomerang","Rupture","Disarm"],"picked":"Heavy Blade"}],"player_experience":692971,"potions_floor_usage":[16,16,16,33,33,50,50,50],"damage_taken":[{"damage":6,"enemies":"Cultist","floor":1,"turns":3},{"damage":8,"enemies":"Jaw Worm","floor":3,"turns":3},{"damage":35,"enemies":"Lagavulin","floor":6,"turns":6},{"damage":0,"enemies":"2 Louse","floor":7,"turns":1},{"damage":14,"enemies":"Exordium Thugs","floor":10,"turns":3},{"damage":0,"enemies":"2 Fungi Beasts","floor":11,"turns":2},{"damage":0,"enemies":"Blue Slaver","floor":14,"turns":1},{"damage":32,"enemies":"Hexaghost","floor":16,"turns":6},{"damage":41,"enemies":"Shell Parasite","floor":18,"turns":5},{"damage":22,"enemies":"3 Byrds","floor":20,"turns":5},{"damage":16,"enemies":"3 Cultists","floor":22,"turns":4},{"damage":10,"enemies":"Cultist and Chosen","floor":24,"turns":4},{"damage":0,"enemies":"Snake Plant","floor":28,"turns":1},{"damage":10,"enemies":"Centurion and Healer","floor":29,"turns":3},{"damage":0,"enemies":"Sentry and Sphere","floor":30,"turns":2},{"damage":15,"enemies":"Snecko","floor":31,"turns":3},{"damage":4,"enemies":"Collector","floor":33,"turns":2},{"damage":14,"enemies":"3 Shapes","floor":35,"turns":2},{"damage":0,"enemies":"Orb Walker","floor":36,"turns":1},{"damage":4,"enemies":"Sphere and 2 Shapes","floor":38,"turns":2},{"damage":4,"enemies":"3 Darklings","floor":40,"turns":1},{"damage":15,"enemies":"4 Shapes","floor":45,"turns":2},{"damage":7,"enemies":"Sphere and 2 Shapes","floor":48,"turns":2},{"damage":78,"enemies":"Awakened One","floor":50,"turns":3}],"event_choices":[{"event_name":"World of Goop","player_choice":"Gather Gold","floor":4,"damage_taken":0},{"event_name":"The Library","player_choice":"Read","floor":21,"damage_taken":0},{"event_name":"Tomb of Lord Red Mask","player_choice":"Ignored","floor":37,"damage_taken":0},{"event_name":"Upgrade Shrine","player_choice":"Upgraded","floor":46,"damage_taken":0}],"boss_relics":[{"not_picked":["Runic Cube","Eternal Feather"],"picked":"Black Star"},{"not_picked":["Velvet Choker","Pandora\u0027s Box"],"picked":"Question Card"}],"potions_floor_spawned":[1,6,7,16,20,22,30,31,33,38,40,45],"seed_played":"6978835801550119556","killed_by":"Awakened One","ascension_level":0,"is_trial":false}