{"path_per_floor":["M","?","?","$","?","E","R","M","T","M","$","M","M","M","R","B",null,"M","$","?","M","?","R","?","R","T","R","$","E","$","M","R","B",null,"M","T","M","$","M","E","$","?","T","M","$","$","M","M","R","B"],"character_chosen":"IRONCLAD","items_purchased":["Meat on the Bone","Pear","Singing Bowl","Limit Break","Clash","Master of Strategy","Orichalcum","Shuriken","Blood Vial","Shovel","Bag of Preparation","Bag of Marbles","Panacea","Double Tap","Flex","Pantograph","Thinking Ahead","Deep Breath","Matryoshka","Centennial Puzzle","Du-Vu Doll","Membership Card","Blue Candle","Letter Opener","Heavy Blade","Bottled Lightning","Ancient Tea Set","Thinking Ahead","Toxic Egg 2","Master of Strategy","Dodecahedron","Ancient Potion","Strength Potion"],"gold_per_floor":[718,718,668,185,185,214,214,234,264,278,56,75,87,97,97,196,196,212,150,150,168,168,168,168,168,195,195,850,880,10,20,20,117,117,136,159,173,4164,4175,4207,3403,3403,3428,3448,2789,2133,2146,2160,2160,2160],"floor_reached":51,"campfire_rested":0,"playtime":1180,"current_hp_per_floor":[80,80,80,90,87,90,90,90,90,90,90,90,92,94,94,91,94,90,90,90,96,96,96,103,103,103,103,103,105,105,107,107,109,109,111,111,113,113,115,117,117,117,117,119,119,119,121,123,123,123],"items_purged":["Defend_R","Defend_R","Strike_R","Strike_R","Strike_R","Strike_R","Strike_R"],"gold":2160,"score":1121,"play_id":"7484802d-7f25-4df6-9999-e11e07af7f18","local_time":"20180316213814","is_prod":false,"is_daily":false,"is_ascension_mode":false,"campfire_upgraded":5,"timestamp":1521250694,"path_taken":["M","?","?","?","?","E","R","?","T","M","$","?","M","M","R","BOSS","M","$","?","?","?","R","?","R","T","R","$","E","$","M","R","BOSS","M","?","M","$","M","E","$","?","T","?","?","$","M","?","R","BOSS"],"build_version":"2018-03-15v2","purchased_purges":8,"victory":true,"master_deck":["Bash+1","Flex+1","Flex+1","Flex+1","Clash","Whirlwind+1","Reaper+1","Limit Break+1","Master of Strategy+1","Clash+1","Clash","Panacea","Double Tap","Flex","Thinking Ahead","Deep Breath","Heavy Blade","Thinking Ahead","Master of Strategy+1"],"max_hp_per_floor":[80,80,80,90,90,90,90,90,90,90,90,90,92,94,94,94,94,96,96,96,96,96,96,103,103,103,103,103,105,105,107,107,109,109,111,111,113,113,115,117,117,117,117,119,119,119,121,123,123,123],"relics":["Burning Blood","Meat on the Bone","Pear","Dream Catcher","Vajra","Tiny Chest","Singing Bowl","Philosopher\u0027s Stone","Orichalcum","Shuriken","Blood Vial","Strawberry","MoneyMoneyMoney","Shovel","Bag of Preparation","Bag of Marbles","Ginger","Pantograph","Omamori","Runic Dome","Regal Pillow","Matryoshka","Centennial Puzzle","Du-Vu Doll","Lantern","Membership Card","Blue Candle","Letter Opener","Paper Frog","Pen Nib","Bottled Lightning","Ancient Tea Set","Toxic Egg 2","Dodecahedron","Bottled Flame"],"card_choices":[{"not_picked":["Infernal Blade","Feel No Pain"],"picked":"Hemokinesis"},{"not_picked":["Sword Boomerang","Perfected Strike"],"picked":"Clash"},{"not_picked":["Sever Soul","Headbutt"],"picked":"Whirlwind"},{"not_picked":["Bludgeon","Feed"],"picked":"Reaper"},{"not_picked":["Twin Strike","Searing Blow"],"picked":"Clash"}],"player_experience":690171,"potions_floor_usage":[],"damage_taken":[{"damage":0,"enemies":"2 Louse","floor":1,"turns":1},{"damage":0,"enemies":"3 Sentries","floor":6,"turns":1},{"damage":0,"enemies":"Jaw Worm","floor":8,"turns":1},{"damage":0,"enemies":"Small Slimes","floor":10,"turns":2},{"damage":0,"enemies":"2 Fungi Beasts","floor":12,"turns":1},{"damage":0,"enemies":"Exordium Wildlife","floor":13,"turns":2},{"damage":0,"enemies":"3 Louse","floor":14,"turns":1},{"damage":9,"enemies":"Slime Boss","floor":16,"turns":5},{"damage":12,"enemies":"Chosen","floor":18,"turns":2},{"damage":0,"enemies":"2 Thieves","floor":21,"turns":1},{"damage":0,"enemies":"Slavers","floor":29,"turns":1},{"damage":0,"enemies":"3 Cultists","floor":31,"turns":1},{"damage":0,"enemies":"Automaton","floor":33,"turns":1},{"damage":0,"enemies":"Orb Walker","floor":35,"turns":1},{"damage":0,"enemies":"3 Darklings","floor":37,"turns":1},{"damage":0,"enemies":"Maw","floor":39,"turns":1},{"damage":0,"enemies":"Nemesis","floor":40,"turns":1},{"damage":0,"enemies":"4 Shapes","floor":44,"turns":1},{"damage":0,"enemies":"3 Darklings","floor":47,"turns":1},{"damage":0,"enemies":"Sphere and 2 Shapes","floor":48,"turns":1},{"damage":0,"enemies":"Awakened One","floor":50,"turns":2}],"event_choices":[{"event_name":"Living Wall","player_choice":"Forget","floor":2,"damage_taken":0},{"event_name":"The Cleric","player_choice":"Card Removal","floor":3,"damage_taken":0},{"event_name":"Scrap Ooze","player_choice":"success","floor":5,"damage_taken":3},{"event_name":"The Woman in Blue","player_choice":"Bought 0 Potions","floor":20,"damage_taken":0},{"event_name":"The Library","player_choice":"Read","floor":22,"damage_taken":0},{"event_name":"The Mausoleum","player_choice":"Yes","floor":24,"damage_taken":0}],"boss_relics":[{"not_picked":["Velvet Choker","Astrolabe"],"picked":"Philosopher\u0027s Stone"},{"not_picked":["Orrery","Eternal Feather"],"picked":"Runic Dome"}],"potions_floor_spawned":[1,6,8,21,29,37,39,40],"seed_played":"-4767224249095451130","ascension_level":0,"is_trial":false}