{"path_per_floor":["M","M","$","M","?","R","$","M","T","M","R","M","M","M","R","B",null,"M","$","M","?","M","E","?","R","T","M","R","?","$","M","R"],"character_chosen":"IRONCLAD","items_purchased":["Whirlwind","Toxic Egg 2","Flex","Orichalcum"],"gold_per_floor":[116,126,126,144,319,319,30,48,48,63,63,76,96,115,115,215,215,234,38,53,53,70,97,97,97,145,160,160,160,85,97,97],"floor_reached":33,"campfire_rested":3,"playtime":932,"current_hp_per_floor":[88,88,88,88,88,88,88,76,76,69,69,59,53,58,84,21,88,76,76,68,68,58,31,31,49,49,46,46,46,46,25,43],"items_purged":["Doubt"],"gold":97,"score":287,"play_id":"edf0b3e3-ad76-4d72-9dab-027e3867be4f","local_time":"20180321225437","is_prod":false,"is_daily":false,"is_ascension_mode":false,"campfire_upgraded":3,"timestamp":1521687277,"path_taken":["M","M","$","M","?","R","$","M","T","?","R","M","?","M","R","BOSS","M","$","M","?","M","E","?","R","T","?","R","?","$","M","R","BOSS"],"build_version":"2018-03-15v3","purchased_purges":1,"victory":false,"master_deck":["Defend_R","Defend_R","Defend_R","Defend_R","Bash+1","Whirlwind+1","Flex+1","Flex+1","Bite+1","Bite","Bite","Bite","Bite","Flex+1","Heavy Blade"],"max_hp_per_floor":[88,88,88,88,88,88,88,88,88,88,88,88,88,88,88,88,88,88,88,88,88,88,88,61,61,61,61,61,61,61,61,61],"relics":["Burning Blood","Toxic Egg 2","Unceasing Top","Runic Cube","Orichalcum","Oddly Smooth Stone","Omamori"],"card_choices":[{"not_picked":["Pummel","Perfected Strike"],"picked":"Flex"},{"not_picked":["Carnage","Metallicize"],"picked":"Heavy Blade"}],"player_experience":731980,"potions_floor_usage":[8,16,16,23,23,27],"damage_taken":[{"damage":6.0,"enemies":"Jaw Worm","floor":1.0,"turns":5.0},{"damage":4.0,"enemies":"Small Slimes","floor":2.0,"turns":5.0},{"damage":6.0,"enemies":"Cultist","floor":4.0,"turns":4.0},{"damage":18,"enemies":"Gremlin Gang","floor":8,"turns":3},{"damage":13,"enemies":"Large Slime","floor":10,"turns":8},{"damage":16,"enemies":"Red Slaver","floor":12,"turns":3},{"damage":12,"enemies":"Blue Slaver","floor":13,"turns":4},{"damage":1,"enemies":"2 Fungi Beasts","floor":14,"turns":3},{"damage":69,"enemies":"Hexaghost","floor":16,"turns":9},{"damage":18,"enemies":"Chosen","floor":18,"turns":5},{"damage":14,"enemies":"2 Thieves","floor":20,"turns":3},{"damage":16,"enemies":"Centurion and Healer","floor":22,"turns":4},{"damage":33,"enemies":"Gremlin Leader","floor":23,"turns":5},{"damage":15,"enemies":"3 Cultists","floor":27,"turns":4},{"damage":50,"enemies":"Slaver and Parasite","floor":31,"turns":6},{"damage":77,"enemies":"Automaton","floor":33,"turns":6}],"event_choices":[{"event_name":"Liars Game","player_choice":"agreed","floor":5.0,"damage_taken":0.0},{"event_name":"Drug Dealer","player_choice":"Ignored","floor":21,"damage_taken":0},{"event_name":"Vampires","player_choice":"Became a vampire","floor":24,"damage_taken":0},{"event_name":"The Library","player_choice":"Read","floor":29,"damage_taken":0}],"boss_relics":[{"not_picked":["Lizard Tail","Tiny House"],"picked":"Runic Cube"}],"potions_floor_spawned":[4,8,10,16,20,23],"seed_played":"8310992879101574157","killed_by":"Automaton","ascension_level":0,"is_trial":false}