{"path_per_floor":["M","?","?","M","$","R","M","M","T","R","$","M","$","M","R","B",null,"M","?","$","M","M"],"character_chosen":"IRONCLAD","items_purchased":["Anchor"],"gold_per_floor":[112,112,112,124,49,49,67,85,109,109,9,22,22,40,40,141,141,159,159,15,33,50],"floor_reached":23,"campfire_rested":1,"playtime":711,"current_hp_per_floor":[80,80,80,80,80,80,80,66,66,66,66,62,62,50,80,15,80,73,73,73,61,51],"items_purged":["Regret","Strike_R"],"gold":50,"score":183,"play_id":"37d73ad7-dec7-4994-931a-f711664394df","local_time":"20180319142110","is_prod":false,"is_daily":false,"is_ascension_mode":false,"campfire_upgraded":2,"timestamp":1521483670,"path_taken":["M","?","?","?","$","R","M","M","T","R","?","M","$","M","R","BOSS","M","?","$","M","M","E"],"build_version":"2018-03-15v3","purchased_purges":2,"victory":false,"master_deck":["Bash","Immolate","Pommel Strike+1","Anger","Perfected Strike","Thunderclap","Shrug It Off","Twin Strike","Warcry","Sword Boomerang","Battle Trance+1","Rampage"],"max_hp_per_floor":[80,80,80,80,80,80,80,80,80,80,80,80,80,80,80,80,80,80,80,80,80,80],"relics":["Burning Blood","Omamori","Regal Pillow","Pandora\u0027s Box","Anchor"],"card_choices":[{"not_picked":["Uppercut","Heavy Blade"],"picked":"Pommel Strike"},{"not_picked":["Fire Breathing","Cleave"],"picked":"Battle Trance"},{"not_picked":["Pommel Strike","Twin Strike"],"picked":"Rampage"}],"player_experience":695700,"potions_floor_usage":[8,16,16,21,23],"damage_taken":[{"damage":4,"enemies":"2 Louse","floor":1,"turns":4},{"damage":1,"enemies":"Cultist","floor":4,"turns":3},{"damage":0,"enemies":"Small Slimes","floor":7,"turns":4},{"damage":20,"enemies":"Exordium Thugs","floor":8,"turns":8},{"damage":10,"enemies":"Looter","floor":12,"turns":2},{"damage":18,"enemies":"Large Slime","floor":14,"turns":6},{"damage":71,"enemies":"The Guardian","floor":16,"turns":14},{"damage":13,"enemies":"Chosen","floor":18,"turns":4},{"damage":18,"enemies":"Spheric Guardian","floor":21,"turns":4},{"damage":16,"enemies":"Centurion and Healer","floor":22,"turns":5},{"damage":53,"enemies":"Gremlin Leader","floor":23,"turns":5}],"event_choices":[{"event_name":"Living Wall","player_choice":"Forget","floor":2,"damage_taken":0},{"event_name":"Big Fish","player_choice":"Box","floor":3,"damage_taken":0},{"event_name":"Addict","player_choice":"Ignored","floor":19,"damage_taken":0}],"boss_relics":[{"not_picked":["Runic Cube","Astrolabe"],"picked":"Pandora\u0027s Box"}],"potions_floor_spawned":[1,7,8,14,18],"seed_played":"-5856318041310161886","killed_by":"Gremlin Leader","ascension_level":0,"is_trial":false}