{"path_per_floor":["M","$","M","$","M","E","M","$","T","?","R","?","R","M","R","B",null,"M","$","M","$","?","R"],"character_chosen":"IRONCLAD","items_purchased":["Rampage","Battle Trance","Ancient Tea Set"],"gold_per_floor":[117,117,136,61,80,110,127,19,19,47,47,47,47,58,58,162,162,174,28,47,47,587,587],"floor_reached":24,"campfire_rested":2,"playtime":4445,"current_hp_per_floor":[87,87,87,87,71,46,30,30,30,33,33,30,30,34,60,49,87,70,70,65,65,9,35],"items_purged":["Strike_R"],"gold":587,"score":194,"play_id":"b6155a32-0fbe-49db-baa1-f54b06b3b076","local_time":"20180319154807","is_prod":false,"is_daily":false,"is_ascension_mode":false,"campfire_upgraded":2,"timestamp":1521488887,"path_taken":["M","$","M","$","M","E","M","?","T","?","R","?","R","M","R","BOSS","M","$","?","$","?","R","M"],"build_version":"2018-03-15v3","purchased_purges":1,"victory":false,"master_deck":["Strike_R","Strike_R","Strike_R","Strike_R","Defend_R","Defend_R","Defend_R+1","Defend_R","Bash","Pommel Strike","Rampage+1","Battle Trance+1","Seeing Red+1","Brutality"],"max_hp_per_floor":[87,87,87,87,87,87,87,87,87,87,87,87,87,87,87,87,87,87,87,87,87,87,87],"relics":["Burning Blood","Strawberry","Prayer Wheel","Bag of Marbles","Odd Mushroom","War Paint","Runic Dome","Ancient Tea Set"],"card_choices":[{"not_picked":["Burning Pact","Feel No Pain"],"picked":"Pommel Strike"},{"not_picked":["Sword Boomerang","Twin Strike"],"picked":"Seeing Red"},{"not_picked":["Fiend Fire","Feed"],"picked":"Brutality"}],"player_experience":696411,"potions_floor_usage":[16],"damage_taken":[{"damage":6.0,"enemies":"Cultist","floor":1.0,"turns":3.0},{"damage":5.0,"enemies":"2 Louse","floor":3.0,"turns":4.0},{"damage":22.0,"enemies":"Jaw Worm","floor":5.0,"turns":4.0},{"damage":31.0,"enemies":"Gremlin Nob","floor":6.0,"turns":5.0},{"damage":22.0,"enemies":"Large Slime","floor":7.0,"turns":8.0},{"damage":3.0,"enemies":"The Mushroom Lair","floor":10.0,"turns":4.0},{"damage":2,"enemies":"Looter","floor":14,"turns":3},{"damage":17,"enemies":"Slime Boss","floor":16,"turns":7},{"damage":23,"enemies":"2 Thieves","floor":18,"turns":4},{"damage":11,"enemies":"Shell Parasite","floor":20,"turns":5},{"damage":38,"enemies":"Snake Plant","floor":24,"turns":3}],"event_choices":[{"event_name":"Mushrooms","player_choice":"Fought Mushrooms","floor":10.0,"damage_taken":0.0},{"event_name":"Scrap Ooze","player_choice":"success","floor":12,"damage_taken":3},{"event_name":"Knowing Skull","player_choice":"GOLD GOLD GOLD GOLD GOLD GOLD ","floor":22,"damage_taken":0}],"boss_relics":[{"not_picked":["Cursed Key","Snecko Eye"],"picked":"Runic Dome"}],"potions_floor_spawned":[3,6,10,18],"seed_played":"2009309318169249474","killed_by":"Snake Plant","ascension_level":0,"is_trial":false}