{"path_per_floor":["M","$","?","M","?","R","?","R","T","M","M","$","M","$","R","B",null,"M","?","?","M","$","E","?","R","T","$","M","M","E","M","R","B",null,"M","?","$","?","M","R","E","R","T","?","M","R","M","M","R","B"],"character_chosen":"IRONCLAD","items_purchased":["Red Skull","Flex","Metallicize","Offering"],"gold_per_floor":[214,214,164,179,429,429,459,459,459,472,491,106,120,74,74,178,178,190,190,190,207,135,167,167,167,192,28,47,58,83,102,102,201,201,216,216,116,116,133,133,160,160,185,185,196,196,208,226,226,226],"floor_reached":51,"campfire_rested":2,"playtime":1845,"current_hp_per_floor":[72,72,72,74,74,74,74,74,74,70,57,57,50,50,50,24,66,72,72,72,55,55,25,25,49,49,49,34,36,35,37,61,60,75,73,73,73,73,65,65,63,63,63,80,79,79,79,74,74,11],"items_purged":["Regret","Flex"],"gold":226,"score":1061,"play_id":"72ed940e-1c1b-4ead-bfa9-85f95070dfbc","local_time":"20180322150925","is_prod":false,"is_daily":false,"is_ascension_mode":true,"campfire_upgraded":7,"timestamp":1521745765,"path_taken":["M","$","?","M","?","R","?","R","T","?","M","$","M","$","R","BOSS","M","?","?","M","$","E","?","R","T","?","?","M","E","M","R","BOSS","M","?","$","?","M","R","E","R","T","?","M","R","M","M","R","BOSS"],"build_version":"2018-03-15v3","purchased_purges":4,"victory":true,"master_deck":["Strike_R+1","Defend_R","Defend_R+1","Defend_R+1","Bash+1","Seeing Red+1","Flame Barrier","Impervious+1","Offering+1","Barricade+1","Body Slam+1","Offering+1","Carnage+1","Rage+1","Ghostly Armor","Body Slam+1","Seeing Red+1","Writhe"],"max_hp_per_floor":[80,80,80,80,80,80,80,80,80,80,80,80,80,80,80,80,80,80,80,80,80,80,80,80,80,80,80,80,80,80,80,80,80,80,80,80,80,80,80,80,80,80,80,80,82,82,84,86,86,86],"relics":["Burning Blood","Vajra","Unceasing Top","Red Skull","Runic Dome","Oddly Smooth Stone","War Paint","Mercury Hourglass","Astrolabe","Singing Bowl","Calipers","Bag of Preparation"],"card_choices":[{"not_picked":["Warcry","Sword Boomerang"],"picked":"Seeing Red"},{"not_picked":["Ghostly Armor","Dark Embrace"],"picked":"Flame Barrier"},{"not_picked":["Dark Embrace","Brutality"],"picked":"Impervious"},{"not_picked":["Thunderclap","Rampage"],"picked":"Barricade"},{"not_picked":["Iron Wave","Fire Breathing"],"picked":"Body Slam"},{"not_picked":["Sword Boomerang","Seeing Red"],"picked":"Ghostly Armor"},{"not_picked":["Anger","Spot Weakness"],"picked":"Body Slam"},{"not_picked":["Body Slam","Flex"],"picked":"Seeing Red"}],"player_experience":742302,"potions_floor_usage":[31,33,50,50,50],"damage_taken":[{"damage":6.0,"enemies":"Cultist","floor":1.0,"turns":3.0},{"damage":4.0,"enemies":"2 Louse","floor":4.0,"turns":3.0},{"damage":10.0,"enemies":"Small Slimes","floor":10.0,"turns":4.0},{"damage":19.0,"enemies":"Blue Slaver","floor":11.0,"turns":3.0},{"damage":13.0,"enemies":"2 Fungi Beasts","floor":13.0,"turns":3.0},{"damage":32.0,"enemies":"The Guardian","floor":16.0,"turns":7.0},{"damage":0.0,"enemies":"Chosen","floor":18.0,"turns":4.0},{"damage":23.0,"enemies":"2 Thieves","floor":21.0,"turns":5.0},{"damage":36.0,"enemies":"Slavers","floor":23.0,"turns":5.0},{"damage":21.0,"enemies":"Slaver and Parasite","floor":28.0,"turns":5.0},{"damage":4.0,"enemies":"Snecko","floor":29.0,"turns":7.0},{"damage":7.0,"enemies":"Book of Stabbing","floor":30.0,"turns":4.0},{"damage":4,"enemies":"Cultist and Chosen","floor":31,"turns":4},{"damage":7,"enemies":"Champ","floor":33,"turns":11},{"damage":8,"enemies":"3 Shapes","floor":35,"turns":3},{"damage":14,"enemies":"3 Darklings","floor":39,"turns":4},{"damage":8,"enemies":"Nemesis","floor":41,"turns":5},{"damage":9,"enemies":"4 Shapes","floor":45,"turns":6},{"damage":8,"enemies":"Maw","floor":47,"turns":3},{"damage":13,"enemies":"3 Darklings","floor":48,"turns":5},{"damage":69,"enemies":"Awakened One","floor":50,"turns":7}],"event_choices":[{"event_name":"The Cleric","player_choice":"Card Removal","floor":3.0,"damage_taken":0.0},{"event_name":"Golden Shrine","player_choice":"Desecrate","floor":5.0,"damage_taken":0.0},{"event_name":"Dead Adventurer","player_choice":"Searched \u00272\u0027 times","floor":7.0,"damage_taken":0.0},{"event_name":"Beggar","player_choice":"Ignored","floor":19.0,"damage_taken":0.0},{"event_name":"Purifier","player_choice":"One Purge","floor":20.0,"damage_taken":0.0},{"event_name":"Vampires","player_choice":"Ignored","floor":24.0,"damage_taken":0.0},{"event_name":"Wheel of Change","player_choice":"Relic","floor":36,"damage_taken":0},{"event_name":"Winding Halls","player_choice":"Writhe","floor":44,"damage_taken":0}],"boss_relics":[{"not_picked":["Runic Cube","Black Blood"],"picked":"Astrolabe"}],"potions_floor_spawned":[4,10,11,18,28,30,35,39,45],"seed_played":"4711558240064405031","ascension_level":9,"is_trial":false}