{"path_per_floor":["M","?","M","?","M","R","M","R","T","R","M","M","M","T","R","B",null,"M","M","?","M","M","R","$","R","T","M","M","M","R","T","R"],"character_chosen":"IRONCLAD","items_purchased":["Bandage Up"],"gold_per_floor":[117,117,137,137,149,149,160,160,160,160,173,187,201,251,251,328,328,343,353,353,367,381,381,204,204,231,243,261,274,274,274,274,274],"floor_reached":33,"campfire_rested":1,"playtime":1355,"current_hp_per_floor":[73,73,75,75,75,75,66,66,66,66,57,56,54,54,54,54,70,67,72,51,52,50,50,50,50,50,45,53,57,57,57,80,0],"items_purged":["Strike_R"],"gold":274,"score":425,"play_id":"64b01220-ebd1-4452-857a-523b8c5c6732","local_time":"20180325043739","is_prod":false,"is_daily":false,"is_ascension_mode":true,"campfire_upgraded":7,"timestamp":1521967059,"path_taken":["M","?","M","?","?","R","M","R","T","R","M","M","?","?","R","BOSS","M","M","?","M","M","R","$","R","T","M","M","M","R","?","R","BOSS"],"build_version":"2018-03-22v2","purchased_purges":2,"victory":false,"master_deck":["Strike_R+1","Strike_R+1","Strike_R","Strike_R","Defend_R+1","Defend_R+1","Defend_R","Bash+1","AscendersBane","Double Tap+1","Rampage+1","Shrug It Off","Shrug It Off+1","Double Tap","Bandage Up+1","Ghostly Armor+1"],"max_hp_per_floor":[75,75,75,75,75,75,75,75,75,75,75,75,75,75,75,75,75,75,75,80,80,80,80,80,80,80,80,80,80,80,80,80,80],"relics":["Burning Blood","War Paint","Thread and Needle","Lantern","Sozu","Bag of Marbles","Red Skull"],"card_choices":[{"not_picked":["Iron Wave","Warcry"],"picked":"Double Tap","floor":5.0},{"not_picked":["True Grit","Clash"],"picked":"Rampage","floor":11.0},{"not_picked":["Anger","Intimidate"],"picked":"Shrug It Off","floor":18.0},{"not_picked":["Dual Wield","Second Wind"],"picked":"Shrug It Off","floor":21.0},{"not_picked":["Perfected Strike","Bloodletting"],"picked":"Double Tap","floor":22.0},{"not_picked":["Reckless Charge","Wild Strike"],"picked":"Ghostly Armor","floor":29}],"player_experience":755125,"potions_floor_usage":[33],"damage_taken":[{"damage":1.0,"enemies":"2 Louse","floor":1.0,"turns":4.0},{"damage":4.0,"enemies":"Jaw Worm","floor":3.0,"turns":3.0},{"damage":6.0,"enemies":"Cultist","floor":5.0,"turns":3.0},{"damage":15.0,"enemies":"3 Louse","floor":7.0,"turns":4.0},{"damage":15.0,"enemies":"Lots of Slimes","floor":11.0,"turns":5.0},{"damage":7.0,"enemies":"Exordium Wildlife","floor":12.0,"turns":4.0},{"damage":8.0,"enemies":"Blue Slaver","floor":13.0,"turns":3.0},{"damage":6.0,"enemies":"The Guardian","floor":16.0,"turns":5.0},{"damage":9.0,"enemies":"2 Thieves","floor":18.0,"turns":4.0},{"damage":1.0,"enemies":"Spheric Guardian","floor":19.0,"turns":3.0},{"damage":5.0,"enemies":"Cultist and Chosen","floor":21.0,"turns":6.0},{"damage":8.0,"enemies":"Snecko","floor":22.0,"turns":4.0},{"damage":17,"enemies":"Slaver and Parasite","floor":27,"turns":5},{"damage":4,"enemies":"Centurion and Healer","floor":28,"turns":5},{"damage":8,"enemies":"Cultist and Chosen","floor":29,"turns":8},{"damage":105,"enemies":"Collector","floor":33,"turns":8}],"event_choices":[{"event_name":"Living Wall","player_choice":"Grow","floor":2.0,"damage_taken":0.0},{"event_name":"Bonfire Elementals","player_choice":"BASIC","floor":4.0,"damage_taken":0.0},{"event_name":"Forgotten Altar","player_choice":"Shed Blood","floor":20.0,"damage_taken":0.0}],"boss_relics":[],"potions_floor_spawned":[7,11,13,16,18,27,28],"seed_played":"5804261005194067868","killed_by":"Collector","ascension_level":15,"is_trial":false}