{"path_per_floor":["M","?","M","$","M","E","?","?","T","R","M","$","?","T","R","B",null,"M","?","M","?","?","$","R","?","T","R","?","$","?","M","R","B",null,"M","M","$","M","M","E","?","M","T","E","M","M","T","$","R","B"],"character_chosen":"IRONCLAD","items_purchased":["Medical Kit","Vajra","MagicPiggyBank","Omamori","Shuriken","Mango","Lantern","Self Forming Clay","Champion Belt","Lee\u0027s Waffle"],"gold_per_floor":[453,453,471,0,14,49,78,78,101,101,117,117,117,117,117,246,450,471,471,492,492,492,34,34,34,34,34,34,34,34,53,53,179,179,199,223,70,90,109,142,364,378,449,490,503,527,527,42,42,42],"floor_reached":51,"campfire_rested":0,"playtime":1203,"current_hp_per_floor":[90,90,92,92,94,96,98,74,74,74,98,98,98,98,98,64,100,100,100,102,102,86,100,100,100,102,102,102,102,102,120,120,122,122,124,125,125,128,130,139,139,141,143,145,147,149,151,158,158,150],"items_purged":["Writhe"],"gold":42,"score":903,"play_id":"39afbc3c-bfc7-4847-944d-a19a79fb1c2f","local_time":"20180314021934","is_prod":false,"is_daily":false,"is_ascension_mode":false,"campfire_upgraded":0,"timestamp":1521008374,"path_taken":["M","?","M","$","M","E","?","?","T","R","M","$","?","?","R","BOSS","M","?","M","?","?","$","R","?","T","R","?","$","?","M","R","BOSS","M","M","$","M","M","E","?","M","T","E","M","M","?","$","R","BOSS"],"build_version":"2018-03-09","purchased_purges":3,"victory":true,"master_deck":["Rampage+1","Double Tap","Madness+1","Madness","Flex","Flex","Reckless Charge"],"max_hp_per_floor":[90,90,92,92,94,96,98,98,98,98,98,98,98,98,98,100,100,100,100,102,102,102,116,116,116,118,118,118,118,118,120,120,122,122,124,126,126,128,130,139,139,141,143,145,147,149,151,158,158,158],"relics":["Red Mask","Golden Idol","Old Coin","Tiny Chest","Matryoshka","Circlet","Shovel","Unceasing Top","Membership Card","Black Blood","Burning Blood","Magic Flower","The Courier","Juzu Bracelet","Singing Bowl","Anchor","Medical Kit","Vajra","MagicPiggyBank","Ice Cream","Odd Mushroom","Golden Idol","Whetstone","Dead Branch","Bird Faced Urn","Bag of Marbles","Runic Dome","Prayer Wheel","Enchiridion","Omamori","Shuriken","Mango","Mummified Hand","Charon\u0027s Ashes","Bottled Flame","Letter Opener","Calling Bell","Regal Pillow","Paper Frog","Calipers","Lantern","Strawberry","Toolbox","Mercury Hourglass","Ginger","Self Forming Clay","Champion Belt","Lee\u0027s Waffle","Ornamental Fan"],"card_choices":[{"not_picked":["True Grit","Shockwave"],"picked":"Flex"},{"not_picked":["Rampage","Wild Strike"],"picked":"Flex"}],"player_experience":669946,"potions_floor_usage":[50,50,50],"damage_taken":[{"damage":0,"enemies":"Small Slimes","floor":1,"turns":1},{"damage":0,"enemies":"2 Louse","floor":3,"turns":1},{"damage":0,"enemies":"Jaw Worm","floor":5,"turns":1},{"damage":0,"enemies":"3 Sentries","floor":6,"turns":1},{"damage":0,"enemies":"The Mushroom Lair","floor":7,"turns":1},{"damage":0,"enemies":"2 Fungi Beasts","floor":11,"turns":2},{"damage":60,"enemies":"Hexaghost","floor":16,"turns":4},{"damage":0,"enemies":"Chosen","floor":18,"turns":1},{"damage":0,"enemies":"Spheric Guardian","floor":20,"turns":1},{"damage":0,"enemies":"Snake Plant","floor":31,"turns":2},{"damage":10,"enemies":"Champ","floor":33,"turns":2},{"damage":14,"enemies":"3 Shapes","floor":35,"turns":3},{"damage":28,"enemies":"3 Darklings","floor":36,"turns":3},{"damage":0,"enemies":"4 Shapes","floor":38,"turns":1},{"damage":7,"enemies":"Sphere and 2 Shapes","floor":39,"turns":2},{"damage":0,"enemies":"2 Orb Walkers","floor":40,"turns":2},{"damage":0,"enemies":"Maw","floor":42,"turns":2},{"damage":16,"enemies":"Nemesis","floor":44,"turns":3},{"damage":0,"enemies":"4 Shapes","floor":45,"turns":2},{"damage":6,"enemies":"3 Darklings","floor":46,"turns":1},{"damage":32,"enemies":"Awakened One","floor":50,"turns":3}],"event_choices":[{"event_name":"Living Wall","player_choice":"Grow","floor":2,"damage_taken":0},{"event_name":"Mushrooms","player_choice":"Fought Mushrooms","floor":7,"damage_taken":0},{"event_name":"Golden Idol","player_choice":"Take Damage","floor":8,"damage_taken":0},{"event_name":"Match and Keep!","player_choice":"0 cards matched","floor":13,"damage_taken":0},{"event_name":"The Mausoleum","player_choice":"Yes","floor":19,"damage_taken":0},{"event_name":"The Library","player_choice":"Read","floor":21,"damage_taken":0},{"event_name":"Cursed Tome","player_choice":"Obtained Book","floor":22,"damage_taken":0},{"event_name":"Drug Dealer","player_choice":"Ignored","floor":25,"damage_taken":0},{"event_name":"Beggar","player_choice":"Ignored","floor":28,"damage_taken":0},{"event_name":"Duplicator","player_choice":"Ignored","floor":30,"damage_taken":0},{"event_name":"Tomb of Lord Red Mask","player_choice":"Wore Mask","floor":41,"damage_taken":0}],"boss_relics":[{"not_picked":["Orrery","Question Card"],"picked":"Runic Dome"},{"not_picked":["Runic Pyramid","Velvet Choker"],"picked":"Calling Bell"}],"potions_floor_spawned":[1,6,18,31,33,38,40,44,45],"seed_played":"-622045617150096334","ascension_level":0,"is_trial":false}