{"path_per_floor":["M","$","?","M","?","R","E","R","T","$","M","T","M","M","R","B",null,"M","?","?","M","$","?"],"character_chosen":"IRONCLAD","items_purchased":["Flex","Flex","Anchor"],"gold_per_floor":[109,34,34,47,47,47,79,79,127,78,96,96,112,131,131,203,233,250,250,250,265,66,156],"floor_reached":24,"campfire_rested":1,"playtime":1345,"current_hp_per_floor":[64,64,64,65,65,65,11,30,30,30,36,36,42,42,42,22,59,38,38,38,39,39,21],"items_purged":["Defend_R"],"gold":156,"score":340,"play_id":"8f28bb05-d26e-4f00-91c8-6a0a5f44156f","local_time":"20180320205455","is_prod":false,"is_daily":false,"is_ascension_mode":true,"campfire_upgraded":2,"timestamp":1521593695,"path_taken":["M","$","?","M","?","R","E","R","T","?","?","?","M","?","R","BOSS","M","?","?","M","$","?","M"],"build_version":"2018-03-15v3","purchased_purges":2,"victory":false,"master_deck":["Strike_R+1","Strike_R","Strike_R","Strike_R","Defend_R","Defend_R","Defend_R+1","Bash+1","Immolate","Clash","Flex+1","Flex"],"max_hp_per_floor":[65,65,65,65,65,65,65,65,65,65,65,65,65,65,65,65,70,70,70,70,70,70,70],"relics":["Burning Blood","Mummified Hand","Oddly Smooth Stone","Orichalcum","Tiny House","Anchor"],"card_choices":[{"not_picked":["Warcry","Spot Weakness"],"picked":"Immolate"},{"not_picked":["Twin Strike","Sword Boomerang"],"picked":"Clash"}],"player_experience":730200,"potions_floor_usage":[16,16,21,24],"damage_taken":[{"damage":7,"enemies":"Jaw Worm","floor":1,"turns":3},{"damage":4,"enemies":"2 Louse","floor":4,"turns":3},{"damage":60,"enemies":"Lagavulin","floor":7,"turns":6},{"damage":0,"enemies":"Cultist","floor":11,"turns":2},{"damage":0,"enemies":"2 Fungi Beasts","floor":13,"turns":2},{"damage":6,"enemies":"Exordium Wildlife","floor":14,"turns":4},{"damage":38,"enemies":"Slime Boss","floor":16,"turns":13},{"damage":27,"enemies":"Chosen","floor":18,"turns":5},{"damage":5,"enemies":"Spheric Guardian","floor":21,"turns":3},{"damage":32,"enemies":"3 Cultists","floor":24,"turns":5}],"event_choices":[{"event_name":"The Cleric","player_choice":"Leave","floor":3,"damage_taken":0},{"event_name":"Living Wall","player_choice":"Grow","floor":5,"damage_taken":0},{"event_name":"Forgotten Altar","player_choice":"Smashed Altar","floor":19,"damage_taken":0},{"event_name":"Purifier","player_choice":"One Purge","floor":20,"damage_taken":0},{"event_name":"Knowing Skull","player_choice":"GOLD ","floor":23,"damage_taken":0}],"boss_relics":[{"not_picked":["Astrolabe","Calling Bell"],"picked":"Tiny House"}],"potions_floor_spawned":[13,14,16,18,21],"seed_played":"364562118831445407","killed_by":"3 Cultists","ascension_level":15,"is_trial":false}