{"path_per_floor":["M","?","M","$","M","E","$","M","T","R","?","R","E","?","R","B",null,"M","?","$","M","M","E","R","?","T","M","$","M","?","$","R","B",null,"M","?","$","?","M","E","R","M","T","$","M","M","R","M","R","B"],"character_chosen":"IRONCLAD","items_purchased":["Clash"],"gold_per_floor":[113,113,123,48,59,94,94,108,108,108,108,108,140,140,140,239,239,249,249,149,169,187,215,215,215,215,225,77,97,97,97,97,200,230,243,243,93,146,162,188,188,202,225,50,65,79,79,90,90,90],"floor_reached":51,"campfire_rested":0,"playtime":1170,"current_hp_per_floor":[80,73,79,79,80,69,69,69,69,69,69,69,69,69,69,74,80,80,80,80,80,65,50,50,50,50,55,55,61,61,61,61,54,85,69,85,85,85,78,80,80,85,85,85,81,80,80,85,85,85],"items_purged":["Defend_R","Strike_R","Strike_R","Writhe","Strike_R"],"gold":90,"score":705,"play_id":"eb217373-83d8-43c1-8204-56d7d6e1773e","local_time":"20180319140254","is_prod":false,"is_daily":false,"is_ascension_mode":false,"campfire_upgraded":8,"timestamp":1521482574,"path_taken":["M","?","M","$","M","E","$","?","T","R","?","R","E","?","R","BOSS","M","?","$","?","M","E","R","?","T","M","$","?","?","$","R","BOSS","M","?","$","?","M","E","R","?","T","$","M","M","R","M","R","BOSS"],"build_version":"2018-03-15v3","purchased_purges":6,"victory":true,"master_deck":["Strike_R+1","Strike_R+1","Bash+1","Clash+1","Offering+1","Clash+1","Whirlwind+1","Clash+1","Exhume+1","Flex+1","Flex+1","Double Tap+1"],"max_hp_per_floor":[80,80,80,80,80,80,80,80,80,80,80,80,80,80,80,80,80,80,80,80,80,80,80,80,80,80,80,80,80,80,80,80,80,85,85,85,85,85,85,85,85,85,85,85,85,85,85,85,85,85],"relics":["Black Blood","NeowsBlessing","Whetstone","Torii","Meat on the Bone","Charon\u0027s Ashes","Pantograph","Ginger","Tiny House","Gambling Chip","Molten Egg 2","Regal Pillow"],"card_choices":[{"not_picked":["Headbutt","Dropkick"],"picked":"Clash"},{"not_picked":["Barricade","Bludgeon"],"picked":"Offering"},{"not_picked":["Heavy Blade","Rage"],"picked":"Clash"},{"not_picked":["Feed","Demon Form"],"picked":"Exhume"},{"not_picked":["Pommel Strike","Body Slam"],"picked":"Flex"},{"not_picked":["Second Wind","Intimidate"],"picked":"Flex"},{"not_picked":["Heavy Blade","Clothesline"],"picked":"Double Tap"}],"player_experience":694203,"potions_floor_usage":[50],"damage_taken":[{"damage":0.0,"enemies":"Small Slimes","floor":1.0,"turns":1.0},{"damage":0.0,"enemies":"Jaw Worm","floor":3.0,"turns":1.0},{"damage":0.0,"enemies":"2 Louse","floor":5.0,"turns":1.0},{"damage":17.0,"enemies":"3 Sentries","floor":6.0,"turns":7.0},{"damage":6.0,"enemies":"Red Slaver","floor":8.0,"turns":4.0},{"damage":6.0,"enemies":"Gremlin Nob","floor":13.0,"turns":3.0},{"damage":1.0,"enemies":"Slime Boss","floor":16.0,"turns":7.0},{"damage":4.0,"enemies":"Spheric Guardian","floor":18.0,"turns":2.0},{"damage":10.0,"enemies":"3 Byrds","floor":21.0,"turns":4.0},{"damage":25.0,"enemies":"Snake Plant","floor":22.0,"turns":2.0},{"damage":37.0,"enemies":"Slavers","floor":23.0,"turns":4.0},{"damage":5.0,"enemies":"Snecko","floor":27.0,"turns":3.0},{"damage":4.0,"enemies":"Cultist and Chosen","floor":29.0,"turns":2.0},{"damage":36.0,"enemies":"Collector","floor":33.0,"turns":3.0},{"damage":26.0,"enemies":"3 Darklings","floor":35.0,"turns":2.0},{"damage":8.0,"enemies":"Mysterious Sphere","floor":38.0,"turns":1.0},{"damage":17.0,"enemies":"3 Shapes","floor":39.0,"turns":1.0},{"damage":8.0,"enemies":"Nemesis","floor":40.0,"turns":1.0},{"damage":4.0,"enemies":"3 Darklings","floor":42.0,"turns":1.0},{"damage":14.0,"enemies":"Sphere and 2 Shapes","floor":45.0,"turns":1.0},{"damage":11.0,"enemies":"4 Shapes","floor":46.0,"turns":1.0},{"damage":0,"enemies":"3 Darklings","floor":48,"turns":1},{"damage":8,"enemies":"Donu and Deca","floor":50,"turns":1}],"event_choices":[{"event_name":"Golden Wing","player_choice":"Card Removal","floor":2.0,"damage_taken":0.0},{"event_name":"Dead Adventurer","player_choice":"Searched \u00271\u0027 times","floor":11.0,"damage_taken":0.0},{"event_name":"Bonfire Elementals","player_choice":"BASIC","floor":14.0,"damage_taken":0.0},{"event_name":"Back to Basics","player_choice":"Elegance","floor":19.0,"damage_taken":0.0},{"event_name":"The Library","player_choice":"Read","floor":25.0,"damage_taken":0.0},{"event_name":"Drug Dealer","player_choice":"Ignored","floor":30.0,"damage_taken":0.0},{"event_name":"Winding Halls","player_choice":"Writhe","floor":36.0,"damage_taken":0.0},{"event_name":"Mysterious Sphere","player_choice":"Fight","floor":38.0,"damage_taken":0.0}],"boss_relics":[],"potions_floor_spawned":[5,8,13,18,23,27,33,35,38,42,45],"seed_played":"6211818864160486606","ascension_level":0,"is_trial":false}