{"path_per_floor":["M","M","$","?","M","R","?","R","T","E","?","$","M","M","R","B",null,"M","$","?","M","$","R","M","R","T","M","?","M","?","$","R","B",null,"M","?","?","M","$","R","?","R","T","M","M","M","M","M","R","B"],"character_chosen":"IRONCLAD","items_purchased":["Rampage","True Grit"],"gold_per_floor":[109,129,49,49,65,65,65,65,65,103,103,2,20,38,38,157,157,182,82,82,70,70,70,83,83,110,123,123,147,72,72,72,201,201,221,221,221,235,110,110,0,0,57,82,103,118,143,158,158,158],"floor_reached":51,"campfire_rested":3,"playtime":2098,"current_hp_per_floor":[80,75,75,55,55,55,52,76,76,62,62,62,63,64,64,42,86,88,88,88,72,72,72,60,60,60,55,55,36,36,36,79,51,96,90,90,98,100,100,100,100,100,100,75,57,61,45,46,94,32],"items_purged":["Strike_R","Strike_R","Writhe"],"gold":158,"score":824,"play_id":"5fc270f4-5a6a-4ae4-8282-6c135739cf85","local_time":"20180319213500","is_prod":false,"is_daily":false,"is_ascension_mode":false,"campfire_upgraded":6,"timestamp":1521509700,"path_taken":["M","?","$","?","M","R","?","R","T","E","?","$","?","M","R","BOSS","M","$","?","?","?","R","M","R","T","M","?","M","?","?","R","BOSS","M","?","?","M","$","R","?","R","T","M","M","M","M","M","R","BOSS"],"build_version":"2018-03-15v3","purchased_purges":3,"victory":true,"master_deck":["Strike_R","Defend_R","Defend_R","Defend_R","Bash+1","Offering+1","Rampage+1","True Grit+1","Double Tap+1","Whirlwind+1"],"max_hp_per_floor":[80,80,80,80,80,80,80,80,80,82,82,82,84,86,86,86,86,88,88,88,90,90,90,92,92,92,94,94,94,94,94,94,96,96,98,98,98,100,100,100,100,100,100,102,104,106,108,110,110,110],"relics":["Burning Blood","Golden Idol","Singing Bowl","Lantern","Regal Pillow","Velvet Choker","Vajra","Runic Cube","Red Mask","Tiny Chest"],"card_choices":[{"not_picked":["Impervious","Barricade"],"picked":"Double Tap"},{"not_picked":["Pummel","Warcry"],"picked":"Whirlwind"}],"player_experience":700856,"potions_floor_usage":[38,50,50],"damage_taken":[{"damage":6.0,"enemies":"Cultist","floor":1.0,"turns":3.0},{"damage":11.0,"enemies":"Small Slimes","floor":2.0,"turns":3.0},{"damage":6.0,"enemies":"Jaw Worm","floor":5.0,"turns":3.0},{"damage":22.0,"enemies":"3 Sentries","floor":10.0,"turns":11.0},{"damage":7.0,"enemies":"Looter","floor":13.0,"turns":2.0},{"damage":7.0,"enemies":"Blue Slaver","floor":14.0,"turns":4.0},{"damage":28.0,"enemies":"Slime Boss","floor":16.0,"turns":9.0},{"damage":6.0,"enemies":"3 Byrds","floor":18.0,"turns":7.0},{"damage":24.0,"enemies":"2 Thieves","floor":21.0,"turns":4.0},{"damage":20.0,"enemies":"3 Cultists","floor":24.0,"turns":4.0},{"damage":13.0,"enemies":"Snake Plant","floor":27.0,"turns":3.0},{"damage":25.0,"enemies":"Sentry and Sphere","floor":29.0,"turns":6.0},{"damage":36.0,"enemies":"Collector","floor":33.0,"turns":5.0},{"damage":14.0,"enemies":"3 Shapes","floor":35.0,"turns":5.0},{"damage":0,"enemies":"3 Darklings","floor":38,"turns":1},{"damage":33,"enemies":"Maw","floor":44,"turns":4},{"damage":26,"enemies":"4 Shapes","floor":45,"turns":1},{"damage":4,"enemies":"Sphere and 2 Shapes","floor":46,"turns":2},{"damage":24,"enemies":"Maw","floor":47,"turns":5},{"damage":7,"enemies":"4 Shapes","floor":48,"turns":2},{"damage":83,"enemies":"Awakened One","floor":50,"turns":7}],"event_choices":[{"event_name":"Golden Idol","player_choice":"Take Damage","floor":4.0,"damage_taken":0.0},{"event_name":"Scrap Ooze","player_choice":"success","floor":7.0,"damage_taken":3.0},{"event_name":"Living Wall","player_choice":"Forget","floor":11.0,"damage_taken":0.0},{"event_name":"Vampires","player_choice":"Ignored","floor":20.0,"damage_taken":0.0},{"event_name":"Drug Dealer","player_choice":"Ignored","floor":28.0,"damage_taken":0.0},{"event_name":"Beggar","player_choice":"Gave Gold","floor":30.0,"damage_taken":0.0},{"event_name":"Winding Halls","player_choice":"Writhe","floor":37.0,"damage_taken":0.0},{"event_name":"Tomb of Lord Red Mask","player_choice":"Paid","floor":41,"damage_taken":0}],"boss_relics":[],"potions_floor_spawned":[1,2,14,18,27,33,38,45],"seed_played":"-6238366963836011116","ascension_level":0,"is_trial":false}