{"path_per_floor":["M","?","?","?","$","E","R","M","T","E","M","M","$","?","R","B",null,"M","?","?","$","M","R","E","R","T","R","?","M"],"character_chosen":"IRONCLAD","items_purchased":["Dexterity Potion","Combust"],"gold_per_floor":[118,118,118,118,43,69,69,83,83,109,121,135,84,157,157,252,252,271,196,111,76,86,86,119,119,119,119,659,675],"floor_reached":30,"campfire_rested":1,"playtime":793,"current_hp_per_floor":[84,81,81,81,81,64,64,74,74,46,56,66,66,66,66,13,100,98,98,98,98,69,100,80,80,80,80,24,13],"items_purged":["Regret"],"gold":675,"score":279,"play_id":"ddb333cd-e45b-42ee-99ea-898e1b70ead1","local_time":"20180315195619","is_prod":false,"is_daily":false,"is_ascension_mode":false,"campfire_upgraded":7,"timestamp":1521158179,"path_taken":["M","?","?","?","$","E","R","M","T","E","M","M","$","?","R","BOSS","M","?","?","$","?","R","E","R","T","R","?","?","M"],"build_version":"2018-03-09","purchased_purges":1,"victory":false,"master_deck":["Strike_R+1","Strike_R","Strike_R+1","Defend_R","Defend_R","Defend_R","Defend_R","Bash+1","Feed+1","Berserk+1","Combust+1","Combust+1","Metallicize+1"],"max_hp_per_floor":[88,88,88,88,88,88,88,92,92,92,96,100,100,100,100,100,100,104,104,104,104,104,104,108,108,108,108,108,108],"relics":["Burning Blood","Self Forming Clay","Art of War","Thread and Needle","Bottled Lightning","Shuriken","MagicKindling","Orichalcum","Ancient Tea Set","Happy Flower"],"card_choices":[{"not_picked":["Perfected Strike","Thunderclap"],"picked":"Feed"},{"not_picked":["Juggernaut","Fiend Fire"],"picked":"Berserk"},{"not_picked":["Armaments","True Grit"],"picked":"Combust"},{"not_picked":["Spot Weakness","Evolve"],"picked":"Metallicize"}],"player_experience":678332,"potions_floor_usage":[16,16,16,24,30],"damage_taken":[{"damage":10,"enemies":"Jaw Worm","floor":1,"turns":4},{"damage":23,"enemies":"Gremlin Nob","floor":6,"turns":5},{"damage":0,"enemies":"Small Slimes","floor":8,"turns":4},{"damage":34,"enemies":"Lagavulin","floor":10,"turns":7},{"damage":0,"enemies":"2 Louse","floor":11,"turns":2},{"damage":0,"enemies":"Looter","floor":12,"turns":3},{"damage":59,"enemies":"Hexaghost","floor":16,"turns":11},{"damage":12,"enemies":"Chosen","floor":18,"turns":6},{"damage":35,"enemies":"Spheric Guardian","floor":22,"turns":8},{"damage":30,"enemies":"Slavers","floor":24,"turns":6},{"damage":17,"enemies":"Chosen and Byrds","floor":29,"turns":4},{"damage":16,"enemies":"Snake Plant","floor":30,"turns":4}],"event_choices":[{"event_name":"Scrap Ooze","player_choice":"success","floor":2,"damage_taken":3},{"event_name":"Living Wall","player_choice":"Forget","floor":3,"damage_taken":0},{"event_name":"Big Fish","player_choice":"Box","floor":4,"damage_taken":0},{"event_name":"Golden Wing","player_choice":"Gained Gold","floor":14,"damage_taken":0},{"event_name":"Beggar","player_choice":"Gave Gold","floor":19,"damage_taken":0},{"event_name":"Addict","player_choice":"Obtained Relic","floor":20,"damage_taken":0},{"event_name":"Knowing Skull","player_choice":"GOLD GOLD GOLD GOLD GOLD GOLD ","floor":28,"damage_taken":0}],"boss_relics":[{"not_picked":["Astrolabe","Philosopher\u0027s Stone"],"picked":"MagicKindling"}],"potions_floor_spawned":[10,12,22,29],"seed_played":"6580887605101143928","killed_by":"Snake Plant","ascension_level":0,"is_trial":false}