{"path_per_floor":["M","M","?","M","$","E","M","R","T","$","?","M","R","E","R","B",null,"M","M","$","M","?","R","E","M","T","R","M","M","M","$","R","B",null,"M","?","$","M","M","R","M","?","T","E","R","M","$","?","R","B"],"character_chosen":"IRONCLAD","items_purchased":["Offering","Flex","Clash"],"gold_per_floor":[116,133,208,226,151,186,205,205,205,41,141,153,153,186,186,283,283,297,311,211,223,223,223,258,269,292,292,309,323,342,115,115,214,214,225,225,75,90,110,110,126,126,126,152,152,172,32,32,32,32],"floor_reached":51,"campfire_rested":0,"playtime":1330,"current_hp_per_floor":[80,80,69,69,69,53,57,57,57,57,57,57,64,52,52,26,87,83,75,75,70,70,70,54,53,53,53,59,65,71,71,71,73,87,87,93,93,84,78,78,80,80,80,72,72,82,82,99,99,41],"items_purged":["Defend_R","Defend_R","Defend_R","Normality","Strike_R"],"gold":32,"score":784,"play_id":"00551038-93e8-4476-80d7-3bb24cfcaabc","local_time":"20180324223301","is_prod":false,"is_daily":false,"is_ascension_mode":false,"campfire_upgraded":3,"timestamp":1521945181,"path_taken":["M","M","?","M","$","E","M","R","T","$","?","M","R","E","R","BOSS","M","M","$","M","?","R","E","M","T","R","M","?","M","$","R","BOSS","M","?","$","?","M","R","M","?","T","E","R","M","$","?","R","BOSS"],"build_version":"2018-03-22v2","purchased_purges":5,"victory":true,"master_deck":["Strike_R","Strike_R","Strike_R","Bash+1","Clash+1","Offering+1","Exhume+1","Seeing Red+1","Whirlwind+1","Flex+1","Pommel Strike","Heavy Blade","Flex","Clash","Immolate","Pommel Strike+1","Writhe"],"max_hp_per_floor":[80,80,80,80,80,80,80,80,80,80,80,80,87,87,87,87,87,87,87,87,87,87,87,87,87,87,87,87,87,87,87,87,87,87,87,93,93,93,93,93,93,93,93,93,93,93,93,99,99,99],"relics":["Black Blood","Mercury Hourglass","Shovel","Strawberry","Prayer Wheel","Bronze Scales","Bottled Lightning","Ancient Tea Set","Darkstone Periapt","Runic Dome","War Paint","Oddly Smooth Stone","Girya","The Courier"],"card_choices":[{"not_picked":["Rupture","Dual Wield"],"picked":"Clash","floor":4.0},{"not_picked":["Brutality","Berserk"],"picked":"Exhume","floor":16.0},{"not_picked":["Anger","Blood for Blood"],"picked":"Seeing Red","floor":18.0},{"not_picked":["Perfected Strike","Clash"],"picked":"Whirlwind","floor":19.0},{"not_picked":["Feel No Pain","True Grit"],"picked":"Flex","floor":21.0},{"not_picked":["Cleave","Clothesline"],"picked":"Pommel Strike","floor":25.0},{"not_picked":["True Grit","Whirlwind"],"picked":"Heavy Blade","floor":29.0},{"not_picked":["Brutality","Berserk"],"picked":"Immolate","floor":33.0},{"not_picked":["Clash","Infernal Blade"],"picked":"Pommel Strike","floor":46}],"player_experience":752293,"potions_floor_usage":[50,50,50],"damage_taken":[{"damage":6.0,"enemies":"Cultist","floor":1.0,"turns":3.0},{"damage":2.0,"enemies":"2 Louse","floor":2.0,"turns":3.0},{"damage":6.0,"enemies":"Jaw Worm","floor":4.0,"turns":3.0},{"damage":22.0,"enemies":"3 Sentries","floor":6.0,"turns":9.0},{"damage":2.0,"enemies":"Blue Slaver","floor":7.0,"turns":2.0},{"damage":6.0,"enemies":"Exordium Thugs","floor":12.0,"turns":3.0},{"damage":18.0,"enemies":"Gremlin Nob","floor":14.0,"turns":3.0},{"damage":32.0,"enemies":"Slime Boss","floor":16.0,"turns":6.0},{"damage":14.0,"enemies":"Spheric Guardian","floor":18.0,"turns":3.0},{"damage":18.0,"enemies":"2 Thieves","floor":19.0,"turns":4.0},{"damage":15.0,"enemies":"3 Cultists","floor":21.0,"turns":3.0},{"damage":26.0,"enemies":"Gremlin Leader","floor":24.0,"turns":2.0},{"damage":11.0,"enemies":"Centurion and Healer","floor":25.0,"turns":2.0},{"damage":4.0,"enemies":"Snake Plant","floor":28.0,"turns":1.0},{"damage":4.0,"enemies":"Sentry and Sphere","floor":29.0,"turns":1.0},{"damage":4.0,"enemies":"3 Cultists","floor":30.0,"turns":1.0},{"damage":8.0,"enemies":"Collector","floor":33.0,"turns":2.0},{"damage":8.0,"enemies":"Orb Walker","floor":35.0,"turns":1.0},{"damage":19.0,"enemies":"3 Shapes","floor":38.0,"turns":1.0},{"damage":16.0,"enemies":"Sphere and 2 Shapes","floor":39.0,"turns":1.0},{"damage":8.0,"enemies":"Maw","floor":41.0,"turns":2.0},{"damage":18,"enemies":"2 Orb Walkers","floor":44,"turns":2},{"damage":0,"enemies":"3 Darklings","floor":46,"turns":1},{"damage":68,"enemies":"Time Eater","floor":50,"turns":4}],"event_choices":[{"event_name":"World of Goop","player_choice":"Gather Gold","floor":3.0,"damage_taken":0.0},{"event_name":"Golden Shrine","player_choice":"Pray","floor":11.0,"damage_taken":0.0},{"event_name":"Back to Basics","player_choice":"Elegance","floor":22.0,"damage_taken":0.0},{"event_name":"Accursed Blacksmith","player_choice":"Rummage","floor":36.0,"damage_taken":0.0},{"event_name":"Winding Halls","player_choice":"Writhe","floor":48,"damage_taken":0}],"boss_relics":[],"potions_floor_spawned":[4,6,14,16,19,21,29,33,38,44],"seed_played":"1493366770243600283","ascension_level":0,"is_trial":false}