{"path_per_floor":["M","$","?","M","M","R","$","M","T","E","R","?","M","?","R","B",null,"M","$","?","M","M","R","M","?","T","R","M","$","?","M","R"],"character_chosen":"IRONCLAD","items_purchased":["Regal Pillow","Lantern","TwinDoll"],"gold_per_floor":[212,212,212,222,242,242,88,100,100,131,131,186,203,203,203,303,303,321,28,28,40,53,53,70,70,70,70,85,85,85,98,98],"floor_reached":33,"campfire_rested":3,"playtime":892,"current_hp_per_floor":[80,80,77,80,80,80,80,74,74,62,62,31,18,18,57,58,80,80,80,80,82,65,65,24,24,24,66,56,56,56,28,70],"items_purged":[],"gold":98,"score":247,"play_id":"36b5a323-ef14-4855-9026-402316cfee3a","local_time":"20180315204126","is_prod":false,"is_daily":false,"is_ascension_mode":false,"campfire_upgraded":3,"timestamp":1521160886,"path_taken":["M","$","?","M","M","R","$","M","T","E","R","?","M","?","R","BOSS","M","$","?","M","M","R","M","?","T","R","M","$","?","M","R","BOSS"],"build_version":"2018-03-09","purchased_purges":0,"victory":false,"master_deck":["Strike_R","Strike_R","Strike_R","Strike_R","Strike_R","Defend_R","Defend_R","Defend_R","Defend_R","Bash+1","Hemokinesis+1","Metallicize","Feed+1","Feed","Writhe"],"max_hp_per_floor":[80,80,80,80,80,80,80,80,80,80,80,80,80,80,80,80,80,80,80,80,83,86,86,90,90,90,90,90,90,90,90,90],"relics":["Burning Blood","Gremlin Horn","Regal Pillow","Happy Flower","RustyGear","Dead Branch","Shazam","Lantern","TwinDoll","Unceasing Top","Toxic Egg 2"],"card_choices":[{"not_picked":["Heavy Blade","Flex"],"picked":"Hemokinesis"},{"not_picked":["Shrug It Off","Juggernaut"],"picked":"Metallicize"},{"not_picked":["Bludgeon","Limit Break"],"picked":"Feed"}],"player_experience":680432,"potions_floor_usage":[16,16,33,33,33],"damage_taken":[{"damage":0,"enemies":"Small Slimes","floor":1,"turns":3},{"damage":3,"enemies":"2 Louse","floor":4,"turns":2},{"damage":4,"enemies":"Cultist","floor":5,"turns":3},{"damage":12,"enemies":"Looter","floor":8,"turns":2},{"damage":18,"enemies":"Gremlin Nob","floor":10,"turns":3},{"damage":37,"enemies":"3 Sentries","floor":12,"turns":9},{"damage":19,"enemies":"Exordium Thugs","floor":13,"turns":4},{"damage":20,"enemies":"Slime Boss","floor":16,"turns":10},{"damage":4,"enemies":"Chosen","floor":18,"turns":4},{"damage":7,"enemies":"Spheric Guardian","floor":21,"turns":3},{"damage":26,"enemies":"Centurion and Healer","floor":22,"turns":4},{"damage":51,"enemies":"Slaver and Parasite","floor":24,"turns":6},{"damage":16,"enemies":"Snecko","floor":28,"turns":4},{"damage":34,"enemies":"Snake Plant","floor":31,"turns":4},{"damage":80,"enemies":"Automaton","floor":33,"turns":6}],"event_choices":[{"event_name":"Scrap Ooze","player_choice":"success","floor":3,"damage_taken":3},{"event_name":"Dead Adventurer","player_choice":"Searched \u00272\u0027 times","floor":12,"damage_taken":0},{"event_name":"The Lab","player_choice":"Got Potions","floor":14,"damage_taken":0},{"event_name":"Drug Dealer","player_choice":"Ignored","floor":20,"damage_taken":0},{"event_name":"Cursed Tome","player_choice":"Ignored","floor":25,"damage_taken":0},{"event_name":"The Mausoleum","player_choice":"Yes","floor":30,"damage_taken":0}],"boss_relics":[{"not_picked":["Runic Dome","Sozu"],"picked":"Shazam"}],"potions_floor_spawned":[4,12,16,22,31],"seed_played":"-5972624471868385328","killed_by":"Automaton","ascension_level":0,"is_trial":false}