{"path_per_floor":["M","M","?","?","?","$","R","M","T","?","M","M","R","M","R","B",null,"M","?","?","M","$","R","?","R","T","R","M","M","$","M","R","B",null,"M","?","?","?","$","R","E","$","T","M","M","M","R","M","R","B"],"character_chosen":"IRONCLAD","items_purchased":["Bottled Flame"],"gold_per_floor":[111,125,300,250,250,175,175,187,211,241,259,277,277,296,296,393,393,406,406,331,344,91,91,91,91,91,91,101,118,18,30,30,128,128,146,146,146,146,21,21,50,50,50,66,86,100,100,112,112,112],"floor_reached":51,"campfire_rested":1,"playtime":2031,"current_hp_per_floor":[76,80,80,80,64,64,64,70,70,70,66,50,50,56,56,29,80,82,82,82,72,72,72,72,72,72,72,67,66,66,63,90,90,98,100,100,100,87,87,87,65,65,79,83,91,99,99,107,107,72],"items_purged":["Strike_R","Strike_R","Strike_R"],"gold":112,"score":792,"play_id":"eb3bbd6a-4140-4faf-a293-eb92a0fb78af","local_time":"20180321233212","is_prod":false,"is_daily":false,"is_ascension_mode":false,"campfire_upgraded":6,"timestamp":1521689532,"path_taken":["M","M","?","?","?","$","R","?","T","?","M","M","R","M","R","BOSS","M","?","?","?","$","R","?","R","T","R","M","?","$","M","R","BOSS","M","?","?","?","$","R","E","?","T","M","M","M","R","M","R","BOSS"],"build_version":"2018-03-15v3","purchased_purges":4,"victory":true,"master_deck":["Defend_R","Defend_R","Defend_R","Defend_R","Bash","Rampage+1","Double Tap+1","Pommel Strike+1","Barricade+1","Impervious","Entrench+1","Madness+1","Madness"],"max_hp_per_floor":[80,80,80,80,80,80,80,80,80,80,80,80,80,80,80,80,80,82,82,82,84,84,84,84,84,84,84,86,88,88,90,90,90,98,100,100,100,100,100,100,102,102,116,118,120,122,122,124,124,124],"relics":["Burning Blood","Oddly Smooth Stone","Bag of Marbles","Shovel","Singing Bowl","Velvet Choker","Bottled Flame","Toolbox","Art of War","Girya","Orrery","Orichalcum","Mango","Prayer Wheel"],"card_choices":[{"not_picked":["Sword Boomerang","Clash"],"picked":"Rampage"},{"not_picked":["Thunderclap","Perfected Strike"],"picked":"Double Tap"},{"not_picked":["Clothesline","Perfected Strike"],"picked":"Pommel Strike"},{"not_picked":["Dark Embrace","Demon Form"],"picked":"Barricade"},{"not_picked":["Brutality","Double Tap"],"picked":"Impervious"},{"not_picked":["Demon Form","Perfected Strike"],"picked":"Entrench"}],"player_experience":732912,"potions_floor_usage":[50,50,50],"damage_taken":[{"damage":10.0,"enemies":"Small Slimes","floor":1.0,"turns":4.0},{"damage":0.0,"enemies":"Jaw Worm","floor":2.0,"turns":3.0},{"damage":0.0,"enemies":"2 Louse","floor":8.0,"turns":3.0},{"damage":10.0,"enemies":"Looter","floor":11.0,"turns":2.0},{"damage":22.0,"enemies":"Exordium Thugs","floor":12.0,"turns":5.0},{"damage":0.0,"enemies":"Large Slime","floor":14.0,"turns":2.0},{"damage":45.0,"enemies":"The Guardian","floor":16.0,"turns":6.0},{"damage":0.0,"enemies":"Chosen","floor":18.0,"turns":4.0},{"damage":18.0,"enemies":"2 Thieves","floor":21.0,"turns":3.0},{"damage":13.0,"enemies":"Cultist and Chosen","floor":28.0,"turns":4.0},{"damage":9.0,"enemies":"Snake Plant","floor":29.0,"turns":3.0},{"damage":11.0,"enemies":"Slaver and Parasite","floor":31.0,"turns":6.0},{"damage":0.0,"enemies":"Champ","floor":33.0,"turns":9.0},{"damage":0.0,"enemies":"3 Darklings","floor":35.0,"turns":9.0},{"damage":34.0,"enemies":"Nemesis","floor":41.0,"turns":15.0},{"damage":4.0,"enemies":"Orb Walker","floor":44.0,"turns":4.0},{"damage":0.0,"enemies":"3 Darklings","floor":45.0,"turns":8.0},{"damage":0,"enemies":"4 Shapes","floor":46,"turns":9},{"damage":0,"enemies":"Maw","floor":48,"turns":9},{"damage":56,"enemies":"Awakened One","floor":50,"turns":16}],"event_choices":[{"event_name":"Liars Game","player_choice":"agreed","floor":3.0,"damage_taken":0.0},{"event_name":"The Cleric","player_choice":"Card Removal","floor":4.0,"damage_taken":0.0},{"event_name":"Shining Light","player_choice":"Entered Light","floor":5.0,"damage_taken":0.0},{"event_name":"Dead Adventurer","player_choice":"Searched \u00272\u0027 times","floor":10.0,"damage_taken":0.0},{"event_name":"Back to Basics","player_choice":"Elegance","floor":19.0,"damage_taken":0.0},{"event_name":"Beggar","player_choice":"Gave Gold","floor":20.0,"damage_taken":0.0},{"event_name":"The Mausoleum","player_choice":"Yes","floor":24.0,"damage_taken":0.0},{"event_name":"Tomb of Lord Red Mask","player_choice":"Ignored","floor":36.0,"damage_taken":0.0},{"event_name":"Mysterious Sphere","player_choice":"Ignore","floor":37.0,"damage_taken":0.0},{"event_name":"Winding Halls","player_choice":"Embrace Madness","floor":38.0,"damage_taken":0.0}],"boss_relics":[],"potions_floor_spawned":[1,8,12,16,28,33,44,45,48],"seed_played":"582966354133930923","ascension_level":0,"is_trial":false}