{"path_per_floor":["M","$","M","M","M","E","M","?","T","?","R","M","?","$","R","B",null,"M","?","?","M","?","R","M","$","T","?","R","M","R","?","R","B",null,"M","?","M","M","$","R","M","M","T","M","R","M","$","M","R","B"],"character_chosen":"IRONCLAD","items_purchased":["Flex","Block Potion","Bag of Preparation","Flex"],"gold_per_floor":[119,44,54,74,94,121,138,167,167,167,167,184,184,59,59,158,158,168,168,168,183,183,183,203,29,29,29,29,42,42,42,42,141,141,151,151,166,183,30,30,41,53,53,70,70,83,56,70,70,70],"floor_reached":51,"campfire_rested":1,"playtime":1219,"current_hp_per_floor":[80,80,80,80,80,80,73,52,52,52,52,79,79,79,79,80,80,80,94,94,69,69,69,57,57,57,57,57,57,57,57,57,65,65,65,65,55,27,27,46,57,57,57,63,63,65,65,65,65,20],"items_purged":["Defend_R","Regret","Defend_R"],"gold":70,"score":703,"play_id":"fa082bbc-abeb-4d78-87f8-800b73ec0875","local_time":"20180314030353","is_prod":false,"is_daily":false,"is_ascension_mode":false,"campfire_upgraded":8,"timestamp":1521011033,"path_taken":["M","$","M","M","M","E","M","?","T","?","R","M","?","$","R","BOSS","M","?","?","M","?","R","?","?","T","?","R","M","R","?","R","BOSS","M","?","M","M","$","R","M","M","T","M","R","M","$","M","R","BOSS"],"build_version":"2018-03-09","purchased_purges":3,"victory":true,"master_deck":["Defend_R","Bash+1","Pommel Strike+1","Flex+1","Reaper+1","Limit Break+1","Flex+1","Flex+1","Whirlwind+1","Bite+1","Bite+1","Bite","Bite","Bite","Heavy Blade+1","Battle Trance+1","Flex+1","Seeing Red+1","Flex+1"],"max_hp_per_floor":[80,80,80,80,80,80,80,80,80,80,80,80,80,80,80,80,80,80,94,94,94,94,94,94,94,94,94,94,94,94,65,65,65,65,65,65,65,65,65,65,65,65,65,65,65,65,65,65,65,65],"relics":["Burning Blood","Toxic Egg 2","Odd Mushroom","Happy Flower","Orichalcum","Runic Dome","Mango","Unceasing Top","Philosopher\u0027s Stone","Bag of Preparation","Bag of Marbles"],"card_choices":[{"not_picked":["Anger","Combust"],"picked":"Pommel Strike"},{"not_picked":["Wild Strike","Battle Trance"],"picked":"Flex"},{"not_picked":["Bloodletting","Spot Weakness"],"picked":"Reaper"},{"not_picked":["Metallicize","Heavy Blade"],"picked":"Flex"},{"not_picked":["Reckless Charge","Shrug It Off"],"picked":"Whirlwind"},{"not_picked":["Pommel Strike","Clash"],"picked":"Heavy Blade"},{"not_picked":["Wild Strike","Thunderclap"],"picked":"Battle Trance"},{"not_picked":["Clothesline","Fiend Fire"],"picked":"Flex"},{"not_picked":["Havoc","Fire Breathing"],"picked":"Seeing Red"}],"player_experience":667482,"potions_floor_usage":[6,21,33,50],"damage_taken":[{"damage":0,"enemies":"Small Slimes","floor":1,"turns":3},{"damage":6,"enemies":"Jaw Worm","floor":3,"turns":3},{"damage":6,"enemies":"Cultist","floor":4,"turns":3},{"damage":0,"enemies":"Large Slime","floor":5,"turns":5},{"damage":6,"enemies":"Gremlin Nob","floor":6,"turns":3},{"damage":13,"enemies":"Red Slaver","floor":7,"turns":2},{"damage":35,"enemies":"The Mushroom Lair","floor":8,"turns":6},{"damage":7,"enemies":"3 Louse","floor":12,"turns":2},{"damage":4,"enemies":"Slime Boss","floor":16,"turns":7},{"damage":8,"enemies":"Shell Parasite","floor":18,"turns":3},{"damage":43,"enemies":"3 Byrds","floor":21,"turns":6},{"damage":34,"enemies":"Slaver and Parasite","floor":24,"turns":3},{"damage":6,"enemies":"3 Cultists","floor":29,"turns":3},{"damage":8,"enemies":"Automaton","floor":33,"turns":4},{"damage":6,"enemies":"Orb Walker","floor":35,"turns":2},{"damage":16,"enemies":"3 Darklings","floor":37,"turns":2},{"damage":36,"enemies":"4 Shapes","floor":38,"turns":2},{"damage":15,"enemies":"Maw","floor":41,"turns":5},{"damage":8,"enemies":"Sphere and 2 Shapes","floor":42,"turns":1},{"damage":0,"enemies":"4 Shapes","floor":44,"turns":1},{"damage":0,"enemies":"3 Darklings","floor":46,"turns":2},{"damage":6,"enemies":"Sphere and 2 Shapes","floor":48,"turns":1},{"damage":68,"enemies":"Awakened One","floor":50,"turns":5}],"event_choices":[{"event_name":"Mushrooms","player_choice":"Fought Mushrooms","floor":8,"damage_taken":0},{"event_name":"Transmorgrifier","player_choice":"Transform","floor":10,"damage_taken":0},{"event_name":"Big Fish","player_choice":"Box","floor":13,"damage_taken":0},{"event_name":"The Mausoleum","player_choice":"Yes","floor":19,"damage_taken":0},{"event_name":"The Lab","player_choice":"Got Potions","floor":20,"damage_taken":0},{"event_name":"Purifier","player_choice":"One Purge","floor":22,"damage_taken":0},{"event_name":"Addict","player_choice":"Ignored","floor":27,"damage_taken":0},{"event_name":"Vampires","player_choice":"Became a vampire","floor":31,"damage_taken":0},{"event_name":"Tomb of Lord Red Mask","player_choice":"Ignored","floor":36,"damage_taken":0}],"boss_relics":[{"not_picked":["Mark of Pain","Sozu"],"picked":"Runic Dome"},{"not_picked":["Cursed Key","Calling Bell"],"picked":"Philosopher\u0027s Stone"}],"potions_floor_spawned":[3,4,5,12,16,18,33,38,41,44,46],"seed_played":"7164845869060745290","ascension_level":0,"is_trial":false}