{"path_per_floor":["M","$","?","$","?","E","R","?","T","M","M","M","R","M","R","B",null,"M","?","$","M","?","R","M","M","T","M","R","T","T","M","R"],"character_chosen":"IRONCLAD","items_purchased":["Self Forming Clay","Double Tap","War Paint","Flex"],"gold_per_floor":[360,19,19,19,19,75,75,75,0,15,32,47,47,60,60,165,315,300,550,280,295,295,295,312,328,328,345,345,390,390,405,405],"floor_reached":33,"campfire_rested":3,"playtime":1125,"current_hp_per_floor":[72,72,72,72,72,61,61,61,61,61,62,46,46,48,48,45,72,39,39,39,23,10,33,24,23,23,17,40,40,40,28,51],"items_purged":["Regret"],"gold":405,"score":272,"play_id":"62195ca5-64b2-4a9a-904b-e235f2f17cfa","local_time":"20180315213814","is_prod":false,"is_daily":false,"is_ascension_mode":false,"campfire_upgraded":3,"timestamp":1521164294,"path_taken":["M","$","?","$","?","E","R","?","T","M","?","M","R","M","R","BOSS","M","?","$","M","?","R","?","M","T","M","R","?","?","?","R","BOSS"],"build_version":"2018-03-09","purchased_purges":1,"victory":false,"master_deck":["Strike_R","Strike_R","Strike_R","Strike_R","Defend_R+1","Defend_R","Defend_R","Defend_R+1","Bash","Blood for Blood+1","Double Tap+1","Twin Strike","Rupture+1","Barricade","Whirlwind","Flex","Brutality"],"max_hp_per_floor":[72,72,72,72,72,72,72,72,72,72,72,72,72,72,72,72,72,72,72,72,72,77,77,77,77,77,77,77,77,77,77,77],"relics":["Burning Blood","Self Forming Clay","Tiny Chest","MagicPiggyBank","Shazam","War Paint","Dead Branch","Bronze Scales","Orichalcum"],"card_choices":[{"not_picked":["Body Slam","Clash"],"picked":"Blood for Blood"},{"not_picked":["Seeing Red","Iron Wave"],"picked":"Rupture"},{"not_picked":["Demon Form","Immolate"],"picked":"Barricade"},{"not_picked":["Anger","Wild Strike"],"picked":"Whirlwind"},{"not_picked":["Warcry","Clash"],"picked":"Brutality"}],"player_experience":683189,"potions_floor_usage":[14,16,16,24,25,25,33],"damage_taken":[{"damage":4,"enemies":"Jaw Worm","floor":1,"turns":5},{"damage":17,"enemies":"3 Sentries","floor":6,"turns":9},{"damage":6,"enemies":"Cultist","floor":10,"turns":3},{"damage":5,"enemies":"Small Slimes","floor":11,"turns":3},{"damage":22,"enemies":"Exordium Wildlife","floor":12,"turns":5},{"damage":19,"enemies":"Lots of Slimes","floor":14,"turns":7},{"damage":9,"enemies":"Slime Boss","floor":16,"turns":5},{"damage":39,"enemies":"2 Thieves","floor":18,"turns":4},{"damage":22,"enemies":"Spheric Guardian","floor":21,"turns":6},{"damage":15,"enemies":"Snecko","floor":24,"turns":5},{"damage":22,"enemies":"3 Cultists","floor":25,"turns":6},{"damage":12,"enemies":"Centurion and Healer","floor":27,"turns":5},{"damage":18,"enemies":"Cultist and Chosen","floor":31,"turns":5},{"damage":53,"enemies":"Automaton","floor":33,"turns":8}],"event_choices":[{"event_name":"Transmorgrifier","player_choice":"Transform","floor":3,"damage_taken":0},{"event_name":"The Cleric","player_choice":"Leave","floor":5,"damage_taken":0},{"event_name":"Match and Keep!","player_choice":"0 cards matched","floor":8,"damage_taken":0},{"event_name":"Golden Shrine","player_choice":"Desecrate","floor":19,"damage_taken":0},{"event_name":"Forgotten Altar","player_choice":"Shed Blood","floor":22,"damage_taken":0}],"boss_relics":[{"not_picked":["Runic Dome","Runic Cube"],"picked":"Shazam"}],"potions_floor_spawned":[10,11,12,14,18,21,24],"seed_played":"-8500894396618591788","killed_by":"Automaton","ascension_level":0,"is_trial":false}