{"path_per_floor":["M","?","?","?","M","E","M","R","T","$","M","$","?","M","R","B",null,"M","?","?","$","?","R","M","?","T"],"character_chosen":"IRONCLAD","items_purchased":["Twin Strike","Bag of Marbles"],"gold_per_floor":[118,118,118,118,132,162,173,173,173,173,185,139,214,224,224,328,328,343,343,293,144,144,144,160,160,160,160],"floor_reached":27,"campfire_rested":0,"playtime":771,"current_hp_per_floor":[75,80,62,62,61,32,37,37,37,37,43,43,32,33,33,9,66,50,34,34,34,34,34,40,24,24,0],"items_purged":[],"gold":160,"score":303,"play_id":"11ec29e9-a5d0-40ac-b539-65e562660125","local_time":"20180323223034","is_prod":false,"is_daily":false,"is_ascension_mode":true,"campfire_upgraded":3,"timestamp":1521858634,"path_taken":["M","?","?","?","?","E","M","R","T","$","M","$","?","M","R","BOSS","M","?","?","$","?","R","?","?","T","E"],"build_version":"2018-03-22v2","purchased_purges":2,"victory":false,"master_deck":["Strike_R","Strike_R","Strike_R","Strike_R","Strike_R","Defend_R","Defend_R","Defend_R","Defend_R","Bash+1","Perfected Strike+1","Twin Strike","Double Tap","Twin Strike","Twin Strike","Battle Trance","Offering+1","Regret"],"max_hp_per_floor":[80,85,85,85,85,85,85,85,85,85,85,85,85,85,85,85,85,85,85,85,85,85,85,85,90,90,90],"relics":["Burning Blood","Omamori","Ancient Tea Set","Lantern","Calling Bell","Anchor","Vajra","Toolbox","Nilry\u0027s Codex","Bag of Marbles","Gambling Chip"],"card_choices":[{"not_picked":["Clothesline","True Grit"],"picked":"Perfected Strike","floor":0.0},{"not_picked":["Anger","Armaments"],"picked":"Twin Strike","floor":1.0},{"not_picked":["True Grit","Clothesline"],"picked":"Double Tap","floor":5},{"not_picked":["Inflame","Rage"],"picked":"Twin Strike","floor":7},{"not_picked":["Headbutt","Evolve"],"picked":"Battle Trance","floor":14},{"not_picked":["Exhume","Dark Embrace"],"picked":"Offering","floor":16}],"player_experience":745570,"potions_floor_usage":[18,27],"damage_taken":[{"damage":3.0,"enemies":"Small Slimes","floor":1.0,"turns":5.0},{"damage":7,"enemies":"Jaw Worm","floor":5,"turns":3},{"damage":35,"enemies":"Gremlin Nob","floor":6,"turns":4},{"damage":1,"enemies":"2 Louse","floor":7,"turns":3},{"damage":0,"enemies":"Large Slime","floor":11,"turns":3},{"damage":5,"enemies":"3 Louse","floor":14,"turns":4},{"damage":30,"enemies":"Slime Boss","floor":16,"turns":8},{"damage":22,"enemies":"3 Byrds","floor":18,"turns":6},{"damage":0,"enemies":"Shell Parasite","floor":24,"turns":1},{"damage":30,"enemies":"Gremlin Leader","floor":27,"turns":4}],"event_choices":[{"event_name":"Big Fish","player_choice":"Donut","floor":2.0,"damage_taken":0.0},{"event_name":"Scrap Ooze","player_choice":"success","floor":3,"damage_taken":18},{"event_name":"The Cleric","player_choice":"Leave","floor":4,"damage_taken":0},{"event_name":"World of Goop","player_choice":"Gather Gold","floor":13,"damage_taken":0},{"event_name":"Cursed Tome","player_choice":"Obtained Book","floor":19,"damage_taken":0},{"event_name":"The Joust","player_choice":"Bet on Owner","floor":20,"damage_taken":0},{"event_name":"Vampires","player_choice":"Ignored","floor":22,"damage_taken":0},{"event_name":"Forgotten Altar","player_choice":"Shed Blood","floor":25,"damage_taken":0}],"boss_relics":[{"not_picked":["Ectoplasm","Black Blood"],"picked":"Calling Bell"}],"potions_floor_spawned":[11,14,18],"seed_played":"-615413807402002457","killed_by":"Gremlin Leader","ascension_level":9,"is_trial":false}