{"path_per_floor":["M","?","?","M","?","R","M","R","T","$","?","M","R","E","R","B",null,"M","M","$","?","?","R","M","R","T","R","M","E","$","M","R"],"character_chosen":"IRONCLAD","items_purchased":["Flex","MoneyMoneyMoney","Matryoshka","Seeing Red"],"gold_per_floor":[117,367,542,556,556,556,567,567,592,463,463,474,474,505,505,601,601,617,628,376,376,301,301,313,313,313,313,324,359,65,84,84],"floor_reached":33,"campfire_rested":3,"playtime":919,"current_hp_per_floor":[87,87,87,75,57,57,60,60,60,60,42,48,48,41,82,20,88,80,55,55,55,55,55,26,67,81,81,73,66,66,21,66],"items_purged":["Doubt","Strike_R"],"gold":84,"score":288,"play_id":"736d6de5-db4f-4a51-88b6-c172d0e6ab2c","local_time":"20180316013423","is_prod":false,"is_daily":false,"is_ascension_mode":false,"campfire_upgraded":5,"timestamp":1521178463,"path_taken":["M","?","?","M","?","R","M","R","T","$","?","M","R","E","R","BOSS","M","M","$","?","?","R","M","R","T","R","M","E","$","M","R","BOSS"],"build_version":"2018-03-09","purchased_purges":2,"victory":false,"master_deck":["Strike_R+1","Strike_R+1","Strike_R","Defend_R+1","Defend_R","Defend_R","Defend_R","Bash+1","Regret","Whirlwind+1","Flex+1","Brutality+1","Bloodletting+1","Seeing Red"],"max_hp_per_floor":[88,88,88,88,88,88,88,88,88,88,88,88,88,88,88,88,88,88,88,88,88,88,88,88,88,102,102,102,102,102,102,102],"relics":["Burning Blood","Regal Pillow","Omamori","Torii","Philosopher\u0027s Stone","MoneyMoneyMoney","Mango","Pantograph","Matryoshka"],"card_choices":[{"not_picked":["Anger","Headbutt"],"picked":"Whirlwind"},{"not_picked":["Feed","Berserk"],"picked":"Brutality"},{"not_picked":["Warcry","Hemokinesis"],"picked":"Bloodletting"}],"player_experience":684314,"potions_floor_usage":[31,33],"damage_taken":[{"damage":7,"enemies":"Small Slimes","floor":1,"turns":3},{"damage":18,"enemies":"Cultist","floor":4,"turns":5},{"damage":3,"enemies":"Jaw Worm","floor":7,"turns":3},{"damage":0,"enemies":"2 Fungi Beasts","floor":12,"turns":1},{"damage":13,"enemies":"3 Sentries","floor":14,"turns":4},{"damage":68,"enemies":"The Guardian","floor":16,"turns":9},{"damage":14,"enemies":"Spheric Guardian","floor":18,"turns":3},{"damage":31,"enemies":"Shell Parasite","floor":19,"turns":3},{"damage":35,"enemies":"Centurion and Healer","floor":24,"turns":4},{"damage":14,"enemies":"3 Cultists","floor":28,"turns":3},{"damage":13,"enemies":"Slavers","floor":29,"turns":2},{"damage":51,"enemies":"Slaver and Parasite","floor":31,"turns":4},{"damage":100,"enemies":"Automaton","floor":33,"turns":6}],"event_choices":[{"event_name":"Golden Shrine","player_choice":"Desecrate","floor":2,"damage_taken":0},{"event_name":"Liars Game","player_choice":"agreed","floor":3,"damage_taken":0},{"event_name":"Shining Light","player_choice":"Entered Light","floor":5,"damage_taken":0},{"event_name":"Scrap Ooze","player_choice":"success","floor":11,"damage_taken":18},{"event_name":"Cursed Tome","player_choice":"Ignored","floor":21,"damage_taken":0},{"event_name":"Beggar","player_choice":"Gave Gold","floor":22,"damage_taken":0}],"boss_relics":[{"not_picked":["Lizard Tail","Orrery"],"picked":"Philosopher\u0027s Stone"}],"potions_floor_spawned":[1,16,19,24,28,31],"seed_played":"5803650767454014254","killed_by":"Automaton","ascension_level":0,"is_trial":false}