{"path_per_floor":["M","$","?","M","M","R","?","R","T","R","M","?","M","E","R","B",null,"M","M","?","?","?","R","?","R","T","$","M","M","?","M","R","B",null,"M","?","?","$","M","R","M","M","T","M","?","M","R","$","R"],"character_chosen":"IRONCLAD","items_purchased":["Juzu Bracelet","Mercury Hourglass"],"gold_per_floor":[112,112,112,132,147,147,147,147,200,200,210,210,228,271,271,395,395,385,398,398,398,398,398,398,398,398,243,260,280,205,220,220,321,351,363,363,363,26,46,46,57,71,97,113,113,131,131,31,31],"floor_reached":50,"campfire_rested":2,"playtime":2409,"current_hp_per_floor":[88,88,88,88,88,88,85,85,85,85,90,68,65,46,73,23,92,85,72,72,72,72,72,62,92,92,92,101,104,104,104,104,78,113,115,101,101,101,106,106,112,113,118,121,121,100,100,100,100],"items_purged":["Strike_R","Strike_R"],"gold":31,"score":517,"play_id":"9ccf73ac-50b8-4771-b927-e10dffe748df","local_time":"20180322003515","is_prod":false,"is_daily":false,"is_ascension_mode":false,"campfire_upgraded":8,"timestamp":1521693315,"path_taken":["M","$","?","M","M","R","?","R","T","R","M","?","M","E","R","BOSS","M","M","?","?","?","R","?","R","T","$","M","M","?","M","R","BOSS","M","?","?","?","M","R","M","M","T","M","?","M","R","$","R","BOSS"],"build_version":"2018-03-15v3","purchased_purges":4,"victory":false,"master_deck":["Strike_R+1","Defend_R+1","Defend_R+1","Defend_R+1","Defend_R+1","Bash+1","Flame Barrier+1","Ghostly Armor+1","Body Slam+1","Offering+1","Rampage+1","Shrug It Off","Necronomicurse","Barricade+1","Madness+1","Madness+1","Entrench+1"],"max_hp_per_floor":[88,88,88,88,88,88,88,88,88,88,90,90,92,92,92,92,92,92,94,94,94,94,94,100,100,100,100,102,104,104,104,104,106,113,115,115,115,115,115,115,117,119,119,121,121,123,123,123,123],"relics":["Burning Blood","Singing Bowl","Art of War","Bloody Idol","Darkstone Periapt","Question Card","Necronomicon","Mummified Hand","Juzu Bracelet","Tiny House","Mercury Hourglass","Prayer Wheel"],"card_choices":[{"not_picked":["Shrug It Off","Cleave"],"picked":"Flame Barrier"},{"not_picked":["Dropkick","Whirlwind"],"picked":"Ghostly Armor"},{"not_picked":["Searing Blow","Bludgeon"],"picked":"Body Slam"},{"not_picked":["Bludgeon","Immolate"],"picked":"Offering"},{"not_picked":["Shrug It Off","True Grit","Anger"],"picked":"Rampage"},{"not_picked":["Cleave","Body Slam","Bloodletting"],"picked":"Barricade"},{"not_picked":["Pommel Strike","Dropkick","Clothesline"],"picked":"Entrench"}],"player_experience":736153,"potions_floor_usage":[29,29,35,41,50,50,50],"damage_taken":[{"damage":6.0,"enemies":"Jaw Worm","floor":1.0,"turns":3.0},{"damage":6.0,"enemies":"Cultist","floor":4.0,"turns":4.0},{"damage":0.0,"enemies":"2 Louse","floor":5.0,"turns":3.0},{"damage":0.0,"enemies":"Looter","floor":11.0,"turns":4.0},{"damage":11.0,"enemies":"Exordium Wildlife","floor":13.0,"turns":4.0},{"damage":25.0,"enemies":"Gremlin Nob","floor":14.0,"turns":4.0},{"damage":56.0,"enemies":"The Guardian","floor":16.0,"turns":19.0},{"damage":13.0,"enemies":"2 Thieves","floor":18.0,"turns":4.0},{"damage":21.0,"enemies":"Chosen","floor":19.0,"turns":5.0},{"damage":4.0,"enemies":"Centurion and Healer","floor":28.0,"turns":7.0},{"damage":8,"enemies":"Sentry and Sphere","floor":29,"turns":7},{"damage":4,"enemies":"3 Cultists","floor":31,"turns":6},{"damage":39,"enemies":"Automaton","floor":33,"turns":14},{"damage":7,"enemies":"3 Shapes","floor":35,"turns":5},{"damage":6,"enemies":"Orb Walker","floor":39,"turns":3},{"damage":22,"enemies":"Sphere and 2 Shapes","floor":41,"turns":8},{"damage":12,"enemies":"3 Darklings","floor":42,"turns":7},{"damage":4,"enemies":"4 Shapes","floor":44,"turns":8},{"damage":34,"enemies":"Sphere and 2 Shapes","floor":46,"turns":6},{"damage":103,"enemies":"Donu and Deca","floor":50,"turns":10}],"event_choices":[{"event_name":"Upgrade Shrine","player_choice":"Upgraded","floor":3.0,"damage_taken":0.0},{"event_name":"Scrap Ooze","player_choice":"success","floor":7.0,"damage_taken":3.0},{"event_name":"Golden Idol","player_choice":"Take Damage","floor":12.0,"damage_taken":0.0},{"event_name":"Forgotten Altar","player_choice":"Gave Idol","floor":20.0,"damage_taken":0.0},{"event_name":"Back to Basics","player_choice":"Simplicity","floor":21.0,"damage_taken":0.0},{"event_name":"The Library","player_choice":"Read","floor":22.0,"damage_taken":0.0},{"event_name":"Cursed Tome","player_choice":"Obtained Book","floor":24.0,"damage_taken":0.0},{"event_name":"Beggar","player_choice":"Gave Gold","floor":30,"damage_taken":0},{"event_name":"Winding Halls","player_choice":"Embrace Madness","floor":36,"damage_taken":0},{"event_name":"Tomb of Lord Red Mask","player_choice":"Ignored","floor":37,"damage_taken":0}],"boss_relics":[{"not_picked":["Astrolabe","Eternal Feather"],"picked":"Tiny House"}],"potions_floor_spawned":[4,13,14,19,28,29,42,46],"seed_played":"8040627565801040487","killed_by":"Donu and Deca","ascension_level":0,"is_trial":false}