{"path_per_floor":["M","?","M","?","M","R","$","R","T","$","R","?","M","M","R","B",null,"M","?","M","$","M","R","M","R","T","M","R","E","M","$","R","B",null,"M","$","M","$","M","E","R","E","T","M","M","R","?","M","R","B"],"character_chosen":"IRONCLAD","items_purchased":["Panacea","Heavy Blade","Clash","Battle Trance","Lantern","Flex","Ancient Potion"],"gold_per_floor":[113,113,129,304,317,317,104,104,104,14,14,14,33,47,47,144,144,160,160,172,26,39,39,56,56,82,94,94,119,139,88,88,186,186,204,104,120,71,81,106,106,137,207,225,242,242,296,308,308,308],"floor_reached":51,"campfire_rested":0,"playtime":1783,"current_hp_per_floor":[78,78,80,80,80,80,80,80,80,80,80,77,80,80,80,80,80,80,56,56,56,56,56,56,56,56,56,56,56,56,56,56,56,56,56,56,56,56,53,55,55,56,56,56,56,56,56,56,56,29],"items_purged":["Doubt","Regret"],"gold":308,"score":1192,"play_id":"48fd756c-00d9-4089-9072-ea67e27baa75","local_time":"20180322132932","is_prod":false,"is_daily":false,"is_ascension_mode":true,"campfire_upgraded":11,"timestamp":1521739772,"path_taken":["M","?","M","?","?","R","$","R","T","?","R","?","M","?","R","BOSS","M","?","M","$","M","R","M","R","T","M","R","E","M","$","R","BOSS","M","$","M","$","?","E","R","E","T","M","M","R","?","?","R","BOSS"],"build_version":"2018-03-15v3","purchased_purges":3,"victory":true,"master_deck":["Bash+1","Clash","Pommel Strike+1","Panacea+1","Heavy Blade+1","Clash","Battle Trance+1","Offering+1","Clash+1","Reckless Charge+1","Pommel Strike+1","Bite+1","Bite","Bite","Bite","Bite","Whirlwind+1","Flex+1","Double Tap+1","Flex+1","Limit Break+1","Flex+1","Clash+1"],"max_hp_per_floor":[80,80,80,80,80,80,80,80,80,80,80,80,80,80,80,80,80,80,56,56,56,56,56,56,56,56,56,56,56,56,56,56,56,56,56,56,56,56,56,56,56,56,56,56,56,56,56,56,56,56],"relics":["Burning Blood","Anchor","Ginger","Bag of Preparation","Astrolabe","Lantern","Ancient Tea Set","Omamori","Calling Bell","Sundial","Dream Catcher","Frozen Egg 2","Bird Faced Urn","Pen Nib","Meat on the Bone","Frozen Eye"],"card_choices":[{"not_picked":["Sentinel","Bludgeon"],"picked":"Clash"},{"not_picked":["Anger","Havoc"],"picked":"Pommel Strike"},{"not_picked":["Shrug It Off","Cleave"],"picked":"Pommel Strike"},{"not_picked":["Clothesline","Pommel Strike"],"picked":"Whirlwind"},{"not_picked":["Anger","Iron Wave"],"picked":"Flex"},{"not_picked":["Cleave","Dropkick"],"picked":"Double Tap"},{"not_picked":["Juggernaut","Impervious"],"picked":"Limit Break"},{"not_picked":["Cleave","Rupture"],"picked":"Flex"},{"not_picked":["True Grit","Twin Strike"],"picked":"Clash"}],"player_experience":740519,"potions_floor_usage":[16,50,50],"damage_taken":[{"damage":0.0,"enemies":"Small Slimes","floor":1.0,"turns":4.0},{"damage":2.0,"enemies":"Jaw Worm","floor":3.0,"turns":2.0},{"damage":6.0,"enemies":"Cultist","floor":5.0,"turns":4.0},{"damage":3.0,"enemies":"Blue Slaver","floor":13.0,"turns":2.0},{"damage":5.0,"enemies":"2 Fungi Beasts","floor":14.0,"turns":3.0},{"damage":0,"enemies":"Slime Boss","floor":16,"turns":6},{"damage":2,"enemies":"Chosen","floor":18,"turns":2},{"damage":4,"enemies":"3 Byrds","floor":20,"turns":2},{"damage":4,"enemies":"Sentry and Sphere","floor":22,"turns":1},{"damage":4,"enemies":"Cultist and Chosen","floor":24,"turns":2},{"damage":8,"enemies":"Centurion and Healer","floor":27,"turns":2},{"damage":4,"enemies":"Slavers","floor":29,"turns":1},{"damage":4,"enemies":"Snecko","floor":30,"turns":2},{"damage":4,"enemies":"Collector","floor":33,"turns":2},{"damage":4,"enemies":"3 Darklings","floor":35,"turns":2},{"damage":0,"enemies":"Orb Walker","floor":37,"turns":1},{"damage":11,"enemies":"Sphere and 2 Shapes","floor":39,"turns":2},{"damage":4,"enemies":"2 Orb Walkers","floor":40,"turns":1},{"damage":0,"enemies":"Giant Head","floor":42,"turns":2},{"damage":4,"enemies":"4 Shapes","floor":44,"turns":1},{"damage":4,"enemies":"Maw","floor":45,"turns":2},{"damage":4,"enemies":"Mysterious Sphere","floor":47,"turns":1},{"damage":0,"enemies":"3 Darklings","floor":48,"turns":1},{"damage":52,"enemies":"Time Eater","floor":50,"turns":3}],"event_choices":[{"event_name":"Living Wall","player_choice":"Forget","floor":2.0,"damage_taken":0.0},{"event_name":"Liars Game","player_choice":"agreed","floor":4.0,"damage_taken":0.0},{"event_name":"Scrap Ooze","player_choice":"success","floor":12.0,"damage_taken":3.0},{"event_name":"Vampires","player_choice":"Became a vampire","floor":19,"damage_taken":0},{"event_name":"Mysterious Sphere","player_choice":"Fight","floor":47,"damage_taken":0}],"boss_relics":[{"not_picked":["Runic Pyramid","White Beast Statue"],"picked":"Astrolabe"},{"not_picked":["Runic Cube","Black Star"],"picked":"Calling Bell"}],"potions_floor_spawned":[1,3,13,16,20,24,29,33,39,40,42,48],"seed_played":"179430023658875636","ascension_level":9,"is_trial":false}