{"path_per_floor":["M","?","M","M","$","E","R","?","T","M","R","M","R","M","R","B",null,"M","$","M","$","?","$","E","R","T","M","M","?","R","?","R","B",null,"M","?","M","?","?","R","M","$","T","M","$","M","R","M","R"],"character_chosen":"IRONCLAD","items_purchased":["Rampage","Bronze Scales","Metallicize"],"gold_per_floor":[119,69,88,105,26,53,53,53,53,71,71,91,91,104,104,201,201,214,139,159,10,10,10,37,37,63,76,88,88,88,88,88,189,189,199,199,211,211,211,211,231,98,98,110,110,122,122,138,138],"floor_reached":50,"campfire_rested":2,"playtime":1957,"current_hp_per_floor":[88,88,88,85,85,45,45,45,45,42,42,26,26,18,44,24,88,74,74,63,63,46,46,38,38,38,25,18,18,45,93,93,34,93,89,89,91,91,79,79,74,74,74,65,65,70,70,76,76],"items_purged":["Regret","Madness"],"gold":138,"score":487,"play_id":"8b550f94-6603-4e8c-bff5-74cd119668e7","local_time":"20180322124931","is_prod":false,"is_daily":false,"is_ascension_mode":false,"campfire_upgraded":5,"timestamp":1521737371,"path_taken":["M","?","M","M","$","E","R","?","T","M","R","?","R","M","R","BOSS","M","$","?","$","?","$","E","R","T","?","M","?","R","?","R","BOSS","M","?","M","?","?","R","M","$","T","M","$","M","R","?","R","BOSS"],"build_version":"2018-03-15v3","purchased_purges":3,"victory":false,"master_deck":["Strike_R","Strike_R","Strike_R","Strike_R","Defend_R","Defend_R","Defend_R","Defend_R","Bash+1","Body Slam+1","Metallicize+1","Rampage+1","Impervious","Whirlwind+1","Madness+1","Metallicize","Regret"],"max_hp_per_floor":[88,88,88,88,88,88,88,88,88,88,88,88,88,88,88,88,88,88,88,88,88,93,93,93,93,93,93,93,93,93,93,93,93,93,93,93,93,93,93,93,93,93,93,93,93,93,93,93,93],"relics":["Burning Blood","Girya","Pen Nib","Shuriken","Velvet Choker","Bronze Scales","Bag of Marbles","Dream Catcher","Cursed Key","Frozen Eye"],"card_choices":[{"not_picked":["Shrug It Off","Seeing Red"],"picked":"Body Slam"},{"not_picked":["Body Slam","Warcry"],"picked":"Metallicize"},{"not_picked":["Dark Embrace","Feed"],"picked":"Impervious"},{"not_picked":["Shrug It Off","Body Slam"],"picked":"Whirlwind"}],"player_experience":738562,"potions_floor_usage":[],"damage_taken":[{"damage":0.0,"enemies":"2 Louse","floor":1.0,"turns":3.0},{"damage":0.0,"enemies":"Small Slimes","floor":3.0,"turns":6.0},{"damage":9.0,"enemies":"Cultist","floor":4.0,"turns":4.0},{"damage":46.0,"enemies":"Lagavulin","floor":6.0,"turns":9.0},{"damage":9.0,"enemies":"Red Slaver","floor":10.0,"turns":4.0},{"damage":22.0,"enemies":"Lots of Slimes","floor":12.0,"turns":5.0},{"damage":14.0,"enemies":"2 Fungi Beasts","floor":14.0,"turns":3.0},{"damage":26.0,"enemies":"Hexaghost","floor":16.0,"turns":8.0},{"damage":20.0,"enemies":"Shell Parasite","floor":18.0,"turns":6.0},{"damage":17.0,"enemies":"Spheric Guardian","floor":20.0,"turns":4.0},{"damage":23.0,"enemies":"Book of Stabbing","floor":24.0,"turns":4.0},{"damage":19.0,"enemies":"Chosen and Byrds","floor":27.0,"turns":5.0},{"damage":13.0,"enemies":"Snecko","floor":28.0,"turns":6.0},{"damage":65.0,"enemies":"Automaton","floor":33.0,"turns":11.0},{"damage":10.0,"enemies":"Orb Walker","floor":35.0,"turns":2.0},{"damage":4.0,"enemies":"3 Shapes","floor":37.0,"turns":1.0},{"damage":11.0,"enemies":"3 Darklings","floor":41.0,"turns":3.0},{"damage":15.0,"enemies":"4 Shapes","floor":44.0,"turns":2.0},{"damage":1.0,"enemies":"Maw","floor":46.0,"turns":6.0},{"damage":0.0,"enemies":"3 Darklings","floor":48.0,"turns":1.0},{"damage":76,"enemies":"Time Eater","floor":50,"turns":4}],"event_choices":[{"event_name":"The Cleric","player_choice":"Card Removal","floor":2.0,"damage_taken":0.0},{"event_name":"Big Fish","player_choice":"Box","floor":8.0,"damage_taken":0.0},{"event_name":"Forgotten Altar","player_choice":"Shed Blood","floor":22.0,"damage_taken":0.0},{"event_name":"Cursed Tome","player_choice":"Ignored","floor":29.0,"damage_taken":0.0},{"event_name":"Wheel of Change","player_choice":"Full Heal","floor":31.0,"damage_taken":0.0},{"event_name":"Tomb of Lord Red Mask","player_choice":"Ignored","floor":36.0,"damage_taken":0.0},{"event_name":"Match and Keep!","player_choice":"0 cards matched","floor":38.0,"damage_taken":0.0},{"event_name":"Winding Halls","player_choice":"Embrace Madness","floor":39.0,"damage_taken":0.0}],"boss_relics":[],"potions_floor_spawned":[4,6,14,18,20,27,37,44],"seed_played":"9183316813296584786","killed_by":"Time Eater","ascension_level":0,"is_trial":false}