{"path_per_floor":["M","?","$","M","?","E","R","?","T","R","T","?","?","$","R","B",null,"M","?","$","M","M","E","R","E","T","M","$","?","E","M","R","B",null,"M","M","?","$","?","R","M","?","T","?","R","E","$","E","R","B"],"character_chosen":"IRONCLAD","items_purchased":["Paper Frog","MagicPiggyBank","Blue Candle","Ancient Tea Set","DoorKnob","Frozen Egg 2","Medical Kit","Pen Nib","Lantern","Girya","RustyGear","Dodecahedron"],"gold_per_floor":[450,450,292,315,315,359,359,359,359,359,384,464,464,0,0,131,745,768,768,1,26,39,75,75,114,191,216,26,26,65,89,89,219,219,235,249,582,45,45,45,58,58,58,58,58,101,101,139,139,139],"floor_reached":51,"campfire_rested":0,"playtime":606,"current_hp_per_floor":[82,76,76,78,78,80,80,80,80,80,80,82,82,82,82,84,84,86,86,86,88,90,92,92,94,94,96,96,96,98,100,107,109,109,111,113,113,113,113,113,115,115,115,115,115,117,117,119,119,119],"items_purged":[],"gold":139,"score":1255,"play_id":"4059f855-41c1-4ed4-8357-fafc4e455950","local_time":"20180315135608","is_prod":false,"is_daily":false,"is_ascension_mode":false,"campfire_upgraded":3,"timestamp":1521136568,"path_taken":["M","?","$","M","?","E","R","?","T","R","?","?","?","$","R","BOSS","M","?","?","M","M","E","R","E","T","M","$","?","E","M","R","BOSS","M","M","?","$","?","R","M","?","T","?","R","E","$","E","R","BOSS"],"build_version":"2018-03-09","purchased_purges":0,"victory":true,"master_deck":["Whirlwind+1","Double Tap+1","Seeing Red+1","Seeing Red+1","Flex+1","Flex+1","Seeing Red+1"],"max_hp_per_floor":[82,76,76,78,78,80,80,80,80,80,80,82,82,82,82,84,84,86,86,86,88,90,92,92,94,94,96,96,96,98,100,107,109,109,111,113,113,113,113,113,115,115,115,115,115,117,117,119,119,119],"relics":["Red Mask","Golden Idol","Old Coin","Tiny Chest","Matryoshka","Circlet","Shovel","Unceasing Top","Membership Card","Black Blood","Burning Blood","Magic Flower","The Courier","Juzu Bracelet","Sozu","Singing Bowl","Bag of Preparation","Anchor","Paper Frog","Omamori","War Paint","Regal Pillow","Happy Flower","UtilityBelt","Ornamental Fan","MagicPiggyBank","Blue Candle","Ancient Tea Set","DoorKnob","Frozen Egg 2","Medical Kit","Bottled Lightning","Orichalcum","Bronze Scales","Letter Opener","Pen Nib","Lantern","Toxic Egg 2","Strawberry","Runic Dome","Girya","RustyGear","Dodecahedron","Ginger","TwinDoll","Dream Catcher"],"card_choices":[],"player_experience":680138,"potions_floor_usage":[33],"damage_taken":[{"damage":0,"enemies":"Jaw Worm","floor":1,"turns":1},{"damage":0,"enemies":"Small Slimes","floor":4,"turns":1},{"damage":0,"enemies":"Lagavulin","floor":6,"turns":1},{"damage":0,"enemies":"Gremlin Nob","floor":12,"turns":1},{"damage":0,"enemies":"The Guardian","floor":16,"turns":1},{"damage":0,"enemies":"2 Thieves","floor":18,"turns":1},{"damage":0,"enemies":"Chosen","floor":21,"turns":1},{"damage":0,"enemies":"3 Cultists","floor":22,"turns":1},{"damage":0,"enemies":"Slavers","floor":23,"turns":1},{"damage":0,"enemies":"Gremlin Leader","floor":25,"turns":1},{"damage":0,"enemies":"Centurion and Healer","floor":27,"turns":1},{"damage":0,"enemies":"Slavers","floor":30,"turns":1},{"damage":0,"enemies":"Snake Plant","floor":31,"turns":1},{"damage":0,"enemies":"Champ","floor":33,"turns":1},{"damage":0,"enemies":"3 Shapes","floor":35,"turns":1},{"damage":0,"enemies":"3 Darklings","floor":36,"turns":1},{"damage":0,"enemies":"Sphere and 2 Shapes","floor":41,"turns":1},{"damage":0,"enemies":"Giant Head","floor":46,"turns":1},{"damage":0,"enemies":"Nemesis","floor":48,"turns":1},{"damage":0,"enemies":"Donu and Deca","floor":50,"turns":1}],"event_choices":[{"event_name":"Golden Idol","player_choice":"Lose Max HP","floor":2,"damage_taken":0},{"event_name":"Upgrade Shrine","player_choice":"Upgraded","floor":5,"damage_taken":0},{"event_name":"Golden Wing","player_choice":"Ignored","floor":8,"damage_taken":0},{"event_name":"Dead Adventurer","player_choice":"Searched \u00271\u0027 times","floor":12,"damage_taken":0},{"event_name":"Accursed Blacksmith","player_choice":"Forge","floor":13,"damage_taken":0},{"event_name":"The Library","player_choice":"Heal","floor":19,"damage_taken":0},{"event_name":"Vampires","player_choice":"Ignored","floor":29,"damage_taken":0},{"event_name":"The Moai Head","player_choice":"Gave Idol","floor":37,"damage_taken":0},{"event_name":"Duplicator","player_choice":"Ignored","floor":39,"damage_taken":0},{"event_name":"Winding Halls","player_choice":"Writhe","floor":42,"damage_taken":0}],"boss_relics":[{"not_picked":["Astrolabe","Cursed Key","Runic Pyramid"]},{"not_picked":["Orrery","MagicKindling"],"picked":"Runic Dome"}],"potions_floor_spawned":[1,12,16,18,27,31,33,35,46,48],"seed_played":"1333913174024578927","ascension_level":0,"is_trial":false}