{"path_per_floor":["M","$","M","?","M","R","E","?","T","E","?","M","E","M","R","B",null,"M","$","T","M","?","E","M","R","T","?","E","M","$","E","R","B",null,"M","?","$","M","M","E","R","?","T","R","E","$","?","M","R","B"],"character_chosen":"IRONCLAD","items_purchased":["TrainingArmor","MagicPiggyBank","Bag of Marbles","Ornamental Fan","Meat on the Bone","Bronze Scales","Lee\u0027s Waffle","Frozen Egg 2","Dodecahedron","Darkstone Periapt","Self Forming Clay","Omamori","Gremlin Horn","UtilityBelt","Regal Pillow"],"gold_per_floor":[449,281,301,301,314,314,354,354,354,398,428,446,479,493,493,619,619,638,0,0,16,16,56,74,74,74,74,114,134,38,81,81,210,1056,1076,1409,94,112,128,171,171,171,171,171,209,20,78,103,103,103],"floor_reached":51,"campfire_rested":0,"playtime":1108,"current_hp_per_floor":[72,72,74,74,76,76,78,72,72,74,76,78,86,96,96,98,98,100,100,107,109,87,111,118,118,118,118,120,122,122,124,124,126,126,128,128,135,137,139,141,141,141,141,141,143,143,145,147,147,147],"items_purged":["Flex"],"gold":103,"score":1306,"play_id":"7e9fcc3d-70ec-4c7f-a755-ee11d61a985d","local_time":"20180315133932","is_prod":false,"is_daily":false,"is_ascension_mode":false,"campfire_upgraded":3,"timestamp":1521135572,"path_taken":["M","$","M","?","M","R","E","?","T","E","?","M","E","M","R","BOSS","M","$","?","M","?","E","M","R","T","?","E","M","?","E","R","BOSS","M","?","?","M","M","E","R","?","T","R","E","$","?","M","R","BOSS"],"build_version":"2018-03-09","purchased_purges":3,"victory":true,"master_deck":["Rampage+1","Double Tap+1","Madness+1","Madness"],"max_hp_per_floor":[72,72,74,74,76,76,78,72,72,74,76,78,94,96,96,98,98,100,100,107,109,114,116,118,118,118,118,120,122,122,124,124,126,126,128,128,135,137,139,141,141,141,141,141,143,143,145,147,147,147],"relics":["Circlet","Red Mask","Golden Idol","Old Coin","Tiny Chest","Matryoshka","Circlet","Shovel","Unceasing Top","Membership Card","Black Blood","Burning Blood","Magic Flower","The Courier","Juzu Bracelet","Singing Bowl","Anchor","Peace Pipe","TrainingArmor","Mummified Hand","TwinDoll","Blue Candle","Paper Frog","Odd Mushroom","Mango","Sozu","MagicPiggyBank","Strawberry","Bottled Flame","Calipers","Pen Nib","Charon\u0027s Ashes","Bag of Marbles","Champion Belt","Black Star","Ornamental Fan","Meat on the Bone","Bronze Scales","Lee\u0027s Waffle","Frozen Egg 2","Dodecahedron","Darkstone Periapt","Self Forming Clay","Omamori","Gremlin Horn","Bottled Lightning","Shuriken","Toxic Egg 2","Molten Egg 2","Happy Flower","Blood Vial","UtilityBelt","Regal Pillow","GreedyCoin","Ancient Tea Set"],"card_choices":[{"not_picked":["Wild Strike","Combust"],"picked":"Flex"}],"player_experience":679030,"potions_floor_usage":[7],"damage_taken":[{"damage":0,"enemies":"Jaw Worm","floor":1,"turns":1},{"damage":0,"enemies":"Cultist","floor":3,"turns":1},{"damage":0,"enemies":"Small Slimes","floor":5,"turns":1},{"damage":0,"enemies":"3 Sentries","floor":7,"turns":1},{"damage":0,"enemies":"Gremlin Nob","floor":10,"turns":2},{"damage":0,"enemies":"The Mushroom Lair","floor":11,"turns":1},{"damage":0,"enemies":"3 Louse","floor":12,"turns":1},{"damage":32,"enemies":"3 Sentries","floor":13,"turns":5},{"damage":0,"enemies":"Exordium Wildlife","floor":14,"turns":1},{"damage":0,"enemies":"Slime Boss","floor":16,"turns":2},{"damage":0,"enemies":"Chosen","floor":18,"turns":1},{"damage":0,"enemies":"Spheric Guardian","floor":21,"turns":1},{"damage":2,"enemies":"Gremlin Leader","floor":23,"turns":2},{"damage":0,"enemies":"Snecko","floor":24,"turns":1},{"damage":0,"enemies":"Slavers","floor":28,"turns":2},{"damage":0,"enemies":"Centurion and Healer","floor":29,"turns":1},{"damage":0,"enemies":"Gremlin Leader","floor":31,"turns":1},{"damage":0,"enemies":"Automaton","floor":33,"turns":1},{"damage":0,"enemies":"3 Darklings","floor":35,"turns":1},{"damage":0,"enemies":"3 Shapes","floor":38,"turns":1},{"damage":0,"enemies":"Sphere and 2 Shapes","floor":39,"turns":1},{"damage":0,"enemies":"Giant Head","floor":40,"turns":1},{"damage":0,"enemies":"Nemesis","floor":45,"turns":1},{"damage":0,"enemies":"Mysterious Sphere","floor":47,"turns":1},{"damage":0,"enemies":"4 Shapes","floor":48,"turns":1},{"damage":0,"enemies":"Donu and Deca","floor":50,"turns":1}],"event_choices":[{"event_name":"Transmorgrifier","player_choice":"Skipped","floor":4,"damage_taken":0},{"event_name":"Golden Idol","player_choice":"Lose Max HP","floor":8,"damage_taken":0},{"event_name":"Mushrooms","player_choice":"Fought Mushrooms","floor":11,"damage_taken":0},{"event_name":"Forgotten Altar","player_choice":"Shed Blood","floor":22,"damage_taken":0},{"event_name":"Back to Basics","player_choice":"Simplicity","floor":27,"damage_taken":0},{"event_name":"The Moai Head","player_choice":"Gave Idol","floor":36,"damage_taken":0},{"event_name":"Winding Halls","player_choice":"Writhe","floor":42,"damage_taken":0},{"event_name":"Mysterious Sphere","player_choice":"Fight","floor":47,"damage_taken":0}],"boss_relics":[{"not_picked":["Tiny House","Eternal Feather"],"picked":"Sozu"},{"not_picked":["Runic Dome","White Beast Statue"],"picked":"Black Star"}],"potions_floor_spawned":[1,13,14,16,18,23,24,35,45,47],"seed_played":"4364517079171017682","ascension_level":0,"is_trial":false}