{"path_per_floor":["M","M","$","$","M","R","?","R","T","$","R","M","M","?","R","B",null,"M","M","$","M","M","M","$","?","T","E","M","R","M","M","R"],"character_chosen":"IRONCLAD","items_purchased":["Whirlwind","Anchor","Omamori","Shrug It Off"],"gold_per_floor":[117,137,61,61,76,76,251,251,321,115,115,132,151,151,151,248,248,263,273,74,87,105,125,24,24,75,101,114,114,129,141,141],"floor_reached":33,"campfire_rested":0,"playtime":1207,"current_hp_per_floor":[80,80,80,80,80,80,80,80,80,80,80,80,79,79,79,56,80,80,80,80,72,63,60,60,60,60,58,54,54,60,64,64],"items_purged":["Doubt","Strike_R","Strike_R"],"gold":141,"score":261,"play_id":"bbf4e50a-1de1-43cd-9d83-6dfbb698e0aa","local_time":"20180314195901","is_prod":false,"is_daily":false,"is_ascension_mode":false,"campfire_upgraded":6,"timestamp":1521071941,"path_taken":["M","M","?","$","M","R","?","R","T","?","R","M","M","?","R","BOSS","M","?","$","M","M","M","$","?","T","E","M","R","M","M","R","BOSS"],"build_version":"2018-03-09","purchased_purges":4,"victory":false,"master_deck":["Strike_R","Strike_R","Strike_R","Defend_R","Defend_R","Defend_R","Defend_R","Bash+1","Flame Barrier+1","Rampage+1","Whirlwind+1","Entrench+1","Impervious+1","Battle Trance+1","Ghostly Armor+1","Shrug It Off+1","Shrug It Off+1"],"max_hp_per_floor":[80,80,80,80,80,80,80,80,80,80,80,80,80,80,80,80,80,80,80,80,80,80,80,80,80,80,80,80,80,80,80,80],"relics":["Burning Blood","Bag of Marbles","Smiling Mask","Anchor","Sozu","Omamori","War Paint","Vajra"],"card_choices":[{"not_picked":["Pommel Strike","Sword Boomerang"],"picked":"Flame Barrier"},{"not_picked":["Evolve","Perfected Strike"],"picked":"Rampage"},{"not_picked":["Wild Strike","Dark Embrace"],"picked":"Entrench"},{"not_picked":["Feed","Exhume"],"picked":"Impervious"},{"not_picked":["Warcry","Carnage"],"picked":"Battle Trance"},{"not_picked":["Power Through","Reckless Charge"],"picked":"Ghostly Armor"},{"not_picked":["True Grit","Burning Pact"],"picked":"Shrug It Off"}],"player_experience":670487,"potions_floor_usage":[16,27,33],"damage_taken":[{"damage":6,"enemies":"Cultist","floor":1,"turns":3},{"damage":0,"enemies":"2 Louse","floor":2,"turns":2},{"damage":0,"enemies":"Small Slimes","floor":5,"turns":2},{"damage":1,"enemies":"Exordium Wildlife","floor":12,"turns":2},{"damage":7,"enemies":"Blue Slaver","floor":13,"turns":4},{"damage":29,"enemies":"The Guardian","floor":16,"turns":10},{"damage":0,"enemies":"3 Byrds","floor":18,"turns":3},{"damage":0,"enemies":"Chosen","floor":19,"turns":5},{"damage":14,"enemies":"Centurion and Healer","floor":21,"turns":4},{"damage":15,"enemies":"Chosen and Byrds","floor":22,"turns":4},{"damage":9,"enemies":"Sentry and Sphere","floor":23,"turns":9},{"damage":8,"enemies":"Gremlin Leader","floor":27,"turns":9},{"damage":10,"enemies":"Centurion and Healer","floor":28,"turns":3},{"damage":0,"enemies":"Cultist and Chosen","floor":30,"turns":3},{"damage":2,"enemies":"Snecko","floor":31,"turns":6},{"damage":74,"enemies":"Automaton","floor":33,"turns":12}],"event_choices":[{"event_name":"Liars Game","player_choice":"agreed","floor":7,"damage_taken":0},{"event_name":"Match and Keep!","player_choice":"0 cards matched","floor":14,"damage_taken":0},{"event_name":"Drug Dealer","player_choice":"Ignored","floor":25,"damage_taken":0}],"boss_relics":[{"not_picked":["Orrery","Black Blood"],"picked":"Sozu"}],"potions_floor_spawned":[2,5,13,21,27],"seed_played":"-2796802807657558356","killed_by":"Automaton","ascension_level":0,"is_trial":false}