{"path_per_floor":["M","$","M","T","M","R","?","R","T","E","R","M","R","M","R","B",null,"M","?","M","M","$","R","?","M","T","R","M","M","$","M","R","B",null,"M","M","M","M","M","R","?","M","T","R","$","M","$","M","R","B"],"character_chosen":"IRONCLAD","items_purchased":["Bandage Up","Combust","Pantograph","Rupture","Blood Vial","Flex"],"gold_per_floor":[217,116,133,157,169,169,169,169,169,199,199,212,212,228,228,326,326,341,341,354,372,57,57,57,73,73,73,86,106,68,86,86,191,191,206,218,233,248,268,268,268,281,281,281,60,76,52,63,63,63],"floor_reached":51,"campfire_rested":1,"playtime":1427,"current_hp_per_floor":[80,80,80,80,80,80,80,80,94,70,70,69,69,74,74,38,94,88,69,74,56,56,56,56,61,61,61,66,69,69,73,73,27,99,97,99,49,43,62,62,62,28,28,57,57,64,64,66,66,72],"items_purged":["Strike_R"],"gold":63,"score":680,"play_id":"3b32d771-13ba-43d0-9011-7753cbad797e","local_time":"20180315210831","is_prod":false,"is_daily":false,"is_ascension_mode":false,"campfire_upgraded":7,"timestamp":1521162511,"path_taken":["M","$","M","?","M","R","?","R","T","E","R","?","R","M","R","BOSS","M","?","M","?","$","R","?","M","T","R","M","M","$","M","R","BOSS","M","?","M","?","M","R","?","M","T","R","$","M","$","M","R","BOSS"],"build_version":"2018-03-09","purchased_purges":1,"victory":true,"master_deck":["Defend_R","Defend_R","Defend_R","Defend_R","Bash+1","Bloodletting+1","Bandage Up+1","Whirlwind+1","Reaper","Offering+1","Combust","Rupture","Flex+1","Offering","Exhume","Rupture+1","Offering","Flex+1"],"max_hp_per_floor":[80,80,80,80,80,80,80,80,94,94,94,94,94,94,94,94,94,94,99,99,99,99,99,99,99,99,99,99,99,99,99,99,99,99,99,99,99,99,99,99,99,99,99,99,99,99,99,102,102,102],"relics":["Black Blood","Ancient Tea Set","Mango","Dead Branch","Sozu","Pantograph","Peace Pipe","Champion Belt","Blood Vial"],"card_choices":[{"not_picked":["Clash","Second Wind"],"picked":"Bloodletting"},{"not_picked":["True Grit","Havoc"],"picked":"Whirlwind"},{"not_picked":["Wild Strike","Armaments"],"picked":"Reaper"},{"not_picked":["Exhume","Reaper"],"picked":"Offering"},{"not_picked":["Spot Weakness","Clothesline"],"picked":"Flex"},{"not_picked":["Dark Embrace","Brutality"],"picked":"Offering"},{"not_picked":["Body Slam","Cleave"],"picked":"Exhume"},{"not_picked":["Power Through","Pommel Strike"],"picked":"Rupture"},{"not_picked":["Dropkick","Sentinel"],"picked":"Offering"}],"player_experience":681324,"potions_floor_usage":[16,50,50],"damage_taken":[{"damage":6,"enemies":"Cultist","floor":1,"turns":3},{"damage":0,"enemies":"2 Louse","floor":3,"turns":2},{"damage":2,"enemies":"Small Slimes","floor":5,"turns":5},{"damage":36,"enemies":"Gremlin Nob","floor":10,"turns":6},{"damage":13,"enemies":"Exordium Thugs","floor":12,"turns":2},{"damage":13,"enemies":"Large Slime","floor":14,"turns":3},{"damage":52,"enemies":"The Guardian","floor":16,"turns":6},{"damage":17,"enemies":"Shell Parasite","floor":18,"turns":3},{"damage":13,"enemies":"Chosen","floor":20,"turns":3},{"damage":34,"enemies":"Snecko","floor":21,"turns":4},{"damage":7,"enemies":"Snake Plant","floor":25,"turns":2},{"damage":7,"enemies":"Cultist and Chosen","floor":28,"turns":3},{"damage":19,"enemies":"Centurion and Healer","floor":29,"turns":4},{"damage":14,"enemies":"Snecko","floor":31,"turns":3},{"damage":94,"enemies":"Automaton","floor":33,"turns":8},{"damage":18,"enemies":"3 Darklings","floor":35,"turns":2},{"damage":8,"enemies":"Orb Walker","floor":36,"turns":2},{"damage":73,"enemies":"Maw","floor":37,"turns":5},{"damage":38,"enemies":"Sphere and 2 Shapes","floor":38,"turns":1},{"damage":83,"enemies":"4 Shapes","floor":39,"turns":7},{"damage":56,"enemies":"Maw","floor":42,"turns":5},{"damage":11,"enemies":"3 Darklings","floor":46,"turns":1},{"damage":19,"enemies":"4 Shapes","floor":48,"turns":1},{"damage":63,"enemies":"Awakened One","floor":50,"turns":3}],"event_choices":[{"event_name":"Living Wall","player_choice":"Forget","floor":7,"damage_taken":0},{"event_name":"Forgotten Altar","player_choice":"Shed Blood","floor":19,"damage_taken":0},{"event_name":"Beggar","player_choice":"Ignored","floor":24,"damage_taken":0},{"event_name":"Mysterious Sphere","player_choice":"Ignore","floor":41,"damage_taken":0}],"boss_relics":[{"not_picked":["White Beast Statue","Calling Bell"],"picked":"Sozu"},{"not_picked":["Pandora\u0027s Box","Runic Dome"],"picked":"Black Blood"}],"potions_floor_spawned":[1,5,10,12,14,20,21,31,33,35,36,42,48],"seed_played":"7654250607784712102","ascension_level":0,"is_trial":false}