{"path_per_floor":["M","$","?","?","$","R","M","M","T","M","E","M","R","M","R","B",null,"M","M","$","M","$","R","?","M","T","R","E","M","R","M","R","B",null,"M","?","M","$","M","R","M","R","T","?","M","M","M","?","R"],"character_chosen":"IRONCLAD","items_purchased":["Perfected Strike","Clash","Seeing Red","Tiny Chest","Lantern"],"gold_per_floor":[364,266,266,266,143,143,162,174,174,184,217,230,230,241,241,346,346,356,373,305,325,86,86,86,98,98,98,131,144,144,162,162,257,257,267,267,277,128,145,145,158,158,158,158,171,188,207,207,207],"floor_reached":50,"campfire_rested":0,"playtime":1786,"current_hp_per_floor":[72,72,72,72,72,72,72,72,72,67,71,72,72,72,72,31,72,72,72,72,68,68,68,55,60,60,60,69,69,69,77,77,13,77,77,77,77,77,77,77,65,65,65,65,55,56,50,69,69],"items_purged":["Defend_R","Defend_R","Clash"],"gold":207,"score":519,"play_id":"0d850077-35ed-44fa-a369-eff18ccbc8c9","local_time":"20180314132657","is_prod":false,"is_daily":false,"is_ascension_mode":false,"campfire_upgraded":10,"timestamp":1521048417,"path_taken":["M","$","?","?","?","R","M","M","T","?","E","M","R","M","R","BOSS","M","M","$","M","$","R","?","M","T","R","E","M","R","M","R","BOSS","M","?","M","$","M","R","?","R","T","?","M","M","?","?","R","BOSS"],"build_version":"2018-03-09","purchased_purges":3,"victory":false,"master_deck":["Strike_R","Strike_R","Strike_R","Strike_R","Strike_R","Defend_R","Defend_R","Bash+1","Flex+1","Perfected Strike+1","Wild Strike","Perfected Strike+1","Whirlwind+1","Immolate","Pommel Strike+1","Twin Strike","Ghostly Armor","Perfected Strike+1","Battle Trance+1","Perfected Strike+1","Seeing Red+1","Ghostly Armor+1","Twin Strike","Burning Pact+1","Double Tap+1","Armaments+1","Battle Trance+1","Writhe"],"max_hp_per_floor":[72,72,72,72,72,72,72,72,72,72,72,72,72,72,72,72,72,72,72,72,72,72,72,77,77,77,77,77,77,77,77,77,77,77,77,77,77,77,77,77,77,77,77,77,77,77,77,77,77],"relics":["Burning Blood","Orichalcum","Magic Flower","Orrery","Tiny Chest","Bird Faced Urn","Ancient Tea Set","Runic Dome","Lantern","Sundial"],"card_choices":[{"not_picked":["Entrench","Armaments"],"picked":"Flex"},{"not_picked":["Flex","Headbutt"],"picked":"Wild Strike"},{"not_picked":["Reckless Charge","Heavy Blade"],"picked":"Perfected Strike"},{"not_picked":["Havoc","Armaments"],"picked":"Whirlwind"},{"not_picked":["Bludgeon","Brutality"],"picked":"Immolate"},{"not_picked":["Shrug It Off","Twin Strike"],"picked":"Pommel Strike"},{"not_picked":["Clothesline","Headbutt"],"picked":"Twin Strike"},{"not_picked":["Rupture","Blood for Blood"],"picked":"Ghostly Armor"},{"not_picked":["Pommel Strike","Shrug It Off"],"picked":"Perfected Strike"},{"not_picked":["Evolve","Entrench"],"picked":"Battle Trance"},{"not_picked":["Uppercut","Rage"],"picked":"Perfected Strike"},{"not_picked":["Reckless Charge","Whirlwind"],"picked":"Shrug It Off"},{"not_picked":["Thunderclap","Havoc"],"picked":"Ghostly Armor"},{"not_picked":["Heavy Blade","Evolve"],"picked":"Twin Strike"},{"not_picked":["Sentinel","Rampage"],"picked":"Burning Pact"},{"not_picked":["Bludgeon","Berserk"],"picked":"Double Tap"},{"not_picked":["Sever Soul","Dark Embrace"],"picked":"Armaments"},{"not_picked":["Headbutt","Warcry"],"picked":"Battle Trance"}],"player_experience":668701,"potions_floor_usage":[33,33,45,50,50,50],"damage_taken":[{"damage":6,"enemies":"Jaw Worm","floor":1,"turns":3},{"damage":0,"enemies":"Cultist","floor":7,"turns":2},{"damage":0,"enemies":"2 Louse","floor":8,"turns":1},{"damage":11,"enemies":"Lots of Slimes","floor":10,"turns":3},{"damage":2,"enemies":"3 Sentries","floor":11,"turns":5},{"damage":0,"enemies":"Blue Slaver","floor":12,"turns":1},{"damage":5,"enemies":"Exordium Wildlife","floor":14,"turns":2},{"damage":50,"enemies":"Hexaghost","floor":16,"turns":8},{"damage":0,"enemies":"Chosen","floor":18,"turns":2},{"damage":8,"enemies":"2 Thieves","floor":19,"turns":3},{"damage":13,"enemies":"Chosen and Byrds","floor":21,"turns":5},{"damage":4,"enemies":"Sentry and Sphere","floor":25,"turns":3},{"damage":0,"enemies":"Slavers","floor":28,"turns":1},{"damage":9,"enemies":"Snecko","floor":29,"turns":3},{"damage":0,"enemies":"3 Cultists","floor":31,"turns":3},{"damage":73,"enemies":"Automaton","floor":33,"turns":9},{"damage":5,"enemies":"3 Shapes","floor":35,"turns":3},{"damage":0,"enemies":"Orb Walker","floor":37,"turns":2},{"damage":4,"enemies":"Sphere and 2 Shapes","floor":39,"turns":4},{"damage":21,"enemies":"3 Darklings","floor":41,"turns":5},{"damage":19,"enemies":"Maw","floor":45,"turns":4},{"damage":8,"enemies":"Sphere and 2 Shapes","floor":46,"turns":2},{"damage":15,"enemies":"4 Shapes","floor":47,"turns":4},{"damage":76,"enemies":"Awakened One","floor":50,"turns":6}],"event_choices":[{"event_name":"Accursed Blacksmith","player_choice":"Forge","floor":3,"damage_taken":0},{"event_name":"Upgrade Shrine","player_choice":"Upgraded","floor":4,"damage_taken":0},{"event_name":"Forgotten Altar","player_choice":"Shed Blood","floor":24,"damage_taken":0},{"event_name":"The Lab","player_choice":"Got Potions","floor":36,"damage_taken":0},{"event_name":"Winding Halls","player_choice":"Writhe","floor":48,"damage_taken":0}],"boss_relics":[{"not_picked":["Pandora\u0027s Box","Astrolabe"],"picked":"Orrery"},{"not_picked":["Runic Pyramid","Tiny House"],"picked":"Runic Dome"}],"potions_floor_spawned":[1,8,11,14,16,21,28,31,37,41,46],"seed_played":"7206196012630599233","killed_by":"Awakened One","ascension_level":0,"is_trial":false}