{"path_per_floor":["M","$","?","?","?","R","E","R","T","M","$","?","$","E","R","B",null,"M","$","M","$","?","E","M","R","T","M","R","?","?","M","R","B",null,"M","$","?","$","M","R","M","R","T","M","?","M","?","M","R","B"],"character_chosen":"IRONCLAD","items_purchased":["Power Through","Metallicize","Power Through","Feel No Pain","Ice Cream","Evolve","Power Through","Sever Soul"],"gold_per_floor":[117,1,1,62,62,62,105,105,151,171,55,305,170,208,208,338,338,356,65,84,13,13,47,70,70,139,152,152,152,152,176,176,305,305,323,119,119,43,59,59,80,80,131,151,0,14,14,27,27,27],"floor_reached":51,"campfire_rested":4,"playtime":47435,"current_hp_per_floor":[80,80,60,60,60,60,56,56,56,62,62,62,62,42,67,30,86,75,75,71,71,71,33,41,41,43,27,55,55,55,62,90,87,98,68,68,93,93,83,83,88,88,90,64,64,62,62,43,76,47],"items_purged":["Regret","Regret","Strike_R"],"gold":27,"score":696,"play_id":"3ce6a1a5-0e90-4b87-bc4e-47eac9467055","local_time":"20180331075647","is_prod":false,"is_daily":false,"is_ascension_mode":false,"campfire_upgraded":5,"timestamp":1522497407,"path_taken":["M","?","?","?","?","R","E","R","T","M","$","?","$","E","R","BOSS","M","$","M","?","?","E","M","R","T","M","R","?","?","M","R","BOSS","M","$","?","?","M","R","M","R","T","M","?","M","?","M","R","BOSS"],"build_version":"2018-03-29v2","purchased_purges":3,"victory":true,"master_deck":["Strike_R","Strike_R","Strike_R","Defend_R","Defend_R","Defend_R","Defend_R","Bash+1","Immolate+1","Power Through","Metallicize+1","Power Through","Feel No Pain+1","Demon Form+1","Wild Strike","Evolve+1","Injury","Wild Strike","Power Through","Writhe","Sever Soul","Pain"],"max_hp_per_floor":[80,80,80,80,80,80,82,82,82,84,84,84,84,86,86,86,86,86,86,88,88,88,90,92,92,94,94,94,94,94,96,96,98,98,100,100,100,100,102,102,104,104,106,108,108,110,110,112,112,112],"relics":["Burning Blood","Golden Idol","Singing Bowl","Juzu Bracelet","Prayer Wheel","Charon\u0027s Ashes","Cursed Key","Ice Cream","Lantern","Bottled Lightning","Blue Candle","Sozu","Bag of Marbles","Red Mask"],"card_choices":[{"not_picked":["Exhume","Bludgeon"],"picked":"Demon Form","floor":16.0},{"not_picked":["Inflame","Shrug It Off"],"picked":"Wild Strike","floor":18.0},{"not_picked":["Flex","Carnage"],"picked":"Wild Strike","floor":27.0}],"player_experience":779039,"potions_floor_usage":[50,50],"damage_taken":[{"damage":6.0,"enemies":"Cultist","floor":1.0,"turns":3.0},{"damage":12.0,"enemies":"Gremlin Nob","floor":7.0,"turns":5.0},{"damage":2.0,"enemies":"Small Slimes","floor":10.0,"turns":4.0},{"damage":28.0,"enemies":"3 Sentries","floor":14.0,"turns":13.0},{"damage":43.0,"enemies":"The Guardian","floor":16.0,"turns":17.0},{"damage":17.0,"enemies":"Spheric Guardian","floor":18.0,"turns":6.0},{"damage":12.0,"enemies":"Shell Parasite","floor":20.0,"turns":5.0},{"damage":46.0,"enemies":"Slavers","floor":23.0,"turns":6.0},{"damage":0.0,"enemies":"Centurion and Healer","floor":24.0,"turns":6.0},{"damage":22.0,"enemies":"Cultist and Chosen","floor":27.0,"turns":5.0},{"damage":1.0,"enemies":"Chosen and Byrds","floor":31.0,"turns":5.0},{"damage":11.0,"enemies":"Champ","floor":33.0,"turns":8.0},{"damage":38.0,"enemies":"3 Darklings","floor":35.0,"turns":5.0},{"damage":18,"enemies":"3 Shapes","floor":39,"turns":4},{"damage":3,"enemies":"Maw","floor":41,"turns":7},{"damage":34,"enemies":"3 Darklings","floor":44,"turns":5},{"damage":10,"enemies":"Sphere and 2 Shapes","floor":46,"turns":5},{"damage":27,"enemies":"Maw","floor":48,"turns":7},{"damage":35,"enemies":"Awakened One","floor":50,"turns":10}],"event_choices":[{"event_name":"Golden Idol","player_choice":"Take Damage","floor":3.0,"damage_taken":0.0},{"event_name":"Golden Wing","player_choice":"Gained Gold","floor":4.0,"damage_taken":0.0},{"event_name":"Big Fish","player_choice":"Box","floor":5.0,"damage_taken":0.0},{"event_name":"Golden Shrine","player_choice":"Desecrate","floor":12.0,"damage_taken":0.0},{"event_name":"The Lab","player_choice":"Got Potions","floor":22.0,"damage_taken":0.0},{"event_name":"Accursed Blacksmith","player_choice":"Forge","floor":29.0,"damage_taken":0.0},{"event_name":"The Mausoleum","player_choice":"Yes","floor":30.0,"damage_taken":0.0},{"event_name":"Winding Halls","player_choice":"Writhe","floor":37.0,"damage_taken":0.0},{"event_name":"Tomb of Lord Red Mask","player_choice":"Paid","floor":45,"damage_taken":0}],"boss_relics":[],"potions_floor_spawned":[10,14,24,31,41],"seed_played":"-2681296217888801189","ascension_level":0,"is_trial":false}