{"path_per_floor":["M","$","M","M","?","R","M","R","T","$","E","?","R","M","R","B",null,"M","$","?","?","$","E","M","R","T","M"],"character_chosen":"IRONCLAD","items_purchased":["Seeing Red"],"gold_per_floor":[114,114,133,145,145,145,155,155,155,80,105,105,105,122,122,218,218,237,237,237,237,66,94,106,106,106,123,123],"floor_reached":28,"campfire_rested":0,"playtime":800,"current_hp_per_floor":[80,80,80,80,80,80,80,80,80,80,69,69,69,75,75,65,80,76,76,76,76,76,37,31,31,31,7,0],"items_purged":["Defend_R","Defend_R"],"gold":123,"score":236,"play_id":"f05297da-e12b-4bbf-815a-4b68c1b43e09","local_time":"20180328233111","is_prod":false,"is_daily":false,"is_ascension_mode":false,"campfire_upgraded":5,"timestamp":1522294271,"path_taken":["M","$","M","?","?","R","M","R","T","$","E","?","R","M","R","BOSS","M","$","?","?","$","E","M","R","T","M","M"],"build_version":"2018-03-22v2","purchased_purges":4,"victory":false,"master_deck":["Strike_R","Strike_R","Strike_R","Strike_R","Strike_R","Bash+1","Exhume+1","Flex+1","Clash+1","Pommel Strike+1","Seeing Red","Pommel Strike+1"],"max_hp_per_floor":[80,80,80,80,80,80,80,80,80,80,80,80,80,80,80,80,80,80,80,80,80,80,80,80,80,80,80,80],"relics":["Burning Blood","Champion Belt","War Paint","Sozu","Oddly Smooth Stone","Omamori"],"card_choices":[{"not_picked":["Sword Boomerang","Blood for Blood"],"picked":"Flex","floor":1.0},{"not_picked":["Iron Wave","Body Slam"],"picked":"Clash","floor":4.0},{"not_picked":["Searing Blow","Headbutt"],"picked":"Pommel Strike","floor":18.0},{"not_picked":["Hemokinesis","Iron Wave"],"picked":"Pommel Strike","floor":24}],"player_experience":769039,"potions_floor_usage":[],"damage_taken":[{"damage":6.0,"enemies":"Cultist","floor":1.0,"turns":3.0},{"damage":6.0,"enemies":"Jaw Worm","floor":3.0,"turns":2.0},{"damage":5.0,"enemies":"Small Slimes","floor":4.0,"turns":4.0},{"damage":6.0,"enemies":"Red Slaver","floor":7.0,"turns":3.0},{"damage":17.0,"enemies":"3 Sentries","floor":11.0,"turns":7.0},{"damage":0.0,"enemies":"Large Slime","floor":14.0,"turns":2.0},{"damage":16.0,"enemies":"Slime Boss","floor":16.0,"turns":7.0},{"damage":10.0,"enemies":"3 Byrds","floor":18.0,"turns":4.0},{"damage":45,"enemies":"Book of Stabbing","floor":23,"turns":4},{"damage":12,"enemies":"Shell Parasite","floor":24,"turns":2},{"damage":30,"enemies":"Sentry and Sphere","floor":27,"turns":4},{"damage":12,"enemies":"Centurion and Healer","floor":28,"turns":1}],"event_choices":[{"event_name":"The Woman in Blue","player_choice":"Bought 0 Potions","floor":5.0,"damage_taken":0.0},{"event_name":"Bonfire Elementals","player_choice":"BASIC","floor":12.0,"damage_taken":0.0},{"event_name":"Addict","player_choice":"Ignored","floor":20,"damage_taken":0},{"event_name":"Back to Basics","player_choice":"Elegance","floor":21,"damage_taken":0}],"boss_relics":[],"potions_floor_spawned":[4,7,11,23,24],"seed_played":"1104428639564827298","killed_by":"Centurion and Healer","ascension_level":0,"is_trial":false}