{"path_per_floor":["M","$","?","M","M","R","E","M","T","?","$","R","?","M","R","B",null,"M","$","M","M","M","R","M","R","T","?","$","M","?","M","R"],"character_chosen":"IRONCLAD","items_purchased":["Orichalcum","Pommel Strike"],"gold_per_floor":[119,44,44,56,76,76,106,119,119,119,19,19,19,35,35,163,163,187,36,51,69,93,93,107,107,107,107,61,79,79,104,104,104],"floor_reached":33,"campfire_rested":1,"playtime":1164,"current_hp_per_floor":[79,79,79,80,78,78,53,53,53,53,53,53,33,39,63,13,80,80,80,80,80,77,77,79,79,79,79,79,80,80,72,72,0],"items_purged":["Defend_R","Defend_R"],"gold":104,"score":249,"play_id":"e9629425-be47-4106-b028-63740304c925","local_time":"20180405223405","is_prod":false,"is_daily":false,"is_ascension_mode":false,"campfire_upgraded":5,"timestamp":1522982045,"path_taken":["M","$","?","?","M","R","E","M","T","?","$","R","?","?","R","BOSS","M","$","M","M","M","R","M","R","T","?","$","M","?","M","R","BOSS"],"build_version":"2018-04-05","purchased_purges":2,"victory":false,"master_deck":["Strike_R","Strike_R","Strike_R","Strike_R","Strike_R","Defend_R","Defend_R","Bash+1","Clash","Pommel Strike+1","Battle Trance+1","Offering+1","Clash","Clash","Pommel Strike","Flex+1"],"max_hp_per_floor":[80,80,80,80,80,80,80,80,80,80,80,80,80,80,80,80,80,80,80,80,80,80,80,80,80,80,80,80,80,80,80,80,80],"relics":["Burning Blood","Vajra","Darkstone Periapt","Thread and Needle","Golden Idol","Philosopher\u0027s Stone","Orichalcum","Mummified Hand"],"card_choices":[{"not_picked":["Thunderclap","Sword Boomerang"],"picked":"Clash","floor":7.0},{"not_picked":["Clothesline","Feel No Pain"],"picked":"Battle Trance","floor":14.0},{"not_picked":["Berserk","Juggernaut"],"picked":"Offering","floor":16.0},{"not_picked":["Clothesline","Entrench"],"picked":"Clash","floor":18.0},{"not_picked":["Battle Trance","Clothesline"],"picked":"Clash","floor":24.0}],"player_experience":845514,"potions_floor_usage":[29,29,33],"damage_taken":[{"damage":7.0,"enemies":"Small Slimes","floor":1.0,"turns":3.0},{"damage":1.0,"enemies":"Cultist","floor":4.0,"turns":3.0},{"damage":8.0,"enemies":"Jaw Worm","floor":5.0,"turns":4.0},{"damage":31.0,"enemies":"Lagavulin","floor":7.0,"turns":5.0},{"damage":6.0,"enemies":"Gremlin Gang","floor":8.0,"turns":6.0},{"damage":0.0,"enemies":"Large Slime","floor":14.0,"turns":2.0},{"damage":56.0,"enemies":"The Guardian","floor":16.0,"turns":8.0},{"damage":4.0,"enemies":"2 Thieves","floor":18.0,"turns":3.0},{"damage":4.0,"enemies":"Spheric Guardian","floor":20.0,"turns":2.0},{"damage":4.0,"enemies":"Chosen and Byrds","floor":21.0,"turns":3.0},{"damage":9.0,"enemies":"3 Cultists","floor":22.0,"turns":4.0},{"damage":4.0,"enemies":"Cultist and Chosen","floor":24.0,"turns":2.0},{"damage":4,"enemies":"Snake Plant","floor":29,"turns":2},{"damage":14,"enemies":"Snecko","floor":31,"turns":4},{"damage":80,"enemies":"Automaton","floor":33,"turns":6}],"event_choices":[{"event_name":"The Lab","player_choice":"Got Potions","floor":3.0,"damage_taken":0.0},{"event_name":"Match and Keep!","player_choice":"1 cards matched","floor":10.0,"damage_taken":0.0},{"event_name":"Golden Idol","player_choice":"Take Damage","floor":13.0,"damage_taken":0.0},{"event_name":"Addict","player_choice":"Ignored","floor":27,"damage_taken":0},{"event_name":"The Library","player_choice":"Read","floor":30,"damage_taken":0}],"boss_relics":[],"potions_floor_spawned":[5,8,16,18,22,24],"seed_played":"-7782722823352413882","killed_by":"Automaton","ascension_level":0,"is_trial":false}