{"path_per_floor":["M","M","$","M","$","R","?","R","T","R","M","R","?","M","R","B",null,"M","?","?","?","M","R","?","M","T","$","R","?","R","M","R","B",null,"M","M","$","?","M","R","M","R","T","$","R","?","$","M","R","B"],"character_chosen":"IRONCLAD","items_purchased":["Whirlwind","Offering"],"gold_per_floor":[118,131,58,77,2,2,2,2,25,25,41,41,64,81,81,177,177,191,191,191,191,202,202,202,216,241,141,141,141,141,156,156,258,258,271,285,160,160,172,172,183,183,183,23,23,23,23,41,41,41],"floor_reached":51,"campfire_rested":0,"playtime":1431,"current_hp_per_floor":[80,77,77,77,77,77,77,77,77,77,80,80,73,79,79,30,80,66,66,66,66,72,72,72,76,76,76,76,76,76,63,63,15,80,79,79,79,79,80,80,80,80,80,80,80,80,80,80,80,33],"items_purged":["Strike_R","Strike_R","Strike_R"],"gold":41,"score":758,"play_id":"d2c57470-d477-4e5a-bf2d-1ad813b93b1f","local_time":"20180329221647","is_prod":false,"is_daily":false,"is_ascension_mode":false,"campfire_upgraded":13,"timestamp":1522376207,"path_taken":["M","M","$","M","$","R","?","R","T","R","M","R","?","?","R","BOSS","M","?","?","?","M","R","?","M","T","$","R","?","R","?","R","BOSS","M","M","?","?","?","R","M","R","T","$","R","?","$","M","R","BOSS"],"build_version":"2018-03-22v2","purchased_purges":5,"victory":true,"master_deck":["Defend_R+1","Defend_R+1","Defend_R+1","Defend_R+1","Bash+1","Ghostly Armor+1","Body Slam+1","Whirlwind+1","Impervious+1","Flame Barrier+1","Demon Form+1","Battle Trance+1","Heavy Blade+1","Offering+1"],"max_hp_per_floor":[80,80,80,80,80,80,80,80,80,80,80,80,80,80,80,80,80,80,80,80,80,80,80,80,80,80,80,80,80,80,80,80,80,80,80,80,80,80,80,80,80,80,80,80,80,80,80,80,80,80],"relics":["Burning Blood","Bag of Marbles","Odd Mushroom","Orrery","Ginger","Pen Nib","Runic Dome","Charon\u0027s Ashes"],"card_choices":[{"not_picked":["Berserk","Sword Boomerang"],"picked":"Ghostly Armor","floor":1.0},{"not_picked":["Heavy Blade","Twin Strike"],"picked":"Body Slam","floor":2.0},{"not_picked":["Immolate","Dark Embrace"],"picked":"Impervious","floor":16.0},{"not_picked":["Second Wind","Spot Weakness"],"picked":"Flame Barrier","floor":17.0},{"not_picked":["Warcry","Sentinel"],"picked":"Demon Form","floor":22.0},{"not_picked":["Headbutt","Intimidate"],"picked":"Battle Trance","floor":36.0},{"not_picked":["Headbutt","Clothesline"],"picked":"Heavy Blade","floor":39.0}],"player_experience":773975,"potions_floor_usage":[50,50,50],"damage_taken":[{"damage":4.0,"enemies":"Jaw Worm","floor":1.0,"turns":5.0},{"damage":9.0,"enemies":"2 Louse","floor":2.0,"turns":4.0},{"damage":6.0,"enemies":"Cultist","floor":4.0,"turns":3.0},{"damage":2.0,"enemies":"3 Louse","floor":11.0,"turns":2.0},{"damage":13.0,"enemies":"The Mushroom Lair","floor":13.0,"turns":3.0},{"damage":0.0,"enemies":"Exordium Wildlife","floor":14.0,"turns":5.0},{"damage":55.0,"enemies":"The Guardian","floor":16.0,"turns":10.0},{"damage":20.0,"enemies":"2 Thieves","floor":18.0,"turns":4.0},{"damage":0.0,"enemies":"3 Byrds","floor":22.0,"turns":5.0},{"damage":2.0,"enemies":"Snecko","floor":25.0,"turns":4.0},{"damage":19.0,"enemies":"Slaver and Parasite","floor":31.0,"turns":6.0},{"damage":54.0,"enemies":"Collector","floor":33.0,"turns":17.0},{"damage":7.0,"enemies":"Orb Walker","floor":35.0,"turns":3.0},{"damage":6.0,"enemies":"3 Darklings","floor":36.0,"turns":5.0},{"damage":0.0,"enemies":"Maw","floor":39.0,"turns":6.0},{"damage":0.0,"enemies":"Sphere and 2 Shapes","floor":41.0,"turns":1.0},{"damage":4,"enemies":"4 Shapes","floor":48,"turns":2},{"damage":53,"enemies":"Awakened One","floor":50,"turns":7}],"event_choices":[{"event_name":"The Cleric","player_choice":"Leave","floor":7.0,"damage_taken":0.0},{"event_name":"Mushrooms","player_choice":"Fought Mushrooms","floor":13.0,"damage_taken":0.0},{"event_name":"Purifier","player_choice":"One Purge","floor":19.0,"damage_taken":0.0},{"event_name":"The Mausoleum","player_choice":"Yes","floor":20.0,"damage_taken":0.0},{"event_name":"Drug Dealer","player_choice":"Ignored","floor":21.0,"damage_taken":0.0},{"event_name":"Upgrade Shrine","player_choice":"Upgraded","floor":24.0,"damage_taken":0.0},{"event_name":"Vampires","player_choice":"Ignored","floor":29.0,"damage_taken":0.0},{"event_name":"Purifier","player_choice":"One Purge","floor":46,"damage_taken":0}],"boss_relics":[],"potions_floor_spawned":[1,2,4,16,18,33,36,41],"seed_played":"-3094106702117142516","ascension_level":0,"is_trial":false}