{"path_per_floor":["M","M","M","M","M","R","?","?","T","R","$","E","R","M","R","B",null,"M","?","?","M","M","E","$","?","T","R","M","E","M","M","R","B",null,"M","$","M","$","?","R","M","$","T","R","M","R","?","M","R","B"],"character_chosen":"IRONCLAD","items_purchased":["Molten Egg 2","Whirlwind","Thread and Needle","Vajra"],"gold_per_floor":[111,125,141,154,165,165,340,340,393,393,74,109,109,122,122,227,227,244,294,294,310,326,361,53,53,79,79,93,122,138,148,148,247,247,260,39,50,50,102,102,116,16,16,16,32,32,0,14,14,14],"floor_reached":51,"campfire_rested":1,"playtime":1006,"current_hp_per_floor":[80,79,80,72,48,48,48,32,32,56,56,38,38,46,46,22,84,86,86,86,78,74,62,62,62,62,62,66,63,71,75,75,64,102,104,104,99,99,97,97,99,99,99,99,103,103,103,103,103,96],"items_purged":["Strike_R","Strike_R"],"gold":14,"score":739,"play_id":"fe0daf3c-9677-4ab2-b4cb-56b51181ad2d","local_time":"20180328234834","is_prod":false,"is_daily":false,"is_ascension_mode":false,"campfire_upgraded":9,"timestamp":1522295314,"path_taken":["M","M","?","M","M","R","?","?","T","R","$","E","R","M","R","BOSS","M","?","?","M","M","E","$","?","T","R","M","E","M","M","R","BOSS","M","$","M","$","?","R","?","?","T","R","M","R","?","M","R","BOSS"],"build_version":"2018-03-22v2","purchased_purges":4,"victory":true,"master_deck":["Strike_R+1","Strike_R","Defend_R+1","Defend_R+1","Defend_R+1","Defend_R+1","Bash+1","Flex+1","Limit Break+1","Flex+1","Whirlwind+1","Offering+1","Offering+1"],"max_hp_per_floor":[80,80,80,80,80,80,80,80,80,80,80,82,82,84,84,84,84,86,86,86,88,90,92,92,92,92,92,94,96,98,100,100,102,102,104,104,106,106,108,108,108,108,108,108,110,110,110,112,112,112],"relics":["Burning Blood","Omamori","Singing Bowl","Molten Egg 2","Ice Cream","Philosopher\u0027s Stone","Charon\u0027s Ashes","Thread and Needle","Oddly Smooth Stone","Lantern","Sozu","Vajra","Dead Branch","Ginger","Red Mask"],"card_choices":[{"not_picked":["True Grit","Rupture"],"picked":"Flex","floor":1.0},{"not_picked":["Dropkick","Pummel"],"picked":"Limit Break","floor":4.0},{"not_picked":["Dropkick","Armaments"],"picked":"Flex","floor":5.0},{"not_picked":["Bludgeon","Brutality"],"picked":"Offering","floor":16},{"not_picked":["Clothesline","Entrench"],"picked":"Offering","floor":41}],"player_experience":769839,"potions_floor_usage":[23,23,29,50,50,50],"damage_taken":[{"damage":6.0,"enemies":"Cultist","floor":1.0,"turns":4.0},{"damage":7.0,"enemies":"Small Slimes","floor":2.0,"turns":4.0},{"damage":1.0,"enemies":"2 Louse","floor":3.0,"turns":2.0},{"damage":14.0,"enemies":"Blue Slaver","floor":4.0,"turns":5.0},{"damage":30.0,"enemies":"Red Slaver","floor":5.0,"turns":6.0},{"damage":26,"enemies":"Lagavulin","floor":12,"turns":6},{"damage":0,"enemies":"Exordium Thugs","floor":14,"turns":2},{"damage":30,"enemies":"The Guardian","floor":16,"turns":6},{"damage":4,"enemies":"Chosen","floor":18,"turns":3},{"damage":16,"enemies":"Spheric Guardian","floor":21,"turns":3},{"damage":12,"enemies":"Cultist and Chosen","floor":22,"turns":3},{"damage":23,"enemies":"Slavers","floor":23,"turns":2},{"damage":4,"enemies":"Centurion and Healer","floor":28,"turns":3},{"damage":17,"enemies":"Book of Stabbing","floor":29,"turns":3},{"damage":0,"enemies":"3 Cultists","floor":30,"turns":1},{"damage":4,"enemies":"Slaver and Parasite","floor":31,"turns":1},{"damage":19,"enemies":"Collector","floor":33,"turns":3},{"damage":0,"enemies":"3 Darklings","floor":35,"turns":1},{"damage":13,"enemies":"3 Shapes","floor":37,"turns":2},{"damage":10,"enemies":"Mysterious Sphere","floor":39,"turns":1},{"damage":4,"enemies":"Sphere and 2 Shapes","floor":41,"turns":1},{"damage":4,"enemies":"3 Darklings","floor":45,"turns":1},{"damage":8,"enemies":"Maw","floor":48,"turns":2},{"damage":25,"enemies":"Donu and Deca","floor":50,"turns":4}],"event_choices":[{"event_name":"Liars Game","player_choice":"agreed","floor":7.0,"damage_taken":0.0},{"event_name":"Shining Light","player_choice":"Entered Light","floor":8.0,"damage_taken":0.0},{"event_name":"The Joust","player_choice":"Bet on Murderer","floor":19,"damage_taken":0},{"event_name":"Vampires","player_choice":"Ignored","floor":20,"damage_taken":0},{"event_name":"Back to Basics","player_choice":"Elegance","floor":25,"damage_taken":0},{"event_name":"Mysterious Sphere","player_choice":"Fight","floor":39,"damage_taken":0},{"event_name":"Tomb of Lord Red Mask","player_choice":"Paid","floor":47,"damage_taken":0}],"boss_relics":[{"not_picked":["Black Blood","Eternal Feather"],"picked":"Philosopher\u0027s Stone"},{"not_picked":["White Beast Statue","Calling Bell"],"picked":"Sozu"}],"potions_floor_spawned":[2,3,12,14,22,23,28,31,35,48],"seed_played":"-6349598111612288810","ascension_level":0,"is_trial":false}