{"path_per_floor":["M","?","?","?","T","E","R","$","T","M","E","M","M","?","R","B",null,"M","?","?","$","M","R","M","?","T","R","M","M","R","$","R"],"character_chosen":"IRONCLAD","items_purchased":["Flex","Omamori","Offering"],"gold_per_floor":[119,119,119,119,149,184,184,55,55,74,114,135,158,158,158,279,279,293,293,293,88,103,103,117,117,140,140,156,172,172,50,50,50],"floor_reached":33,"campfire_rested":2,"playtime":961,"current_hp_per_floor":[80,80,80,60,60,63,63,63,63,71,48,53,45,33,73,13,88,59,59,59,59,45,45,37,37,37,37,25,16,51,51,51,0],"items_purged":["Regret","Defend_R","Defend_R"],"gold":50,"score":304,"play_id":"e0db96ab-f68f-4278-9dfc-b4183ffe25fc","local_time":"20180329215212","is_prod":false,"is_daily":false,"is_ascension_mode":false,"campfire_upgraded":4,"timestamp":1522374732,"path_taken":["M","?","?","?","?","E","R","$","T","?","E","M","M","?","R","BOSS","M","?","?","$","M","R","M","?","T","R","M","M","R","$","R","BOSS"],"build_version":"2018-03-22v2","purchased_purges":4,"victory":false,"master_deck":["Defend_R","Bash+1","Clash+1","Heavy Blade+1","Flex+1","Whirlwind+1","Pommel Strike","Bite","Bite","Bite","Bite","Bite","Offering"],"max_hp_per_floor":[80,80,80,80,80,80,80,80,80,82,84,86,86,86,86,88,88,90,90,90,90,92,92,94,65,65,65,67,69,69,69,69,69],"relics":["Black Blood","NeowsBlessing","Singing Bowl","Golden Idol","Tiny Chest","Unceasing Top","Bottled Flame","Smiling Mask","Regal Pillow","Omamori","Pen Nib"],"card_choices":[{"not_picked":["Armaments","Thunderclap"],"picked":"Clash","floor":1.0},{"not_picked":["Evolve","Clothesline"],"picked":"Heavy Blade","floor":6.0},{"not_picked":["True Grit","Flame Barrier"],"picked":"Whirlwind","floor":13.0}],"player_experience":773014,"potions_floor_usage":[29,33],"damage_taken":[{"damage":0.0,"enemies":"2 Louse","floor":1.0,"turns":1.0},{"damage":3.0,"enemies":"3 Sentries","floor":6.0,"turns":2.0},{"damage":0.0,"enemies":"Jaw Worm","floor":10.0,"turns":1.0},{"damage":31.0,"enemies":"Lagavulin","floor":11.0,"turns":4.0},{"damage":3.0,"enemies":"Small Slimes","floor":12.0,"turns":2.0},{"damage":14.0,"enemies":"Exordium Wildlife","floor":13.0,"turns":4.0},{"damage":68.0,"enemies":"The Guardian","floor":16.0,"turns":12.0},{"damage":41.0,"enemies":"Spheric Guardian","floor":18.0,"turns":6.0},{"damage":26.0,"enemies":"2 Thieves","floor":22.0,"turns":4.0},{"damage":20.0,"enemies":"Cultist and Chosen","floor":24.0,"turns":5.0},{"damage":50.0,"enemies":"Slaver and Parasite","floor":28.0,"turns":5.0},{"damage":27,"enemies":"Centurion and Healer","floor":29,"turns":4},{"damage":57,"enemies":"Collector","floor":33,"turns":5}],"event_choices":[{"event_name":"Big Fish","player_choice":"Box","floor":2.0,"damage_taken":0.0},{"event_name":"Upgrade Shrine","player_choice":"Upgraded","floor":3.0,"damage_taken":0.0},{"event_name":"Golden Idol","player_choice":"Take Damage","floor":4.0,"damage_taken":0.0},{"event_name":"Scrap Ooze","player_choice":"success","floor":14.0,"damage_taken":12.0},{"event_name":"The Library","player_choice":"Read","floor":19.0,"damage_taken":0.0},{"event_name":"Bonfire Elementals","player_choice":"BASIC","floor":20.0,"damage_taken":0.0},{"event_name":"Vampires","player_choice":"Became a vampire","floor":25.0,"damage_taken":0.0}],"boss_relics":[],"potions_floor_spawned":[1,12,18,22],"seed_played":"-8494631252527825871","killed_by":"Collector","ascension_level":0,"is_trial":false}