{"path_per_floor":["M","M","$","?","M","?","M","M","T","M","$","M","M","M","R","B",null,"M","?","?","M","$","R","M","R","T","?","?","M","?","M","R"],"character_chosen":"IRONCLAD","items_purchased":["Singing Bowl","Metallicize","Flame Barrier"],"gold_per_floor":[213,225,44,44,59,59,76,94,94,104,35,46,57,77,77,180,180,105,105,105,123,48,48,62,62,62,62,62,72,72,91,91,91],"floor_reached":33,"campfire_rested":3,"playtime":1504,"current_hp_per_floor":[80,80,80,73,77,61,43,37,37,38,38,40,46,52,52,14,96,89,89,89,41,41,86,29,74,74,74,74,63,63,65,106,0],"items_purged":["Strike_R"],"gold":91,"score":266,"play_id":"bf8251e1-d52c-4928-a211-b15548315c51","local_time":"20180413204527","is_prod":false,"is_daily":false,"chose_seed":false,"is_ascension_mode":false,"campfire_upgraded":1,"timestamp":1523666727,"path_taken":["M","M","$","?","M","?","M","M","T","M","$","?","M","M","R","BOSS","M","?","?","M","$","R","?","R","T","?","?","M","?","M","R","BOSS"],"build_version":"2018-04-12","seed_source_timestamp":2363303094690258,"purchased_purges":1,"victory":false,"master_deck":["Strike_R+1","Strike_R+1","Strike_R+1","Strike_R+1","Defend_R+1","Defend_R+1","Defend_R+1","Defend_R+1","Bash","Metallicize","Whirlwind","Shrug It Off","Flame Barrier","Armaments","Rampage+1","Impervious","Injury","Body Slam"],"max_hp_per_floor":[80,80,80,80,80,80,82,82,82,84,84,84,84,86,86,86,96,98,98,98,100,100,100,102,102,102,102,102,104,104,106,106,106],"relics":["Burning Blood","Singing Bowl","Omamori","Matryoshka","Calling Bell","Ancient Tea Set","Regal Pillow","Pear","Orichalcum","Oddly Smooth Stone"],"card_choices":[{"not_picked":["Flex","Havoc"],"picked":"Whirlwind","floor":5},{"not_picked":["Searing Blow","Pummel"],"picked":"Shrug It Off","floor":8},{"not_picked":["Combust","Iron Wave"],"picked":"Armaments","floor":12},{"not_picked":["Fire Breathing","Clash"],"picked":"Rampage","floor":13},{"not_picked":["Reaper","Brutality"],"picked":"Impervious","floor":16}],"player_experience":854187,"potions_floor_usage":[16,16,21,33,33],"damage_taken":[{"damage":6.0,"enemies":"Cultist","floor":1.0,"turns":3.0},{"damage":5.0,"enemies":"2 Louse","floor":2.0,"turns":3.0},{"damage":2.0,"enemies":"Small Slimes","floor":5.0,"turns":4.0},{"damage":26,"enemies":"Large Slime","floor":7,"turns":10},{"damage":12,"enemies":"Looter","floor":8,"turns":4},{"damage":7,"enemies":"Lots of Slimes","floor":10,"turns":5},{"damage":4,"enemies":"Large Slime","floor":12,"turns":9},{"damage":0,"enemies":"Looter","floor":13,"turns":4},{"damage":2,"enemies":"Gremlin Gang","floor":14,"turns":3},{"damage":44,"enemies":"Slime Boss","floor":16,"turns":14},{"damage":15,"enemies":"2 Thieves","floor":18,"turns":5},{"damage":56,"enemies":"Chosen","floor":21,"turns":10},{"damage":65,"enemies":"Centurion and Healer","floor":24,"turns":14},{"damage":19,"enemies":"Cultist and Chosen","floor":29,"turns":10},{"damage":6,"enemies":"Snecko","floor":31,"turns":6},{"damage":117,"enemies":"Champ","floor":33,"turns":20}],"event_choices":[{"event_name":"Scrap Ooze","player_choice":"success","floor":4.0,"damage_taken":7.0},{"event_name":"Shining Light","player_choice":"Entered Light","floor":6,"damage_taken":0},{"event_name":"The Library","player_choice":"Read","floor":19,"damage_taken":0},{"event_name":"Beggar","player_choice":"Ignored","floor":20,"damage_taken":0},{"event_name":"Vampires","player_choice":"Ignored","floor":27,"damage_taken":0},{"event_name":"Back to Basics","player_choice":"Simplicity","floor":28,"damage_taken":0},{"event_name":"Match and Keep!","player_choice":"0 cards matched","floor":30,"damage_taken":0}],"boss_relics":[{"not_picked":["Sozu","Mark of Pain"],"picked":"Calling Bell"}],"potions_floor_spawned":[5,10,12,13,16,31],"seed_played":"-520963588982812656","killed_by":"Champ","ascension_level":0,"is_trial":false}