{"path_per_floor":["M","M","M","M","?","R","E","$","T","$","M","?","R","M","R","B",null,"M","$","M","?","M","R","M","R","T","$","?","?","M","M","R","B",null,"M","M","M","M","M","R","M","M","T","M","$","R","?","?","R"],"character_chosen":"IRONCLAD","items_purchased":["Limit Break","Whirlwind","Bag of Preparation","Juzu Bracelet"],"gold_per_floor":[118,132,152,172,172,172,199,56,56,56,71,127,127,139,139,234,234,253,178,188,188,202,202,218,218,243,18,18,18,29,39,39,137,137,150,167,186,202,217,217,230,243,269,287,42,42,42,42,42,42],"floor_reached":50,"campfire_rested":5,"playtime":1640,"current_hp_per_floor":[88,88,88,75,80,80,58,58,58,58,57,57,57,62,62,41,93,93,93,71,71,57,57,45,72,72,72,72,54,56,46,75,59,98,80,82,56,36,22,51,38,30,30,20,20,49,49,49,78,0],"items_purged":["Strike_R","Strike_R"],"gold":42,"score":500,"play_id":"481d8866-8c01-4cb4-89d4-e9a82035980f","local_time":"20180413201940","is_prod":false,"is_daily":false,"chose_seed":false,"is_ascension_mode":false,"campfire_upgraded":4,"timestamp":1523665180,"path_taken":["M","M","?","M","?","R","E","$","T","$","M","?","R","M","R","BOSS","M","$","M","?","M","R","M","R","T","$","?","?","?","M","R","BOSS","M","?","?","M","M","R","M","M","T","M","$","R","?","?","R","BOSS"],"build_version":"2018-04-12","seed_source_timestamp":2361629144430051,"purchased_purges":3,"victory":false,"master_deck":["Strike_R+1","Strike_R+1","Defend_R","Defend_R","Defend_R","Defend_R","Bash+1","Pommel Strike","Heavy Blade+1","Limit Break+1","Inflame+1","Offering","Inflame","Battle Trance","Whirlwind","Double Tap","Flash of Steel"],"max_hp_per_floor":[88,88,88,88,93,93,93,93,93,93,93,93,93,93,93,93,93,93,93,93,93,93,93,93,93,93,93,93,98,98,98,98,98,98,98,98,98,98,98,98,98,98,98,98,98,98,98,98,98,98],"relics":["Black Blood","Ancient Tea Set","Matryoshka","Nloth\u0027s Gift","Happy Flower","Whetstone","Bag of Preparation","Anchor","Dream Catcher","Juzu Bracelet"],"card_choices":[{"not_picked":["Warcry","Pummel"],"picked":"Pommel Strike","floor":1},{"not_picked":["Second Wind","Rupture"],"picked":"Heavy Blade","floor":2},{"not_picked":["Clothesline","Iron Wave"],"picked":"Inflame","floor":14},{"not_picked":["Demon Form","Juggernaut"],"picked":"Offering","floor":16},{"not_picked":["Iron Wave","Dropkick"],"picked":"Inflame","floor":17},{"not_picked":["Hemokinesis","Sentinel"],"picked":"Battle Trance","floor":17},{"not_picked":["Iron Wave","Armaments"],"picked":"Double Tap","floor":31},{"not_picked":["Mind Blast","Madness"],"picked":"Flash of Steel","floor":47}],"player_experience":852547,"potions_floor_usage":[4,20,31,31,37,38,42,50,50,50],"damage_taken":[{"damage":6,"enemies":"Cultist","floor":1,"turns":3},{"damage":3,"enemies":"Small Slimes","floor":2,"turns":3},{"damage":0,"enemies":"2 Louse","floor":3,"turns":2},{"damage":19,"enemies":"Exordium Thugs","floor":4,"turns":5},{"damage":28,"enemies":"Gremlin Nob","floor":7,"turns":4},{"damage":7,"enemies":"2 Fungi Beasts","floor":11,"turns":4},{"damage":1,"enemies":"3 Louse","floor":14,"turns":3},{"damage":27,"enemies":"Slime Boss","floor":16,"turns":9},{"damage":4,"enemies":"Chosen","floor":18,"turns":3},{"damage":28,"enemies":"2 Thieves","floor":20,"turns":4},{"damage":20,"enemies":"Snake Plant","floor":22,"turns":3},{"damage":18,"enemies":"Chosen and Byrds","floor":24,"turns":5},{"damage":4,"enemies":"Cultist and Chosen","floor":30,"turns":2},{"damage":16,"enemies":"Centurion and Healer","floor":31,"turns":2},{"damage":22,"enemies":"Collector","floor":33,"turns":3},{"damage":28,"enemies":"Orb Walker","floor":35,"turns":3},{"damage":8,"enemies":"3 Shapes","floor":36,"turns":2},{"damage":36,"enemies":"3 Darklings","floor":37,"turns":4},{"damage":30,"enemies":"4 Shapes","floor":38,"turns":3},{"damage":24,"enemies":"Sphere and 2 Shapes","floor":39,"turns":4},{"damage":23,"enemies":"Maw","floor":41,"turns":4},{"damage":18,"enemies":"3 Darklings","floor":42,"turns":3},{"damage":20,"enemies":"Sphere and 2 Shapes","floor":44,"turns":5},{"damage":97,"enemies":"Awakened One","floor":50,"turns":5}],"event_choices":[{"event_name":"Big Fish","player_choice":"Donut","floor":5,"damage_taken":0},{"event_name":"Golden Wing","player_choice":"Gained Gold","floor":12,"damage_taken":0},{"event_name":"N\u0027loth","player_choice":"Traded a Orrery","floor":21,"damage_taken":0},{"event_name":"Purifier","player_choice":"One Purge","floor":28,"damage_taken":0},{"event_name":"Forgotten Altar","player_choice":"Shed Blood","floor":29,"damage_taken":0},{"event_name":"SensoryStone","player_choice":"Memory 1","floor":47,"damage_taken":0},{"event_name":"Mysterious Sphere","player_choice":"Ignore","floor":48,"damage_taken":0}],"boss_relics":[{"not_picked":["Calling Bell","Astrolabe"],"picked":"Orrery"},{"not_picked":["Runic Cube","Mark of Pain"],"picked":"Black Blood"}],"potions_floor_spawned":[2,3,11,14,22,24,31,36,37,41,42],"seed_played":"-5374967510791017739","killed_by":"Awakened One","ascension_level":0,"is_trial":false}