{"path_per_floor":["M","?","M","$","M","E","M","R","T","?","$","R","M","M","R","B",null,"M","M","M","M","$"],"is_cheater":false,"character_chosen":"THE_SILENT","items_purchased":["Caltrops","Blade Dance","Deflect","Oddly Smooth Stone"],"gold_per_floor":[111,111,122,49,60,86,103,103,103,103,9,9,28,39,39,142,142,157,168,183,199,3],"floor_reached":23,"campfire_rested":3,"playtime":3378,"current_hp_per_floor":[76,81,80,80,69,41,38,62,62,62,62,82,79,71,82,26,82,76,60,65,36,36],"items_purged":[],"gold":3,"play_id":"02db9d3a-de01-4eed-b122-8a0da15aa99c","is_prod":false,"is_daily":false,"campfire_rituals":0,"campfire_upgraded":0,"potions_floor_combined":[],"is_hardmode":false,"path_taken":["M","?","M","$","M","E","?","R","T","?","?","R","M","M","R","BOSS","M","M","M","M","$","E"],"build_version":"[EARLY_ACCESS_006] (11-30-2017)","purchased_purges":0,"victory":false,"master_deck":["Defend_G","Defend_G","Defend_G","Defend_G","Defend_G","Strike_G","Strike_G","Strike_G","Strike_G","Strike_G","Survivor","Neutralize","Poisoned Stab","Distraction","Caltrops","Bane","Dagger Spray","Outmaneuver","Blade Dance","Deflect","Blur","Footwork","Adrenaline","Sucker Punch","Flying Knee","Dagger Throw","Choke"],"max_hp_per_floor":[77,82,82,82,82,82,82,82,82,82,82,82,82,82,82,82,82,82,82,82,82,82],"relics":["Ring of the Snake","Vajra","Bronze Scales","White Beast Statue","Oddly Smooth Stone"],"campfire_meditates":0,"card_choices":[{"not_picked":["Choke","Prepared"],"picked":"Poisoned Stab"},{"not_picked":["Reflex","Outmaneuver"],"picked":"Distraction"},{"not_picked":["Acrobatics","Masterful Stab"],"picked":"Bane"},{"not_picked":["Slice","Caltrops"],"picked":"Dagger Spray"},{"not_picked":["Acrobatics","Prepared"],"picked":"Outmaneuver"},{"not_picked":["Sucker Punch","Deadly Poison"],"picked":"Blur"},{"not_picked":["Outmaneuver","Bane"],"picked":"Footwork"},{"not_picked":["Tactician","Die Die Die"],"picked":"Adrenaline"},{"not_picked":["Acrobatics","Dagger Spray"],"picked":"Sucker Punch"},{"not_picked":["Backstab","Dagger Throw"],"picked":"Flying Knee"},{"not_picked":["Deadly Poison","Underhanded Strike"],"picked":"Dagger Throw"},{"not_picked":["Catalyst","Acrobatics"],"picked":"Choke"}],"player_experience":47576,"potions_floor_usage":[6,14,19,20,20,21,23,23],"damage_taken":[{"damage":1.0,"enemies":"Cultist","floor":1.0,"turns":5.0},{"damage":1.0,"enemies":"JawWorm","floor":3.0,"turns":3.0},{"damage":11.0,"enemies":"Looter","floor":5.0,"turns":4.0},{"damage":28.0,"enemies":"Sentries","floor":6.0,"turns":8.0},{"damage":3.0,"enemies":"Louse","floor":7.0,"turns":2.0},{"damage":3.0,"enemies":"Exordium Wildlife","floor":13.0,"turns":4.0},{"damage":8.0,"enemies":"Exordium Thugs","floor":14.0,"turns":4.0},{"damage":56.0,"enemies":"Hexaghost","floor":16.0,"turns":9.0},{"damage":6,"enemies":"3_Byrds","floor":18,"turns":5},{"damage":30,"enemies":"SphericGuardian","floor":19,"turns":8},{"damage":10,"enemies":"Snecko","floor":20,"turns":6},{"damage":29,"enemies":"HealerTank","floor":21,"turns":7},{"damage":37,"enemies":"Gremlin Leader Combat","floor":23,"turns":7}],"event_choices":[{"event_name":"Big Fish","player_choice":"Donut","floor":2.0,"damage_taken":0.0},{"event_name":"Liars Game","player_choice":"disagreed","floor":10.0,"damage_taken":0.0}],"boss_relics":[],"potions_floor_spawned":[1,7,13,16,18,19,20,21],"seed_played":"-1241140114461170777","killed_by":"Gremlin Leader Combat","is_trial":false}