{"path_per_floor":["M","M","M","M","?","R","E","M","T","$","M","R","M","T","R","B",null,"M","M","$","M","M","M","M","E","T","M","M","R","?","M","R"],"is_cheater":false,"character_chosen":"THE_SILENT","items_purchased":["Jack Of All Trades","Dash","Panache"],"gold_per_floor":[117,127,140,155,155,155,184,197,197,36,48,48,66,66,66,167,167,183,196,3,22,42,56,72,103,103,114,132,132,132,149,149],"floor_reached":33,"campfire_rested":5,"playtime":4324,"current_hp_per_floor":[64,64,60,59,64,75,44,42,42,42,40,62,55,55,75,19,75,67,40,40,40,33,32,24,31,31,23,7,32,32,32,57],"items_purged":[],"gold":149,"play_id":"d78bdf0f-c62f-4b5f-b3ad-743db04f5069","is_prod":false,"is_daily":false,"campfire_rituals":0,"campfire_upgraded":0,"potions_floor_combined":[],"is_hardmode":false,"path_taken":["M","?","?","M","?","R","E","M","T","?","M","R","M","?","R","BOSS","M","?","$","?","M","M","M","E","T","M","M","R","?","M","R","BOSS"],"build_version":"[EARLY_ACCESS_006] (11-30-2017)","purchased_purges":1,"victory":false,"master_deck":["Defend_G","Defend_G","Defend_G","Defend_G","Defend_G","Strike_G","Strike_G","Strike_G","Strike_G","Strike_G","Survivor","Neutralize","PiercingWail","Caltrops","Dagger Spray","Outmaneuver","Footwork","All Out Attack","Jack Of All Trades","Dash","Dagger Throw","Deflect","After Image","PiercingWail","Dash","Panache","Noxious Fumes","Endless Agony","Deadly Poison","PiercingWail","Dagger Spray","Infinite Blades","All Out Attack","Blur"],"max_hp_per_floor":[70,70,70,70,75,75,75,75,75,75,75,75,75,75,75,75,75,75,75,75,75,75,75,75,85,85,85,85,85,85,85,85],"relics":["Ring of the Snake","Frozen Egg","Tingsha","Ice Cream","Sozu","Pear","Bag of Preparation"],"campfire_meditates":0,"card_choices":[{"not_picked":["Acrobatics","Malaise"],"picked":"PiercingWail"},{"not_picked":["Well Laid Plans","Eviscerate"],"picked":"Caltrops"},{"not_picked":["Prepared","Poisoned Stab"],"picked":"Dagger Spray"},{"not_picked":["Blur","Acrobatics"],"picked":"Outmaneuver"},{"not_picked":["Deflect","Deadly Poison"],"picked":"Footwork"},{"not_picked":["Backstab","Catalyst"],"picked":"All Out Attack"},{"not_picked":["PiercingWail","Backflip"],"picked":"Dagger Throw"},{"not_picked":["Dash","Riddle With Holes"],"picked":"Deflect"},{"not_picked":["Tactician","Burst"],"picked":"After Image"},{"not_picked":["Footwork","Eviscerate"],"picked":"PiercingWail"},{"not_picked":["Crippling Poison","Poisoned Stab"],"picked":"Dash"},{"not_picked":["Slice","Dodge and Roll"],"picked":"Noxious Fumes"},{"not_picked":["Bouncing Flask","Masterful Stab"],"picked":"Endless Agony"},{"not_picked":["Heel Hook","Bane"],"picked":"Deadly Poison"},{"not_picked":["Dagger Throw","Reflex"],"picked":"PiercingWail"},{"not_picked":["Heel Hook","Caltrops"],"picked":"Dagger Spray"},{"not_picked":["Malaise","Caltrops"],"picked":"Infinite Blades"},{"not_picked":["Unload","Acrobatics"],"picked":"All Out Attack"},{"not_picked":["Deflect","Sucker Punch"],"picked":"Blur"}],"player_experience":56189,"potions_floor_usage":[7,13,16,16],"damage_taken":[{"damage":6,"enemies":"Looter","floor":1,"turns":4},{"damage":0,"enemies":"Cultist","floor":2,"turns":5},{"damage":4,"enemies":"Blue Slaver","floor":3,"turns":6},{"damage":1,"enemies":"TwoFungiBeasts","floor":4,"turns":5},{"damage":31,"enemies":"Lagavulin","floor":7,"turns":9},{"damage":2,"enemies":"Exordium Wildlife","floor":8,"turns":5},{"damage":2,"enemies":"Exordium Thugs","floor":11,"turns":4},{"damage":7,"enemies":"Gremlins","floor":13,"turns":4},{"damage":56,"enemies":"Hexaghost","floor":16,"turns":11},{"damage":8,"enemies":"Shelled Parasite","floor":18,"turns":5},{"damage":27,"enemies":"Chosen","floor":19,"turns":6},{"damage":0,"enemies":"SnakePlant","floor":21,"turns":5},{"damage":7,"enemies":"HealerTank","floor":22,"turns":7},{"damage":1,"enemies":"Snecko","floor":23,"turns":5},{"damage":8,"enemies":"SnakePlant","floor":24,"turns":5},{"damage":3,"enemies":"Gremlin Leader Combat","floor":25,"turns":5},{"damage":8,"enemies":"HealerTank","floor":27,"turns":5},{"damage":16,"enemies":"City Ancients","floor":28,"turns":3},{"damage":0,"enemies":"SnakePlant","floor":31,"turns":5},{"damage":45,"enemies":"Champ","floor":33,"turns":17}],"event_choices":[{"event_name":"Big Fish","player_choice":"Donut","floor":5,"damage_taken":0},{"event_name":"Beggar","player_choice":"Ignored","floor":30,"damage_taken":0}],"boss_relics":[{"not_picked":["Calling Bell","Philosopher\u0027s Stone"],"picked":"Sozu"}],"potions_floor_spawned":[3,4,11,13,18,25,27,28,31],"seed_played":"5108669611454482574","killed_by":"Champ","is_trial":false}