{"path_per_floor":["M","M","$","M","M","R","?","E","T","M","M","R","$","M","R","B",null,"M","?","M","?","?","E","$","M","T","R","M","R","M","M","R","B",null,"M","?","M","$","M","R"],"is_cheater":false,"character_chosen":"THE_SILENT","items_purchased":["Blade Dance","Choke","Well Laid Plans","Backstab","Noxious Fumes","Panache","Caltrops","Panacea"],"gold_per_floor":[215,231,57,77,95,95,95,120,145,164,175,175,20,35,35,136,136,154,154,172,172,172,204,1,17,17,17,30,30,47,57,57,162,162,180,180,191,10,25,25],"floor_reached":41,"campfire_rested":6,"playtime":6302,"current_hp_per_floor":[64,64,64,64,64,70,70,57,57,57,57,70,70,61,70,23,70,53,70,56,56,56,39,39,35,49,84,69,84,79,79,79,56,84,67,67,54,54,15,55],"items_purged":[],"gold":25,"play_id":"e18b1bc3-b717-4b31-8e14-fc75dec6282a","is_prod":false,"is_daily":false,"campfire_rituals":0,"campfire_upgraded":1,"potions_floor_combined":[],"is_hardmode":false,"path_taken":["M","?","$","M","M","R","?","E","T","M","M","R","?","M","R","BOSS","M","?","M","?","?","E","$","M","T","R","M","R","M","M","R","BOSS","M","?","M","$","M","R","E"],"build_version":"[EARLY_ACCESS_006] (11-30-2017)","purchased_purges":0,"victory":false,"master_deck":["Defend_G","Defend_G","Defend_G","Defend_G","Strike_G","Strike_G","Strike_G","Strike_G","Neutralize","PiercingWail","Dash","Blade Dance","Choke","Well Laid Plans","Slice","Dodge and Roll","Escape Plan","PiercingWail","Dagger Throw","Backstab","Noxious Fumes","Infinite Blades","Slice","Finisher","Outmaneuver","Panache","Backflip","Dagger Spray","Flying Knee","Deflect","After Image","Bane","Blade Dance","Catalyst","Finisher","Backflip","Caltrops","Panacea","Flying Knee"],"max_hp_per_floor":[70,70,70,70,70,70,70,70,70,70,70,70,70,70,70,70,70,70,70,70,70,70,70,70,70,84,84,84,84,84,84,84,84,84,84,84,84,84,84,84],"relics":["Ring of the Snake","Regal Pillow","Frozen Egg","White Beast Statue","Centennial Puzzle","Snake Skull","Mango","Astrolabe"],"campfire_meditates":0,"card_choices":[{"not_picked":["All Out Attack","Masterful Stab"],"picked":"PiercingWail"},{"not_picked":["Dagger Throw","Deadly Poison"],"picked":"Dash"},{"not_picked":["Acrobatics","Venomology"],"picked":"Slice"},{"not_picked":["Calculated Gamble","Dagger Throw"],"picked":"Dodge and Roll"},{"not_picked":["Flying Knee","PiercingWail"],"picked":"Escape Plan"},{"not_picked":["Escape Plan","Bane"],"picked":"PiercingWail"},{"not_picked":["PiercingWail","Sucker Punch"],"picked":"Dagger Throw"},{"not_picked":["Quick Slash","Dagger Spray"],"picked":"Infinite Blades"},{"not_picked":["Adrenaline","Burst"],"picked":"Envenom"},{"not_picked":["Masterful Stab","Dagger Throw"],"picked":"Slice"},{"not_picked":["Predator","Acrobatics"],"picked":"Finisher"},{"not_picked":["Bouncing Flask","Backstab"],"picked":"Outmaneuver"},{"not_picked":["Sucker Punch","Outmaneuver"],"picked":"Backflip"},{"not_picked":["Prepared","Masterful Stab"],"picked":"Dagger Spray"},{"not_picked":["Bane","Acrobatics"],"picked":"Flying Knee"},{"not_picked":["Quick Slash","Adrenaline"],"picked":"Deflect"},{"not_picked":["Bullet Time","Envenom"],"picked":"After Image"},{"not_picked":["Quick Slash","Eviscerate"],"picked":"Finisher"},{"not_picked":["Dodge and Roll","Slice"],"picked":"Backflip"},{"not_picked":["Crippling Poison","Quick Slash"],"picked":"Flying Knee"}],"player_experience":18240,"potions_floor_usage":[8,16,16,18,20,23,23,28,28,30,33,33,39,39,39,41],"damage_taken":[{"damage":6,"enemies":"Looter","floor":1,"turns":4},{"damage":0,"enemies":"JawWorm","floor":2,"turns":5},{"damage":0,"enemies":"Cultist","floor":4,"turns":3},{"damage":0,"enemies":"Exordium Wildlife","floor":5,"turns":3},{"damage":13,"enemies":"Sentries","floor":8,"turns":9},{"damage":0,"enemies":"Louse","floor":10,"turns":4},{"damage":0,"enemies":"Exordium Thugs","floor":11,"turns":6},{"damage":9,"enemies":"Red Slaver","floor":14,"turns":4},{"damage":47,"enemies":"TheGuardian","floor":16,"turns":11},{"damage":17,"enemies":"3_Byrds","floor":18,"turns":6},{"damage":14,"enemies":"City Looters","floor":20,"turns":5},{"damage":17,"enemies":"SlaverBoss","floor":23,"turns":8},{"damage":4,"enemies":"HealerTank","floor":25,"turns":6},{"damage":15,"enemies":"City Thugs","floor":28,"turns":6},{"damage":5,"enemies":"Chosen and Flock","floor":30,"turns":7},{"damage":0,"enemies":"Snecko","floor":31,"turns":5},{"damage":36,"enemies":"BronzeAutomaton","floor":33,"turns":10},{"damage":17,"enemies":"Ancient Shapes Weak","floor":35,"turns":4},{"damage":13,"enemies":"Orb Walker","floor":37,"turns":3},{"damage":39,"enemies":"sphere and 2 shapes","floor":39,"turns":5},{"damage":47,"enemies":"Double Orb Walker","floor":41,"turns":4}],"event_choices":[{"event_name":"Shining Light","player_choice":"Ignored","floor":7,"damage_taken":0},{"event_name":"The Library","player_choice":"Heal","floor":19,"damage_taken":0},{"event_name":"The Mausoleum","player_choice":"Yes","floor":21,"damage_taken":0},{"event_name":"Back to Basics","player_choice":"Simplicity","floor":22,"damage_taken":0}],"boss_relics":[{"not_picked":["Velvet Choker","Runic Dome"],"picked":"White Beast Statue"},{"not_picked":["Cursed Key","Calling Bell"],"picked":"Astrolabe"}],"potions_floor_spawned":[1,8,10,14,16,18,20,23,25,28,30,31,33,35,37,39],"seed_played":"-2757679479694051274","killed_by":"Double Orb Walker","is_trial":false}