{"path_per_floor":["M","M","M","?","M","R","M","M","T","M","R","E","M","M","R","B",null,"M","M","$","M","?","R","M","T","T","?","M","R","M","?","R","B",null,"M","?","?","?","T","R","M","R","T","M","M","R","$","M","R"],"is_cheater":false,"character_chosen":"THE_SILENT","items_purchased":["Shuriken","Blur","Mango"],"gold_per_floor":[12,22,41,41,58,58,71,89,89,103,103,138,157,169,169,264,264,276,288,11,22,22,22,32,56,56,56,68,68,84,84,84,179,179,197,197,197,197,197,197,216,216,294,304,314,314,22,41,41],"floor_reached":50,"campfire_rested":8,"playtime":5339,"current_hp_per_floor":[70,65,65,65,62,62,61,61,61,61,61,36,36,35,56,36,70,58,51,51,41,41,62,38,38,38,61,46,67,37,37,58,33,70,58,58,48,48,48,69,54,70,70,28,22,43,57,37,62],"items_purged":[],"gold":41,"play_id":"81040ce1-c068-4f3e-8b9e-06d6b688a662","is_prod":false,"is_daily":false,"campfire_rituals":0,"campfire_upgraded":2,"potions_floor_combined":[],"is_hardmode":false,"path_taken":["M","M","M","?","M","R","M","M","T","?","R","E","?","M","R","BOSS","M","M","$","M","?","R","M","?","T","?","?","R","M","?","R","BOSS","M","?","?","?","?","R","M","R","T","?","M","R","$","M","R","BOSS"],"build_version":"[EARLY_ACCESS_006] (11-30-2017)","purchased_purges":0,"victory":false,"master_deck":["Survivor","Neutralize","Dash","Escape Plan","PiercingWail","Footwork","Flying Knee","Backflip","All Out Attack","Bullet Time","Acrobatics","Phantasmal Killer","Choke","Dodge and Roll","Blur","Noxious Fumes","Cloak And Dagger","Infinite Blades","Cloak And Dagger","Riddle With Holes","Predator","Dagger Throw","PiercingWail","Outmaneuver","Dagger Throw","Crippling Poison","Dagger Throw","Outmaneuver","Noxious Fumes","Dagger Spray","Heel Hook","Calculated Gamble"],"max_hp_per_floor":[70,70,70,70,70,70,70,70,70,70,70,70,70,70,70,70,70,70,70,70,70,70,70,70,70,70,70,70,70,70,70,70,70,70,70,70,70,70,70,70,70,70,70,70,70,70,84,84,84],"relics":["Ring of the Snake","Ginger","Peace Pipe","Calipers","Sozu","Shuriken","Bag of Marbles","Shovel","Pandora\u0027s Box","Art of War","Mummified Hand","Mango"],"campfire_meditates":0,"card_choices":[{"not_picked":["Dagger Spray","Underhanded Strike"],"picked":"Dash"},{"not_picked":["Predator","Well Laid Plans"],"picked":"Escape Plan"},{"not_picked":["Prepared","Poisoned Stab"],"picked":"PiercingWail"},{"not_picked":["Flying Knee","Deflect"],"picked":"Footwork"},{"not_picked":["Underhanded Strike","Crippling Poison"],"picked":"Flying Knee"},{"not_picked":["Dodge and Roll","Deflect"],"picked":"Backflip"},{"not_picked":["Infinite Blades","Dagger Spray"],"picked":"All Out Attack"},{"not_picked":["Malaise","Backflip"],"picked":"Bullet Time"},{"not_picked":["PiercingWail","Sucker Punch"],"picked":"Acrobatics"},{"not_picked":["Slice","Sucker Punch"],"picked":"Quick Slash"},{"not_picked":["Burst","Venomology"],"picked":"Phantasmal Killer"},{"not_picked":["Deflect","Sucker Punch"],"picked":"Choke"},{"not_picked":["Distraction","Quick Slash"],"picked":"Dodge and Roll"},{"not_picked":["Blade Dance","Caltrops"],"picked":"Noxious Fumes"},{"not_picked":["Blade Dance","Underhanded Strike"],"picked":"Infinite Blades"},{"not_picked":["Bane","Slice"],"picked":"Cloak And Dagger"},{"not_picked":["Endless Agony","PiercingWail"],"picked":"Noxious Fumes"},{"not_picked":["Predator","Flechettes"],"picked":"Dagger Spray"},{"not_picked":["Distraction","Predator"],"picked":"Heel Hook"},{"not_picked":["Setup","PiercingWail"],"picked":"Calculated Gamble"}],"player_experience":157080,"potions_floor_usage":[7,12,13,16,16],"damage_taken":[{"damage":0.0,"enemies":"Blue Slaver","floor":1.0,"turns":5.0},{"damage":5.0,"enemies":"Looter","floor":2.0,"turns":3.0},{"damage":0.0,"enemies":"Cultist","floor":3.0,"turns":3.0},{"damage":3.0,"enemies":"lots of slimes","floor":5.0,"turns":6.0},{"damage":1.0,"enemies":"Exordium Thugs","floor":7.0,"turns":6.0},{"damage":0.0,"enemies":"Exordium Wildlife","floor":8.0,"turns":5.0},{"damage":0.0,"enemies":"TwoFungiBeasts","floor":10.0,"turns":4.0},{"damage":25.0,"enemies":"Lagavulin","floor":12.0,"turns":6.0},{"damage":0.0,"enemies":"Slime","floor":13.0,"turns":8.0},{"damage":1.0,"enemies":"Red Slaver","floor":14.0,"turns":6.0},{"damage":20.0,"enemies":"TheGuardian","floor":16.0,"turns":15.0},{"damage":12.0,"enemies":"City Looters","floor":18.0,"turns":4.0},{"damage":7.0,"enemies":"Shelled Parasite","floor":19.0,"turns":7.0},{"damage":10,"enemies":"Murder of Cultists","floor":21,"turns":7},{"damage":24,"enemies":"SnakePlant","floor":24,"turns":6},{"damage":15,"enemies":"City Ancients","floor":28,"turns":7},{"damage":30,"enemies":"City Thugs","floor":30,"turns":6},{"damage":25,"enemies":"Champ","floor":33,"turns":12},{"damage":12,"enemies":"Ancient Shapes Weak","floor":35,"turns":3},{"damage":15,"enemies":"Orb Walker","floor":41,"turns":4},{"damage":42,"enemies":"sphere and 2 shapes","floor":44,"turns":4},{"damage":6,"enemies":"Maw","floor":45,"turns":6},{"damage":20,"enemies":"Ancient Shapes","floor":48,"turns":5},{"damage":51,"enemies":"TimeEater","floor":50,"turns":8}],"event_choices":[{"event_name":"Purifier","player_choice":"One Purge","floor":4.0,"damage_taken":0.0},{"event_name":"Match and Keep!","player_choice":"1 cards matched","floor":22,"damage_taken":0},{"event_name":"The Library","player_choice":"Heal","floor":27,"damage_taken":0},{"event_name":"Transmorgrifier","player_choice":"Transform","floor":31,"damage_taken":0},{"event_name":"Winding Halls","player_choice":"Pay HP","floor":37,"damage_taken":0},{"event_name":"Mysterious Sphere","player_choice":"Ignore","floor":38,"damage_taken":0}],"boss_relics":[{"not_picked":["Runic Dome","White Beast Statue"],"picked":"Pandora\u0027s Box"}],"potions_floor_spawned":[3,8,12,13,14,16,18,21,24,44,45,48],"seed_played":"8731567991611761341","killed_by":"TimeEater","is_trial":false}