{"path_per_floor":["M","M","?","$","M","R","?","R","T","M","$","R","M","$","R","B",null,"M","M","?","M","$","R","T","M","T","R","M","M","M","M","R"],"character_chosen":"THE_SILENT","items_purchased":["Dagger Spray"],"gold_per_floor":[13,31,31,31,46,46,46,46,46,65,39,39,57,57,57,159,159,176,196,196,216,141,141,196,206,206,206,221,241,251,270,270],"floor_reached":33,"campfire_rested":2,"playtime":3110,"current_hp_per_floor":[80,80,80,80,78,78,78,78,78,77,77,77,75,75,75,26,84,72,72,72,64,64,64,64,56,56,81,74,84,52,47,72],"items_purged":["Defend_G"],"gold":270,"play_id":"8619c467-412c-46ec-aa8f-2a6cb49d5f83","is_prod":false,"is_daily":false,"campfire_rituals":0,"campfire_upgraded":5,"is_hardmode":false,"path_taken":["M","M","?","?","M","R","?","R","T","M","$","R","M","$","R","BOSS","M","M","?","M","?","R","?","M","T","R","M","M","?","M","R","BOSS"],"build_version":"2017-12-21-PROD1","purchased_purges":1,"victory":false,"master_deck":["Defend_G","Defend_G","Defend_G","Strike_G","Strike_G","Strike_G","Strike_G","Strike_G","Survivor","Neutralize","Backflip","Cloak And Dagger","Predator","Prepared","Dagger Spray","Prepared","Adrenaline","Cloak And Dagger","Blur","Noxious Fumes","Backflip","Poisoned Stab","Predator","Dagger Throw","Quick Slash","Dagger Spray","Quick Slash","Sucker Punch"],"max_hp_per_floor":[84,84,84,84,84,84,84,84,84,84,84,84,84,84,84,84,84,84,84,84,84,84,84,84,84,84,84,84,84,84,84,84],"relics":["Ring of the Snake","Mango","Prayer Wheel","Orrery","Tiny Chest","Shovel"],"campfire_meditates":0,"card_choices":[{"not_picked":["Flechettes","Poisoned Stab"],"picked":"Backflip"},{"not_picked":["Endless Agony","Slice"],"picked":"Cloak And Dagger"},{"not_picked":["Terror","Dodge and Roll"],"picked":"Predator"},{"not_picked":["Finisher","Slice"],"picked":"Prepared"},{"not_picked":["Skewer","Underhanded Strike"],"picked":"Prepared"},{"not_picked":["Tactician","Corpse Explosion"],"picked":"Adrenaline"},{"not_picked":["Terror","Deadly Poison"],"picked":"Cloak And Dagger"},{"not_picked":["Flechettes","Calculated Gamble"],"picked":"Blur"},{"not_picked":["Dagger Spray","Terror"],"picked":"Noxious Fumes"},{"not_picked":["Malaise","Acrobatics"],"picked":"Backflip"},{"not_picked":["Flechettes","Deadly Poison"],"picked":"Poisoned Stab"},{"not_picked":["Dodge and Roll","Concentrate"],"picked":"Predator"},{"not_picked":["Dodge and Roll","Concentrate"],"picked":"Dagger Throw"},{"not_picked":["Reflex","Crippling Poison"],"picked":"Quick Slash"},{"not_picked":["Glass Knife","Predator"],"picked":"Dagger Spray"},{"not_picked":["Infinite Blades","Distraction"],"picked":"Quick Slash"},{"not_picked":["Quick Slash","Malaise"],"picked":"Sucker Punch"}],"player_experience":180877,"potions_floor_usage":[16,16,16,25,29,29,33],"damage_taken":[{"damage":4,"enemies":"Looter","floor":1,"turns":4},{"damage":0,"enemies":"Blue Slaver","floor":2,"turns":6},{"damage":2,"enemies":"Cultist","floor":5,"turns":4},{"damage":1,"enemies":"Exordium Wildlife","floor":10,"turns":5},{"damage":2,"enemies":"2 Fungi Beasts","floor":13,"turns":3},{"damage":64,"enemies":"Hexaghost","floor":16,"turns":16},{"damage":12,"enemies":"Spheric Guardian","floor":18,"turns":4},{"damage":0,"enemies":"3 Byrds","floor":19,"turns":4},{"damage":8,"enemies":"Snake Plant","floor":21,"turns":6},{"damage":8,"enemies":"Centurion and Healer","floor":25,"turns":7},{"damage":7,"enemies":"Snecko","floor":28,"turns":3},{"damage":0,"enemies":"3 Cultists","floor":29,"turns":6},{"damage":32,"enemies":"Slaver and Parasite","floor":30,"turns":8},{"damage":5,"enemies":"Snecko","floor":31,"turns":5},{"damage":78,"enemies":"Champ","floor":33,"turns":11}],"event_choices":[{"event_name":"Purifier","player_choice":"One Purge","floor":3,"damage_taken":0},{"event_name":"Golden Idol","player_choice":"Ignored","floor":7,"damage_taken":0},{"event_name":"Back to Basics","player_choice":"Simplicity","floor":20,"damage_taken":0}],"boss_relics":[{"not_picked":["Astrolabe","Calling Bell"],"picked":"Orrery"}],"potions_floor_spawned":[1,5,13,18,25,28,30],"seed_played":"6367560056537340068","killed_by":"Champ","is_trial":false}