{"path_per_floor":["M","?","$","T","M","R","?","?","T","M","M","R","M","M","R","B",null,"M","M","M","$"],"is_cheater":false,"character_chosen":"THE_SILENT","items_purchased":["Jack Of All Trades"],"gold_per_floor":[114,114,26,26,43,43,43,43,43,55,66,66,81,93,93,189,189,202,217,235,160],"floor_reached":22,"campfire_rested":1,"playtime":2142,"current_hp_per_floor":[70,70,70,70,68,68,54,54,54,54,54,70,64,63,63,52,70,55,58,57,57],"items_purged":["Well Laid Plans"],"gold":160,"play_id":"8dd89c67-96c8-4876-9e00-c95428ee2a74","is_prod":false,"is_daily":false,"campfire_rituals":0,"campfire_upgraded":2,"potions_floor_combined":[],"is_hardmode":false,"path_taken":["M","?","?","?","?","R","?","?","T","?","M","R","M","M","R","BOSS","M","M","M","$","M"],"build_version":"[EARLY_ACCESS_006] (11-30-2017)","purchased_purges":1,"victory":false,"master_deck":["Defend_G","Defend_G","Defend_G","Defend_G","Strike_G","Strike_G","Strike_G","Strike_G","Strike_G","Survivor","Neutralize","Predator","Jack Of All Trades","Backflip","Madness","Sucker Punch","PiercingWail","Bouncing Flask","Dagger Spray","Slice","Burst","Cloak And Dagger","Predator"],"max_hp_per_floor":[70,70,70,70,70,70,70,70,70,70,70,70,70,70,70,70,70,70,70,70,70],"relics":["Ring of the Snake","Frozen Egg","Torii","Runic Pyramid"],"campfire_meditates":0,"card_choices":[{"not_picked":["Crippling Poison","Outmaneuver"],"picked":"Predator"},{"not_picked":["Endless Agony","Bane"],"picked":"Backflip"},{"not_picked":["Cloak And Dagger","Wraith Form"],"picked":"PiercingWail"},{"not_picked":["Deadly Poison","Blade Dance"],"picked":"Bouncing Flask"},{"not_picked":["Terror","Escape Plan"],"picked":"Dagger Spray"},{"not_picked":["Sucker Punch","Acrobatics"],"picked":"Slice"},{"not_picked":["Tactician","Wraith Form"],"picked":"Burst"},{"not_picked":["Quick Slash","Poisoned Stab"],"picked":"Cloak And Dagger"},{"not_picked":["Reflex","Sucker Punch"],"picked":"Predator"}],"player_experience":142005,"potions_floor_usage":[11,16,16,18,22],"damage_taken":[{"damage":0,"enemies":"JawWorm","floor":1,"turns":5},{"damage":2,"enemies":"Looter","floor":5,"turns":3},{"damage":0,"enemies":"Cultist","floor":10,"turns":2},{"damage":0,"enemies":"Gremlins","floor":11,"turns":4},{"damage":6,"enemies":"Red Slaver","floor":13,"turns":2},{"damage":1,"enemies":"lots of slimes","floor":14,"turns":3},{"damage":11,"enemies":"TheGuardian","floor":16,"turns":9},{"damage":15,"enemies":"3_Byrds","floor":18,"turns":3},{"damage":1,"enemies":"Chosen","floor":19,"turns":7},{"damage":1,"enemies":"SnakePlant","floor":20,"turns":5},{"damage":26,"enemies":"Murder of Cultists","floor":22,"turns":7}],"event_choices":[{"event_name":"Living Wall","player_choice":"Change","floor":2,"damage_taken":0},{"event_name":"Shining Light","player_choice":"Entered Light","floor":7,"damage_taken":0},{"event_name":"Match and Keep!","player_choice":"2 cards matched","floor":8,"damage_taken":0},{"event_name":"Match and Keep!","player_choice":"2 cards matched","floor":8,"damage_taken":0}],"boss_relics":[{"not_picked":["Velvet Choker","Cursed Key"],"picked":"Runic Pyramid"}],"potions_floor_spawned":[1,5,10,16,18,20],"seed_played":"-3928669524535215635","killed_by":"Murder of Cultists","is_trial":false}