{"path_per_floor":["M","?","?","M","M","R","M","R","T","$","?","M","$","M","R","B",null,"M","M","$","M","$","R","M","R","T","$","R","M","R","M","R","B",null,"M","$","M","?","M","R","M","R","T","M","?","R","M","M","R"],"character_chosen":"THE_SILENT","items_purchased":["Orichalcum","Footwork","Dagger Spray","Accuracy","Happy Flower"],"gold_per_floor":[110,110,110,126,137,137,147,147,147,3,78,88,49,63,63,163,163,178,197,96,109,27,27,37,37,63,63,63,80,80,97,97,193,193,204,49,69,69,83,83,93,93,118,138,138,138,150,163,163],"floor_reached":50,"campfire_rested":5,"playtime":8111,"current_hp_per_floor":[70,70,70,70,65,65,65,65,65,65,54,54,54,54,70,38,70,70,49,49,29,29,50,39,60,60,60,60,48,69,61,61,16,70,68,68,66,66,65,70,49,59,59,49,49,59,59,32,63],"items_purged":["Defend_G"],"gold":163,"play_id":"ac3256a7-7273-4f35-9c02-37b29b10b16a","is_prod":false,"is_daily":false,"campfire_rituals":0,"campfire_upgraded":7,"is_hardmode":false,"path_taken":["M","?","?","M","M","R","M","R","T","$","?","M","$","M","R","BOSS","M","M","?","M","$","R","M","R","T","$","R","M","R","M","R","BOSS","M","$","M","?","M","R","M","R","T","M","?","R","?","M","R","BOSS"],"build_version":"2017-12-21-PROD1","purchased_purges":4,"victory":false,"master_deck":["Defend_G","Defend_G","Defend_G","Strike_G","Strike_G","Strike_G","Survivor","Neutralize","Dash","Blade Dance","Flying Knee","Cloak And Dagger","Dagger Throw","Footwork","Blur","Envenom","Backflip","Escape Plan","Dagger Spray","Well Laid Plans","Accuracy","Backflip","PiercingWail","Deflect","Bullet Time","Caltrops","Leg Sweep"],"max_hp_per_floor":[70,70,70,70,70,70,70,70,70,70,70,70,70,70,70,70,70,70,70,70,70,70,70,70,70,70,70,70,70,70,70,70,70,70,70,70,70,70,70,70,70,70,70,70,70,70,70,70,70],"relics":["Ring of the Snake","Tingsha","Orichalcum","Sozu","Bronze Scales","Eternal Feather","Happy Flower","War Paint"],"campfire_meditates":0,"card_choices":[{"not_picked":["Terror","Concentrate"],"picked":"Dash"},{"not_picked":["Deadly Poison","Prepared"],"picked":"Blade Dance"},{"not_picked":["Dash","Sucker Punch"],"picked":"Flying Knee"},{"not_picked":["Sucker Punch","Quick Slash"],"picked":"Cloak And Dagger"},{"not_picked":["Underhanded Strike","Deadly Poison"],"picked":"Dagger Throw"},{"not_picked":["Dagger Spray","Bane"],"picked":"Blur"},{"not_picked":["Burst","Wraith Form"],"picked":"Envenom"},{"not_picked":["Flying Knee","Backstab"],"picked":"Backflip"},{"not_picked":["Poisoned Stab","Reflex"],"picked":"Escape Plan"},{"not_picked":["Deflect","Poisoned Stab"],"picked":"Well Laid Plans"},{"not_picked":["Flying Knee","Heel Hook"],"picked":"Backflip"},{"not_picked":["Eviscerate","Deflect"],"picked":"PiercingWail"},{"not_picked":["Dodge and Roll","Skewer"],"picked":"Deflect"},{"not_picked":["Grand Finale","Glass Knife"],"picked":"Bullet Time"},{"not_picked":["Flechettes","Choke"],"picked":"Caltrops"},{"not_picked":["Slice","Outmaneuver"],"picked":"Leg Sweep"}],"player_experience":172766,"potions_floor_usage":[],"damage_taken":[{"damage":0.0,"enemies":"Cultist","floor":1.0,"turns":5.0},{"damage":0.0,"enemies":"Blue Slaver","floor":4.0,"turns":5.0},{"damage":5.0,"enemies":"Looter","floor":5.0,"turns":3.0},{"damage":0.0,"enemies":"2 Fungi Beasts","floor":7.0,"turns":4.0},{"damage":0.0,"enemies":"Lots of Slimes","floor":12.0,"turns":2.0},{"damage":0.0,"enemies":"Exordium Thugs","floor":14.0,"turns":5.0},{"damage":32.0,"enemies":"Hexaghost","floor":16.0,"turns":14.0},{"damage":0.0,"enemies":"3 Byrds","floor":18.0,"turns":6.0},{"damage":21.0,"enemies":"2 Thieves","floor":19.0,"turns":5.0},{"damage":20.0,"enemies":"Snake Plant","floor":21.0,"turns":7.0},{"damage":11.0,"enemies":"Centurion and Healer","floor":24.0,"turns":7.0},{"damage":12.0,"enemies":"3 Cultists","floor":29.0,"turns":5.0},{"damage":8.0,"enemies":"Snake Plant","floor":31.0,"turns":5.0},{"damage":45.0,"enemies":"Collector","floor":33.0,"turns":12.0},{"damage":2,"enemies":"Orb Walker","floor":35,"turns":5},{"damage":2,"enemies":"3 Shapes","floor":37,"turns":7},{"damage":1,"enemies":"Maw","floor":39,"turns":9},{"damage":21,"enemies":"4 Shapes","floor":41,"turns":9},{"damage":10,"enemies":"Sphere and 2 Shapes","floor":44,"turns":7},{"damage":0,"enemies":"Maw","floor":47,"turns":9},{"damage":27,"enemies":"4 Shapes","floor":48,"turns":5},{"damage":60,"enemies":"Time Eater","floor":50,"turns":16}],"event_choices":[{"event_name":"Purifier","player_choice":"One Purge","floor":2.0,"damage_taken":0.0},{"event_name":"Transmorgrifier","player_choice":"Skipped","floor":3.0,"damage_taken":0.0},{"event_name":"World of Goop","player_choice":"Gather Gold","floor":11.0,"damage_taken":0.0},{"event_name":"Purifier","player_choice":"One Purge","floor":38,"damage_taken":0}],"boss_relics":[{"not_picked":["Calling Bell","Black Star"],"picked":"Eternal Feather"}],"potions_floor_spawned":[1,5,7,16,18,19,31,37,39],"seed_played":"5464872932883832326","killed_by":"Time Eater","is_trial":false}