{"path_per_floor":["M","?","M","M","M","R","?","R","T","?","M","E","R","E","R","B",null,"M","?","M","$","M","R","M","?","T","R","M","M","?","M","R","B",null,"M","?","M","?","M","R","M"],"is_cheater":false,"character_chosen":"THE_SILENT","items_purchased":["Vajra"],"gold_per_floor":[116,116,136,156,169,169,169,169,169,196,213,248,248,276,276,371,371,386,386,402,129,146,146,161,161,161,161,176,192,192,208,208,308,308,318,318,334,334,344,344,357],"floor_reached":42,"campfire_rested":7,"playtime":4820,"current_hp_per_floor":[68,68,66,66,62,62,55,70,70,60,57,50,70,59,77,33,77,56,56,45,45,21,44,30,30,30,53,45,45,45,31,54,16,77,52,52,52,52,30,53,15],"items_purged":["Strike_G"],"gold":357,"play_id":"98b7c8d1-a944-45ba-b885-c4f3f5fd04a3","is_prod":false,"is_daily":false,"campfire_rituals":0,"campfire_upgraded":1,"potions_floor_combined":[],"is_hardmode":false,"path_taken":["M","?","M","?","M","R","?","R","T","?","M","E","R","E","R","BOSS","M","?","M","$","M","R","M","?","T","R","M","M","?","M","R","BOSS","M","?","M","?","M","R","M","M"],"build_version":"[EARLY_ACCESS_006] (11-30-2017)","purchased_purges":2,"victory":false,"master_deck":["Defend_G","Defend_G","Defend_G","Defend_G","Strike_G","Strike_G","Strike_G","Strike_G","Survivor","Neutralize","Caltrops","Blade Dance","Envenom","Dagger Spray","Slice","Quick Slash","PiercingWail","Bane","Unload","Flying Knee","Flying Knee","Bane","Poisoned Stab","Flechettes","Catalyst","Dash","A Thousand Cuts","Outmaneuver","Flechettes","Finisher","Escape Plan"],"max_hp_per_floor":[70,70,70,70,70,70,70,70,70,70,70,70,70,77,77,77,77,77,77,77,77,77,77,77,77,77,77,77,77,77,77,77,77,77,77,77,77,77,77,77,77],"relics":["Ring of the Snake","Orichalcum","Odd Mushroom","Toxic Egg","Strawberry","Runic Pyramid","Vajra","Bronze Scales","Sozu"],"campfire_meditates":0,"card_choices":[{"not_picked":["Predator","Blur"],"picked":"Caltrops"},{"not_picked":["Deflect","Bane"],"picked":"Blade Dance"},{"not_picked":["Blur","Backflip"],"picked":"Envenom"},{"not_picked":["Distraction","Escape Plan"],"picked":"Dagger Spray"},{"not_picked":["Terror","Crippling Poison"],"picked":"Slice"},{"not_picked":["PiercingWail","Dagger Throw"],"picked":"Quick Slash"},{"not_picked":["Backstab","Outmaneuver"],"picked":"PiercingWail"},{"not_picked":["Deadly Poison","Die Die Die"],"picked":"Bane"},{"not_picked":["Tools of the Trade","Envenom"],"picked":"Unload"},{"not_picked":["Acrobatics","Poisoned Stab"],"picked":"Flying Knee"},{"not_picked":["Caltrops","Malaise"],"picked":"Bane"},{"not_picked":["PiercingWail","Choke"],"picked":"Poisoned Stab"},{"not_picked":["Slice","Dagger Throw"],"picked":"Flechettes"},{"not_picked":["Footwork","Flechettes"],"picked":"Catalyst"},{"not_picked":["Backflip","Corpse Explosion"],"picked":"Dash"},{"not_picked":["Phantasmal Killer","Corpse Explosion"],"picked":"A Thousand Cuts"},{"not_picked":["Infinite Blades","Poisoned Stab"],"picked":"Outmaneuver"},{"not_picked":["PiercingWail","Caltrops"],"picked":"Flechettes"},{"not_picked":["Quick Slash","Noxious Fumes"],"picked":"Finisher"},{"not_picked":["Choke","Leg Sweep"],"picked":"Escape Plan"}],"player_experience":75760,"potions_floor_usage":[10,11,14,18,22,28,28,31,31,33],"damage_taken":[{"damage":2.0,"enemies":"Looter","floor":1.0,"turns":3.0},{"damage":2.0,"enemies":"Blue Slaver","floor":3.0,"turns":5.0},{"damage":0.0,"enemies":"Cultist","floor":4.0,"turns":3.0},{"damage":4.0,"enemies":"Louse","floor":5.0,"turns":3.0},{"damage":10.0,"enemies":"The Mushroom Lair","floor":10.0,"turns":4.0},{"damage":12.0,"enemies":"lots of slimes","floor":11.0,"turns":4.0},{"damage":7.0,"enemies":"GremlinNob","floor":12.0,"turns":4.0},{"damage":27.0,"enemies":"Lagavulin","floor":14.0,"turns":6.0},{"damage":44.0,"enemies":"TheGuardian","floor":16.0,"turns":10.0},{"damage":21.0,"enemies":"SphericGuardian","floor":18.0,"turns":6.0},{"damage":11.0,"enemies":"Shelled Parasite","floor":20.0,"turns":5.0},{"damage":24.0,"enemies":"SnakePlant","floor":22.0,"turns":3.0},{"damage":14.0,"enemies":"Murder of Cultists","floor":24.0,"turns":6.0},{"damage":8.0,"enemies":"Snecko","floor":28.0,"turns":3.0},{"damage":0.0,"enemies":"Chosen and Flock","floor":29.0,"turns":4.0},{"damage":14.0,"enemies":"HealerTank","floor":31.0,"turns":4.0},{"damage":38.0,"enemies":"TheCollector","floor":33.0,"turns":8.0},{"damage":25,"enemies":"Ancient Shapes Weak","floor":35,"turns":4},{"damage":0,"enemies":"Orb Walker","floor":37,"turns":3},{"damage":22,"enemies":"Darkling Encounter","floor":39,"turns":8},{"damage":38,"enemies":"Maw","floor":41,"turns":8},{"damage":16,"enemies":"sphere and 2 shapes","floor":42,"turns":2}],"event_choices":[{"event_name":"Golden Idol","player_choice":"Ignored","floor":2.0,"damage_taken":0.0},{"event_name":"Scrap Ooze","player_choice":"unsuccessful","floor":7.0,"damage_taken":7.0},{"event_name":"Mushrooms","player_choice":"Fought Mushrooms","floor":10.0,"damage_taken":0.0},{"event_name":"The Library","player_choice":"Read","floor":19.0,"damage_taken":0.0},{"event_name":"The Lab","player_choice":"Got Potions","floor":25.0,"damage_taken":0.0},{"event_name":"Back to Basics","player_choice":"Simplicity","floor":30.0,"damage_taken":0.0},{"event_name":"Mysterious Sphere","player_choice":"Ignore","floor":36,"damage_taken":0},{"event_name":"Tomb of Lord Red Mask","player_choice":"Ignored","floor":38,"damage_taken":0}],"boss_relics":[{"not_picked":["Runic Dome","Eternal Feather"],"picked":"Sozu"}],"potions_floor_spawned":[1,3,4,5,12,20,28,29,31,33,39],"seed_played":"2024831159281248462","killed_by":"sphere and 2 shapes","is_trial":false}