{"path_per_floor":["M","?","M","M","M","R","E","?","T","M","$","M","M","M","R","B",null,"M","?","M","$"],"is_cheater":false,"character_chosen":"THE_SILENT","items_purchased":["Catalyst","Footwork","Leg Sweep"],"gold_per_floor":[114,64,79,89,100,100,129,129,152,162,19,32,49,68,68,164,164,178,178,190,42],"floor_reached":22,"campfire_rested":1,"playtime":2093,"current_hp_per_floor":[68,68,68,67,67,67,53,53,53,53,53,53,65,50,70,31,70,49,49,44,44],"items_purged":["Strike_G"],"gold":42,"play_id":"5090c536-39e1-4556-9ed1-319af40881ce","is_prod":false,"is_daily":false,"campfire_rituals":0,"campfire_upgraded":1,"potions_floor_combined":[],"is_hardmode":false,"path_taken":["M","?","?","M","M","R","E","?","T","M","?","?","M","M","R","BOSS","M","?","M","$","M"],"build_version":"[EARLY_ACCESS_006] (11-30-2017)","purchased_purges":1,"victory":false,"master_deck":["Defend_G","Defend_G","Defend_G","Defend_G","Strike_G","Strike_G","Strike_G","Strike_G","Survivor","Neutralize","Bouncing Flask","Backflip","Prepared","Infinite Blades","Calculated Gamble","Quick Slash","Catalyst","Footwork","Dagger Throw","All Out Attack","Caltrops","A Thousand Cuts","Accuracy","Dagger Spray","Leg Sweep"],"max_hp_per_floor":[70,70,70,70,70,70,70,70,70,70,70,70,70,70,70,70,70,70,70,70,70],"relics":["Ring of the Snake","Anchor","Meat on the Bone","Ancient Tea Set","Runic Pyramid"],"campfire_meditates":0,"card_choices":[{"not_picked":["Deflect","Cloak And Dagger"],"picked":"Bouncing Flask"},{"not_picked":["Accuracy","Quick Slash"],"picked":"Backflip"},{"not_picked":["Finisher","Deadly Poison"],"picked":"Prepared"},{"not_picked":["Backflip","PiercingWail"],"picked":"Infinite Blades"},{"not_picked":["Outmaneuver","Burst"],"picked":"Calculated Gamble"},{"not_picked":["Outmaneuver","Blur"],"picked":"Quick Slash"},{"not_picked":["Underhanded Strike","Accuracy"],"picked":"Dagger Throw"},{"not_picked":["Leg Sweep","Acrobatics"],"picked":"All Out Attack"},{"not_picked":["Deflect","Accuracy"],"picked":"Caltrops"},{"not_picked":["Die Die Die","Tools of the Trade"],"picked":"A Thousand Cuts"},{"not_picked":["Sucker Punch","Dagger Throw"],"picked":"Accuracy"},{"not_picked":["Endless Agony","Sucker Punch"],"picked":"Dagger Spray"}],"player_experience":114952,"potions_floor_usage":[7,13,13,13,22],"damage_taken":[{"damage":2.0,"enemies":"Blue Slaver","floor":1.0,"turns":5.0},{"damage":0.0,"enemies":"Looter","floor":3.0,"turns":3.0},{"damage":1.0,"enemies":"Cultist","floor":4.0,"turns":3.0},{"damage":0.0,"enemies":"Slime","floor":5.0,"turns":7.0},{"damage":14.0,"enemies":"GremlinNob","floor":7.0,"turns":4.0},{"damage":0.0,"enemies":"Red Slaver","floor":10.0,"turns":3.0},{"damage":0.0,"enemies":"Exordium Wildlife","floor":12.0,"turns":3.0},{"damage":3.0,"enemies":"Gremlins","floor":13.0,"turns":6.0},{"damage":15.0,"enemies":"Exordium Thugs","floor":14.0,"turns":5.0},{"damage":48.0,"enemies":"Hexaghost","floor":16.0,"turns":8.0},{"damage":21,"enemies":"SphericGuardian","floor":18,"turns":5},{"damage":5,"enemies":"Chosen","floor":20,"turns":6},{"damage":4,"enemies":"City Thugs","floor":22,"turns":4}],"event_choices":[{"event_name":"The Cleric","player_choice":"Card Removal","floor":2.0,"damage_taken":0.0},{"event_name":"Liars Game","player_choice":"disagreed","floor":8.0,"damage_taken":0.0},{"event_name":"Accursed Blacksmith","player_choice":"Forge","floor":19,"damage_taken":0}],"boss_relics":[{"not_picked":["Eternal Feather","Lizard Tail"],"picked":"Runic Pyramid"}],"potions_floor_spawned":[3,4,7,10,16,18,20],"seed_played":"-2047791123135565491","killed_by":"City Thugs","is_trial":false}