{"path_per_floor":["M","?","$","M","M","R","M","M","T","R","T","M","R","E","R","B",null,"M","?","?","M"],"is_cheater":false,"character_chosen":"THE_SILENT","items_purchased":["Footwork"],"gold_per_floor":[119,119,50,67,78,78,96,108,108,108,159,178,178,203,203,299,299,311,311,226,236],"floor_reached":22,"campfire_rested":2,"playtime":2109,"current_hp_per_floor":[69,62,62,62,60,60,56,56,56,56,56,55,70,53,70,38,70,70,70,70,60],"items_purged":[],"gold":236,"play_id":"4ec16170-8ea7-4319-8061-d6cf4c6e06ad","is_prod":false,"is_daily":false,"campfire_rituals":0,"campfire_upgraded":2,"potions_floor_combined":[],"is_hardmode":false,"path_taken":["M","?","?","?","M","R","M","M","T","R","?","M","R","E","R","BOSS","M","?","?","M","M"],"build_version":"[EARLY_ACCESS_006] (11-30-2017)","purchased_purges":0,"victory":false,"master_deck":["Defend_G","Defend_G","Defend_G","Defend_G","Strike_G","Strike_G","Strike_G","Strike_G","Survivor","Neutralize","Quick Slash","Footwork","Dodge and Roll","Finisher","Dagger Throw","Dagger Spray","Acrobatics","PiercingWail","Footwork","Bullet Time","Outmaneuver","Phantasmal Killer"],"max_hp_per_floor":[70,70,70,70,70,70,70,70,70,70,70,70,70,70,70,70,70,70,70,70,70],"relics":["Ring of the Snake","Dream Catcher","Bag of Marbles","The Courier","Sozu","Bronze Scales"],"campfire_meditates":0,"card_choices":[{"not_picked":["Calculated Gamble","Predator"],"picked":"Quick Slash"},{"not_picked":["Underhanded Strike","Finisher"],"picked":"Dodge and Roll"},{"not_picked":["Masterful Stab","Sucker Punch"],"picked":"Finisher"},{"not_picked":["Acrobatics","Accuracy"],"picked":"Dagger Throw"},{"not_picked":["Underhanded Strike","Poisoned Stab"],"picked":"Dagger Spray"},{"not_picked":["Wraith Form","Flechettes"],"picked":"Acrobatics"},{"not_picked":["Deadly Poison","Dagger Spray"],"picked":"PiercingWail"},{"not_picked":["Outmaneuver","Wraith Form"],"picked":"Footwork"},{"not_picked":["Envenom","Venomology"],"picked":"Bullet Time"},{"not_picked":["Heel Hook","Deadly Poison"],"picked":"Outmaneuver"}],"player_experience":152909,"potions_floor_usage":[5,14,16],"damage_taken":[{"damage":1,"enemies":"Blue Slaver","floor":1,"turns":6},{"damage":0,"enemies":"Cultist","floor":4,"turns":4},{"damage":2,"enemies":"Looter","floor":5,"turns":3},{"damage":4,"enemies":"lots of slimes","floor":7,"turns":4},{"damage":0,"enemies":"Exordium Wildlife","floor":8,"turns":4},{"damage":1,"enemies":"Slime","floor":12,"turns":4},{"damage":17,"enemies":"Lagavulin","floor":14,"turns":8},{"damage":38,"enemies":"TheGuardian","floor":16,"turns":16},{"damage":0,"enemies":"3_Byrds","floor":18,"turns":5},{"damage":10,"enemies":"Chosen","floor":21,"turns":7},{"damage":17,"enemies":"HealerTank","floor":22,"turns":9}],"event_choices":[{"event_name":"Golden Wing","player_choice":"Card Removal","floor":2,"damage_taken":0},{"event_name":"Transmorgrifier","player_choice":"Transform","floor":19,"damage_taken":0},{"event_name":"Addict","player_choice":"Obtained Relic","floor":20,"damage_taken":0}],"boss_relics":[{"not_picked":["The Specimen","Tiny House"],"picked":"Sozu"}],"potions_floor_spawned":[1,7,14],"seed_played":"-5994474792410694130","killed_by":"HealerTank","is_trial":false}