{"path_per_floor":["M","M","?","T","M","R","E","R","T","M","$","?","?","M","R","B",null,"M","M","?","$","M","R","M","R","T","R","M","M","$","M","R","B",null,"M","M","?","?","$","R","E"],"is_cheater":false,"character_chosen":"THE_SILENT","items_purchased":["Happy Flower","Footwork"],"gold_per_floor":[113,129,129,152,165,165,191,191,191,204,13,13,13,31,31,134,134,134,74,74,74,74,74,74,74,74,74,74,74,74,74,74,74,74,74,74,74,74,35,35,35],"floor_reached":42,"campfire_rested":5,"playtime":3462,"current_hp_per_floor":[72,68,53,53,52,75,62,77,77,77,77,77,77,74,74,33,77,77,68,68,68,56,77,74,74,74,74,74,55,55,51,74,15,77,65,64,64,64,64,77,37],"items_purged":[],"gold":35,"play_id":"3f777d45-5568-470b-9ad1-ed0ab5b4ca20","is_prod":false,"is_daily":false,"campfire_rituals":0,"campfire_upgraded":3,"potions_floor_combined":[],"is_hardmode":false,"path_taken":["M","M","?","?","M","R","E","R","T","M","$","?","?","M","R","BOSS","M","M","?","$","M","R","M","R","T","R","M","M","?","M","R","BOSS","M","M","?","?","?","R","E","M"],"build_version":"[EARLY_ACCESS_006] (11-30-2017)","purchased_purges":0,"victory":false,"master_deck":["Defend_G","Defend_G","Defend_G","Defend_G","Defend_G","Strike_G","Strike_G","Strike_G","Strike_G","Survivor","Neutralize","Poisoned Stab","Bouncing Flask","Noxious Fumes","Blade Dance","Phantasmal Killer","Dagger Throw","Corpse Explosion","Deflect","Backstab","Bane","Escape Plan","Cloak And Dagger","PiercingWail","Skewer","Dodge and Roll","Burst","Backflip","Wraith Form","Noxious Fumes","Footwork","Prepared","Corpse Explosion"],"max_hp_per_floor":[77,77,77,77,77,77,77,77,77,77,77,77,77,77,77,77,77,77,77,77,77,77,77,77,77,77,77,77,77,77,77,77,77,77,77,77,77,77,77,77,77],"relics":["Ring of the Snake","Whetstone","Juzu Bracelet","Thread and Needle","Happy Flower","Ectoplasm","Dream Catcher","Sozu","Pen Nib"],"campfire_meditates":0,"card_choices":[{"not_picked":["Finisher","Terror"],"picked":"Poisoned Stab"},{"not_picked":["Flying Knee","Dodge and Roll"],"picked":"Bouncing Flask"},{"not_picked":["Dagger Spray","Quick Slash"],"picked":"Noxious Fumes"},{"not_picked":["Flechettes","Distraction"],"picked":"Blade Dance"},{"not_picked":["Terror","Predator"],"picked":"Phantasmal Killer"},{"not_picked":["Poisoned Stab","Prepared"],"picked":"Dagger Throw"},{"not_picked":["Envenom","Venomology"],"picked":"Corpse Explosion"},{"not_picked":["Underhanded Strike","Poisoned Stab"],"picked":"Deflect"},{"not_picked":["Deadly Poison","Heel Hook"],"picked":"Backstab"},{"not_picked":["Endless Agony","Blade Dance"],"picked":"Bane"},{"not_picked":["Flying Knee","Backstab"],"picked":"Escape Plan"},{"not_picked":["Dodge and Roll","Noxious Fumes"],"picked":"Cloak And Dagger"},{"not_picked":["Underhanded Strike","Die Die Die"],"picked":"PiercingWail"},{"not_picked":["Outmaneuver","Backflip"],"picked":"Skewer"},{"not_picked":["PiercingWail","Slice"],"picked":"Dodge and Roll"},{"not_picked":["Wraith Form","Phantasmal Killer"],"picked":"Burst"},{"not_picked":["Slice","Outmaneuver"],"picked":"Backflip"},{"not_picked":["Dodge and Roll","Quick Slash"],"picked":"Wraith Form"},{"not_picked":["Quick Slash","Deflect"],"picked":"Prepared"},{"not_picked":["Predator","Burst"],"picked":"Corpse Explosion"}],"player_experience":111490,"potions_floor_usage":[14,16,19,31,33],"damage_taken":[{"damage":5.0,"enemies":"Looter","floor":1.0,"turns":5.0},{"damage":4.0,"enemies":"Cultist","floor":2.0,"turns":4.0},{"damage":1.0,"enemies":"JawWorm","floor":5.0,"turns":4.0},{"damage":13.0,"enemies":"Lagavulin","floor":7.0,"turns":5.0},{"damage":0.0,"enemies":"Exordium Wildlife","floor":10.0,"turns":4.0},{"damage":3.0,"enemies":"lots of slimes","floor":14.0,"turns":4.0},{"damage":41.0,"enemies":"Hexaghost","floor":16.0,"turns":8.0},{"damage":0.0,"enemies":"3_Byrds","floor":18.0,"turns":5.0},{"damage":9.0,"enemies":"City Looters","floor":19.0,"turns":3.0},{"damage":12.0,"enemies":"SnakePlant","floor":22.0,"turns":4.0},{"damage":3.0,"enemies":"HealerTank","floor":24.0,"turns":5.0},{"damage":0.0,"enemies":"Snecko","floor":28.0,"turns":2.0},{"damage":19.0,"enemies":"Chosen and Flock","floor":29.0,"turns":5.0},{"damage":4.0,"enemies":"SnakePlant","floor":31.0,"turns":4.0},{"damage":59.0,"enemies":"Champ","floor":33.0,"turns":11.0},{"damage":12,"enemies":"Ancient Shapes Weak","floor":35,"turns":5},{"damage":1,"enemies":"Orb Walker","floor":36,"turns":4},{"damage":40,"enemies":"Nemesis","floor":41,"turns":6},{"damage":30,"enemies":"sphere and 2 shapes","floor":42,"turns":4}],"event_choices":[{"event_name":"Shining Light","player_choice":"Entered Light","floor":3.0,"damage_taken":0.0},{"event_name":"Living Wall","player_choice":"Grow","floor":12.0,"damage_taken":0.0},{"event_name":"The Cleric","player_choice":"Leave","floor":13.0,"damage_taken":0.0},{"event_name":"Accursed Blacksmith","player_choice":"Ignore","floor":20.0,"damage_taken":0.0},{"event_name":"Duplicator","player_choice":"One dupe","floor":38,"damage_taken":0}],"boss_relics":[{"not_picked":["Cursed Key","Lizard Tail"],"picked":"Sozu"}],"potions_floor_spawned":[1,7,16,22,31,33],"seed_played":"3279955846945319299","killed_by":"sphere and 2 shapes","is_trial":false}