{"path_per_floor":["M","M","?","?","?","E","R","?","T","M","M","R","T","M","R","B",null,"M","M","?","$","M","R","E","R","T","R","M","$","M","?","R"],"is_cheater":false,"character_chosen":"THE_SILENT","items_purchased":["Footwork","Catalyst"],"gold_per_floor":[117,132,91,91,91,117,117,117,142,153,166,166,189,204,204,299,299,315,325,325,172,192,192,226,226,277,277,294,123,138,138,138],"floor_reached":33,"campfire_rested":5,"playtime":3135,"current_hp_per_floor":[66,66,66,66,66,44,65,65,65,61,56,56,56,56,70,39,70,64,59,59,59,52,70,43,64,71,71,50,50,17,42,65],"items_purged":["Strike_G","Strike_G"],"gold":138,"play_id":"8d39d05f-ca14-4953-b587-226bcc621c10","is_prod":false,"is_daily":false,"campfire_rituals":0,"campfire_upgraded":2,"potions_floor_combined":[],"is_hardmode":false,"path_taken":["M","?","?","?","?","E","R","?","T","?","M","R","?","M","R","BOSS","M","M","?","$","M","R","E","R","T","R","?","$","M","?","R","BOSS"],"build_version":"[EARLY_ACCESS_006] (11-30-2017)","purchased_purges":2,"victory":false,"master_deck":["Defend_G","Defend_G","Defend_G","Defend_G","Strike_G","Strike_G","Strike_G","Survivor","Neutralize","Poisoned Stab","Bouncing Flask","Envenom","Malaise","Dash","Quick Slash","Dodge and Roll","Well Laid Plans","Bane","Venomology","Bane","All Out Attack","PiercingWail","Deflect","Backflip","Predator","Prepared","Footwork","Cloak And Dagger","Poisoned Stab","Bane","Caltrops","Bouncing Flask","Catalyst","Dash"],"max_hp_per_floor":[70,70,70,70,70,70,70,70,70,70,70,70,70,70,70,70,70,70,70,70,70,70,70,70,70,77,77,77,77,77,77,77],"relics":["Ring of the Snake","Matryoshka","Prayer Wheel","Dream Catcher","Omamori","Anchor","Orrery","Sundial","Tingsha","Strawberry"],"campfire_meditates":0,"card_choices":[{"not_picked":["Masterful Stab","Reflex"],"picked":"Poisoned Stab"},{"not_picked":["Underhanded Strike","Endless Agony"],"picked":"Bouncing Flask"},{"not_picked":["Underhanded Strike","Cloak And Dagger"],"picked":"Envenom"},{"not_picked":["Skewer","Crippling Poison"],"picked":"Dash"},{"not_picked":["Dagger Throw","PiercingWail"],"picked":"Quick Slash"},{"not_picked":["Endless Agony","Concentrate"],"picked":"Dodge and Roll"},{"not_picked":["Sucker Punch","Riddle With Holes"],"picked":"Well Laid Plans"},{"not_picked":["Deflect","Outmaneuver"],"picked":"Bane"},{"not_picked":["Phantasmal Killer","Storm of Steel"],"picked":"Venomology"},{"not_picked":["Poisoned Stab","PiercingWail"],"picked":"Bane"},{"not_picked":["Bane","PiercingWail"],"picked":"All Out Attack"},{"not_picked":["Deflect","Dagger Spray"],"picked":"PiercingWail"},{"not_picked":["Choke","Sucker Punch"],"picked":"Deflect"},{"not_picked":["Dodge and Roll","Flying Knee"],"picked":"Backflip"},{"not_picked":["Storm of Steel","PiercingWail"],"picked":"Predator"},{"not_picked":["Acrobatics","Poisoned Stab"],"picked":"Prepared"},{"not_picked":["Reflex","Dodge and Roll"],"picked":"Cloak And Dagger"},{"not_picked":["Eviscerate","Terror"],"picked":"Poisoned Stab"},{"not_picked":["Flying Knee","Outmaneuver"],"picked":"Bane"},{"not_picked":["Dagger Spray","Acrobatics"],"picked":"Caltrops"},{"not_picked":["Well Laid Plans","Outmaneuver"],"picked":"Bouncing Flask"},{"not_picked":["Dagger Spray","Acrobatics"],"picked":"Dash"}],"player_experience":169544,"potions_floor_usage":[14,14,24,28],"damage_taken":[{"damage":4,"enemies":"Looter","floor":1,"turns":4},{"damage":0,"enemies":"JawWorm","floor":2,"turns":4},{"damage":22,"enemies":"GremlinNob","floor":6,"turns":4},{"damage":4,"enemies":"Cultist","floor":10,"turns":3},{"damage":5,"enemies":"Louse","floor":11,"turns":4},{"damage":0,"enemies":"Red Slaver","floor":14,"turns":3},{"damage":31,"enemies":"TheGuardian","floor":16,"turns":9},{"damage":6,"enemies":"Shelled Parasite","floor":18,"turns":5},{"damage":5,"enemies":"Chosen","floor":19,"turns":4},{"damage":7,"enemies":"Snecko","floor":22,"turns":5},{"damage":27,"enemies":"BookOfStabbing","floor":24,"turns":5},{"damage":21,"enemies":"City Ancients","floor":28,"turns":12},{"damage":33,"enemies":"Chosen and Flock","floor":30,"turns":7},{"damage":53,"enemies":"BronzeAutomaton","floor":33,"turns":12}],"event_choices":[{"event_name":"World of Goop","player_choice":"Left","floor":3,"damage_taken":0},{"event_name":"Golden Idol","player_choice":"Ignored","floor":4,"damage_taken":0},{"event_name":"Shining Light","player_choice":"Ignored","floor":5,"damage_taken":0},{"event_name":"Transmorgrifier","player_choice":"Transform","floor":8,"damage_taken":0},{"event_name":"Accursed Blacksmith","player_choice":"Rummage","floor":20,"damage_taken":0},{"event_name":"The Library","player_choice":"Heal","floor":31,"damage_taken":0}],"boss_relics":[{"not_picked":["Pandora\u0027s Box","Question Card"],"picked":"Orrery"}],"potions_floor_spawned":[1,11,19,24],"seed_played":"2487940083226049527","killed_by":"BronzeAutomaton","is_trial":false}