{"path_per_floor":["M","M","?","M","$","E","R","M","T","M","$","?","M","M","R","B",null,"M","M","?","M","?","?","R","M","T","M","?","M","R","M","R"],"is_cheater":false,"character_chosen":"THE_SILENT","items_purchased":["Footwork"],"gold_per_floor":[109,121,121,133,65,95,95,106,106,121,46,46,58,69,69,167,167,178,198,198,209,209,124,124,135,159,176,176,187,187,205,205],"floor_reached":33,"campfire_rested":5,"playtime":3707,"current_hp_per_floor":[68,64,64,62,62,42,63,63,63,60,60,60,60,51,70,50,70,66,62,62,48,48,48,69,54,54,46,46,41,62,50,70],"items_purged":["Defend_G"],"gold":205,"play_id":"7985c72a-e407-4ec8-adc1-821bd2166a7a","is_prod":false,"is_daily":false,"campfire_rituals":0,"campfire_upgraded":0,"potions_floor_combined":[],"is_hardmode":false,"path_taken":["M","M","?","M","?","E","R","M","T","?","?","?","M","?","R","BOSS","M","?","?","M","?","?","R","?","T","M","?","?","R","M","R","BOSS"],"build_version":"[EARLY_ACCESS_006] (11-30-2017)","purchased_purges":2,"victory":false,"master_deck":["Defend_G","Defend_G","Defend_G","Defend_G","Strike_G","Strike_G","Strike_G","Strike_G","Strike_G","Survivor","Neutralize","Escape Plan","Dagger Spray","Riddle With Holes","Footwork","Infinite Blades","Calculated Gamble","Leg Sweep","Flying Knee","Predator","Phantasmal Killer","Dodge and Roll","Poisoned Stab","Writhe","Acrobatics","Choke","All Out Attack","Cloak And Dagger"],"max_hp_per_floor":[70,70,70,70,70,70,70,70,70,70,70,70,70,70,70,70,70,70,70,70,70,70,70,70,70,70,70,70,70,70,70,70],"relics":["Ring of the Snake","Kunai","Bottled Lightning","Sozu","Art of War","Vajra","Bag of Marbles"],"campfire_meditates":0,"card_choices":[{"not_picked":["Sucker Punch","Finisher"],"picked":"Escape Plan"},{"not_picked":["Underhanded Strike","Acrobatics"],"picked":"Dagger Spray"},{"not_picked":["Outmaneuver","Acrobatics"],"picked":"Riddle With Holes"},{"not_picked":["Poisoned Stab","Malaise"],"picked":"Infinite Blades"},{"not_picked":["Slice","Eviscerate"],"picked":"Calculated Gamble"},{"not_picked":["Backflip","Underhanded Strike"],"picked":"Leg Sweep"},{"not_picked":["Outmaneuver","Dagger Throw"],"picked":"Flying Knee"},{"not_picked":["Catalyst","Blade Dance"],"picked":"Predator"},{"not_picked":["Unload","A Thousand Cuts"],"picked":"Phantasmal Killer"},{"not_picked":["Dagger Throw","Prepared"],"picked":"Dodge and Roll"},{"not_picked":["Backstab","Outmaneuver"],"picked":"Poisoned Stab"},{"not_picked":["Predator","Bane"],"picked":"Acrobatics"},{"not_picked":["Slice","Sucker Punch"],"picked":"Choke"},{"not_picked":["Cloak And Dagger","Distraction"],"picked":"All Out Attack"},{"not_picked":["Bane","Slice"],"picked":"Cloak And Dagger"}],"player_experience":120353,"potions_floor_usage":[6,14],"damage_taken":[{"damage":2.0,"enemies":"JawWorm","floor":1.0,"turns":5.0},{"damage":4.0,"enemies":"Looter","floor":2.0,"turns":4.0},{"damage":2.0,"enemies":"Cultist","floor":4.0,"turns":4.0},{"damage":20.0,"enemies":"Sentries","floor":6.0,"turns":6.0},{"damage":0.0,"enemies":"Slime","floor":8.0,"turns":7.0},{"damage":3.0,"enemies":"Exordium Wildlife","floor":10.0,"turns":5.0},{"damage":0.0,"enemies":"lots of slimes","floor":13.0,"turns":4.0},{"damage":9.0,"enemies":"Gremlins","floor":14.0,"turns":5.0},{"damage":20.0,"enemies":"SlimeBoss","floor":16.0,"turns":12.0},{"damage":4,"enemies":"Shelled Parasite","floor":18,"turns":7},{"damage":4,"enemies":"3_Byrds","floor":19,"turns":4},{"damage":14,"enemies":"City Ancients","floor":21,"turns":5},{"damage":15,"enemies":"HealerTank","floor":25,"turns":7},{"damage":8,"enemies":"Snecko","floor":27,"turns":3},{"damage":5,"enemies":"City Thugs","floor":29,"turns":7},{"damage":12,"enemies":"City Ancients","floor":31,"turns":5},{"damage":37,"enemies":"TheCollector","floor":33,"turns":6}],"event_choices":[{"event_name":"Liars Game","player_choice":"disagreed","floor":3.0,"damage_taken":0.0},{"event_name":"Shining Light","player_choice":"Ignored","floor":12.0,"damage_taken":0.0},{"event_name":"The Mausoleum","player_choice":"Yes","floor":20,"damage_taken":0},{"event_name":"Drug Dealer","player_choice":"Ignored","floor":22,"damage_taken":0},{"event_name":"Addict","player_choice":"Obtained Relic","floor":23,"damage_taken":0},{"event_name":"Back to Basics","player_choice":"Simplicity","floor":28,"damage_taken":0}],"boss_relics":[{"not_picked":["Velvet Choker","Cursed Key"],"picked":"Sozu"}],"potions_floor_spawned":[2,6,10,14,19,29],"seed_played":"-8706264762846013817","killed_by":"TheCollector","is_trial":false}