{"path_per_floor":["M","?","?","M","M","E","M","R","T","R","M","M","M","?","R","B",null,"M","?","$","?","M","R","?","M","T","M","R"],"character_chosen":"THE_SILENT","items_purchased":[],"gold_per_floor":[10,10,10,20,36,63,73,73,73,73,90,110,123,198,198,303,303,288,288,213,213,230,230,230,246,315,329,329],"floor_reached":29,"campfire_rested":4,"playtime":2186,"current_hp_per_floor":[84,66,66,64,63,26,26,51,51,76,63,63,63,52,77,13,84,65,65,65,58,50,50,50,38,38,39,56],"items_purged":["Strike_G"],"gold":329,"play_id":"77c1d8b5-b8cd-4d33-85b7-f50389c1c8e5","is_prod":false,"is_daily":false,"campfire_rituals":0,"campfire_upgraded":1,"is_hardmode":false,"path_taken":["M","?","?","M","?","E","M","R","T","R","M","M","M","?","R","BOSS","M","?","$","?","M","R","?","M","T","M","R","M"],"build_version":"2017-12-21-PROD1","purchased_purges":2,"victory":false,"master_deck":["Defend_G","Defend_G","Defend_G","Defend_G","Survivor","Neutralize","Poisoned Stab","Dagger Spray","Deflect","Backflip","Cloak And Dagger","Prepared","Bane","Envenom","Backflip","Bite_G","Bite_G","Bite_G","Bite_G","Bite_G","Catalyst","All Out Attack","PiercingWail"],"max_hp_per_floor":[84,84,84,84,84,84,84,84,84,84,84,84,84,84,84,84,84,84,84,84,58,58,58,58,58,58,58,58],"relics":["Ring of the Snake","Snake Skull","Art of War","Ice Cream","White Beast Statue","Lantern","Mercury Hourglass"],"campfire_meditates":0,"card_choices":[{"not_picked":["Quick Slash","Flying Knee"],"picked":"Poisoned Stab"},{"not_picked":["Well Laid Plans","Deflect"],"picked":"Dagger Spray"},{"not_picked":["Skewer","Outmaneuver"],"picked":"Deflect"},{"not_picked":["Backstab","Poisoned Stab"],"picked":"Backflip"},{"not_picked":["Flying Knee","PiercingWail"],"picked":"Cloak And Dagger"},{"not_picked":["Terror","Tactician"],"picked":"Prepared"},{"not_picked":["Deadly Poison","Deflect"],"picked":"Bane"},{"not_picked":["Grand Finale","A Thousand Cuts"],"picked":"Envenom"},{"not_picked":["Deadly Poison","Dodge and Roll"],"picked":"Backflip"},{"not_picked":["Dagger Spray","PiercingWail"],"picked":"Catalyst"},{"not_picked":["Acrobatics","Outmaneuver"],"picked":"All Out Attack"},{"not_picked":["Terror","Blade Dance"],"picked":"PiercingWail"}],"player_experience":277545,"potions_floor_usage":[7,16,16,16,18,25,27,27],"damage_taken":[{"damage":0,"enemies":"Jaw Worm","floor":1,"turns":5},{"damage":2,"enemies":"Looter","floor":4,"turns":4},{"damage":1,"enemies":"Cultist","floor":5,"turns":3},{"damage":37,"enemies":"Gremlin Nob","floor":6,"turns":5},{"damage":0,"enemies":"Exordium Wildlife","floor":7,"turns":3},{"damage":13,"enemies":"Gremlin Gang","floor":11,"turns":4},{"damage":0,"enemies":"2 Fungi Beasts","floor":12,"turns":4},{"damage":0,"enemies":"Exordium Wildlife","floor":13,"turns":2},{"damage":64,"enemies":"Slime Boss","floor":16,"turns":14},{"damage":19,"enemies":"2 Thieves","floor":18,"turns":4},{"damage":12,"enemies":"Shell Parasite","floor":22,"turns":5},{"damage":18,"enemies":"Snake Plant","floor":25,"turns":4},{"damage":15,"enemies":"Centurion and Healer","floor":27,"turns":6},{"damage":27,"enemies":"Sentry and Sphere","floor":29,"turns":6}],"event_choices":[{"event_name":"Scrap Ooze","player_choice":"success","floor":2,"damage_taken":18},{"event_name":"The Cleric","player_choice":"Leave","floor":3,"damage_taken":0},{"event_name":"World of Goop","player_choice":"Gather Gold","floor":14,"damage_taken":0},{"event_name":"Back to Basics","player_choice":"Elegance","floor":19,"damage_taken":0},{"event_name":"Vampires","player_choice":"Became a vampire","floor":21,"damage_taken":0},{"event_name":"The Mausoleum","player_choice":"Yes","floor":24,"damage_taken":0}],"boss_relics":[{"not_picked":["Question Card","Calling Bell"],"picked":"White Beast Statue"}],"potions_floor_spawned":[6,11,12,13,16,18,22,25,27],"seed_played":"-431301222518361527","killed_by":"Sentry and Sphere","is_trial":false}