{"path_per_floor":["M","M","?","M","M","$","R","M","T","R","M","E","$","M","R","B",null,"M","?","M","$","?","R","M","M","T","R","M","M","R","M","R","B",null,"M","?","?","M","?","R","?","R","T","M","$"],"character_chosen":"THE_SILENT","items_purchased":["Ancient Tea Set","Happy Flower","Bane","Strawberry"],"gold_per_floor":[109,122,122,137,152,5,5,23,323,323,333,358,83,101,101,198,198,210,135,155,4,4,4,18,34,34,34,45,64,64,81,81,181,181,193,193,193,211,211,211,0,0,24,39,39],"floor_reached":46,"campfire_rested":6,"playtime":4570,"current_hp_per_floor":[75,75,60,53,36,36,59,59,59,77,75,77,77,77,77,68,77,74,74,53,60,51,77,72,59,59,85,81,59,85,70,89,42,89,69,89,89,78,78,88,88,89,89,10,10],"items_purged":["Strike_G"],"gold":39,"play_id":"60b09248-66ed-42f4-b854-518751604470","is_prod":false,"is_daily":false,"campfire_rituals":0,"campfire_upgraded":3,"is_hardmode":false,"path_taken":["M","M","?","?","M","$","R","M","T","R","M","E","$","M","R","BOSS","M","?","M","$","?","R","M","M","T","R","?","M","R","M","R","BOSS","M","?","?","M","?","R","?","R","T","M","$","M"],"build_version":"2017-12-21-PROD1","purchased_purges":1,"victory":false,"master_deck":["Defend_G","Defend_G","Defend_G","Defend_G","Defend_G","Strike_G","Strike_G","Survivor","Neutralize","Footwork","Bouncing Flask","Flying Knee","Dodge and Roll","PiercingWail","Bane","Flying Knee","Bane","Deflect","Glass Knife","PiercingWail","Riddle With Holes","Prepared","Dagger Spray","Backflip","Prepared","Dodge and Roll","Writhe","Blur","Cloak And Dagger"],"max_hp_per_floor":[77,77,77,77,77,77,77,77,77,77,77,77,77,77,77,77,77,77,77,77,84,89,89,89,89,89,89,89,89,89,89,89,89,89,89,89,89,89,89,89,89,89,89,89,89],"relics":["Ring of the Snake","Ancient Tea Set","Old Coin","Letter Opener","Happy Flower","Strawberry","Tingsha","Eternal Feather","Red Mask","Dream Catcher"],"campfire_meditates":0,"card_choices":[{"not_picked":["Deadly Poison","Prepared"],"picked":"Footwork"},{"not_picked":["Bane","Blade Dance"],"picked":"Bouncing Flask"},{"not_picked":["Prepared","Deadly Poison"],"picked":"Flying Knee"},{"not_picked":["Sucker Punch","Footwork"],"picked":"Dodge and Roll"},{"not_picked":["Glass Knife","Skewer"],"picked":"PiercingWail"},{"not_picked":["Cloak And Dagger","Eviscerate"],"picked":"Bane"},{"not_picked":["Unload","Deadly Poison"],"picked":"Flying Knee"},{"not_picked":["Malaise","Underhanded Strike"],"picked":"Deflect"},{"not_picked":["Corpse Explosion","Doppelganger"],"picked":"Glass Knife"},{"not_picked":["Skewer","Quick Slash"],"picked":"PiercingWail"},{"not_picked":["Predator","Footwork"],"picked":"Riddle With Holes"},{"not_picked":["Flechettes","Deadly Poison"],"picked":"Prepared"},{"not_picked":["Dodge and Roll","Dagger Throw"],"picked":"Dagger Spray"},{"not_picked":["Escape Plan","Unload"],"picked":"Backflip"},{"not_picked":["Quick Slash","Reflex"],"picked":"Prepared"},{"not_picked":["Poisoned Stab","Acrobatics"],"picked":"Dodge and Roll"},{"not_picked":["Dodge and Roll","Sucker Punch"],"picked":"Blur"},{"not_picked":["Flying Knee","Dagger Throw"],"picked":"Cloak And Dagger"}],"player_experience":252078,"potions_floor_usage":[35],"damage_taken":[{"damage":2.0,"enemies":"Jaw Worm","floor":1.0,"turns":7.0},{"damage":0.0,"enemies":"Cultist","floor":2.0,"turns":5.0},{"damage":7.0,"enemies":"Blue Slaver","floor":4.0,"turns":4.0},{"damage":17.0,"enemies":"Exordium Wildlife","floor":5.0,"turns":6.0},{"damage":0.0,"enemies":"Lots of Slimes","floor":8.0,"turns":4.0},{"damage":2.0,"enemies":"Exordium Thugs","floor":11.0,"turns":6.0},{"damage":7.0,"enemies":"Lagavulin","floor":12.0,"turns":8.0},{"damage":0.0,"enemies":"Large Slime","floor":14.0,"turns":6.0},{"damage":9.0,"enemies":"The Guardian","floor":16.0,"turns":9.0},{"damage":3.0,"enemies":"Shell Parasite","floor":18.0,"turns":7.0},{"damage":21.0,"enemies":"Chosen","floor":20.0,"turns":7.0},{"damage":5.0,"enemies":"3 Cultists","floor":24.0,"turns":6.0},{"damage":13.0,"enemies":"Slaver and Parasite","floor":25.0,"turns":8.0},{"damage":4.0,"enemies":"Centurion and Healer","floor":28.0,"turns":4.0},{"damage":22.0,"enemies":"Snecko","floor":29.0,"turns":4.0},{"damage":15.0,"enemies":"Snake Plant","floor":31.0,"turns":6.0},{"damage":47.0,"enemies":"Collector","floor":33.0,"turns":12.0},{"damage":20,"enemies":"3 Shapes","floor":35,"turns":5},{"damage":11,"enemies":"Orb Walker","floor":38,"turns":4},{"damage":79,"enemies":"Maw","floor":44,"turns":13},{"damage":0,"enemies":"4 Shapes","floor":46,"turns":1}],"event_choices":[{"event_name":"Shining Light","player_choice":"Entered Light","floor":3.0,"damage_taken":0.0},{"event_name":"Beggar","player_choice":"Gave Gold","floor":19.0,"damage_taken":0.0},{"event_name":"Forgotten Altar","player_choice":"Shed Blood","floor":22.0,"damage_taken":0.0},{"event_name":"Winding Halls","player_choice":"Writhe","floor":36,"damage_taken":0},{"event_name":"Upgrade Shrine","player_choice":"Upgraded","floor":39,"damage_taken":0},{"event_name":"Tomb of Lord Red Mask","player_choice":"Paid","floor":41,"damage_taken":0}],"boss_relics":[{"not_picked":["Astrolabe","Velvet Choker"],"picked":"Eternal Feather"}],"potions_floor_spawned":[4,5,12,16,25,28,33],"seed_played":"-8200007639762915542","killed_by":"4 Shapes","is_trial":false}