{"path_per_floor":["M","M","?","M","M","E","R","M","T","M","M","?","R","M","R","B",null,"M","?","$","M","M","R","M","M","T","M","M","R","M","?","R","B",null,"M","?","?","?","T","R","M","$","T","M","?","?","M","M","R","B"],"character_chosen":"THE_SILENT","items_purchased":["Sadistic Nature","Leg Sweep","Happy Flower"],"gold_per_floor":[13,25,25,40,60,86,86,106,184,199,211,211,211,223,223,328,328,341,266,13,32,45,45,63,82,82,100,113,113,126,126,126,227,227,237,237,237,237,267,267,281,63,116,135,0,0,14,26,26,26],"floor_reached":51,"campfire_rested":6,"playtime":5775,"current_hp_per_floor":[70,70,70,69,53,10,31,29,29,41,30,53,70,67,67,55,70,67,67,67,67,51,51,50,18,18,28,16,37,30,30,51,37,70,41,58,58,58,58,70,64,64,64,61,61,70,54,40,61,14],"items_purged":["Writhe"],"gold":26,"play_id":"4ee157bc-8bdf-4ff2-8972-0dede690e25a","is_prod":false,"is_daily":false,"campfire_rituals":0,"campfire_upgraded":2,"is_hardmode":false,"path_taken":["M","M","?","M","M","E","R","?","T","M","M","?","R","M","R","BOSS","M","?","$","M","M","R","M","M","T","M","M","R","M","?","R","BOSS","M","?","?","?","?","R","M","$","T","?","?","?","M","M","R","BOSS"],"build_version":"2017-12-21-PROD1","purchased_purges":1,"victory":true,"master_deck":["Survivor","Neutralize","Cloak And Dagger","Bouncing Flask","Prepared","Infinite Blades","Noxious Fumes","Riddle With Holes","Blur","After Image","Flying Knee","Prepared","Escape Plan","Infinite Blades","Cloak And Dagger","Dagger Spray","Sadistic Nature","Leg Sweep","Crippling Poison","Caltrops","Footwork","Blur","Sucker Punch","Backflip","Bane","Envenom","Backflip","Backflip"],"max_hp_per_floor":[70,70,70,70,70,70,70,70,70,70,70,70,70,70,70,70,70,70,70,70,70,70,70,70,70,70,70,70,70,70,70,70,70,70,70,70,70,70,70,70,70,70,70,70,70,70,70,70,70,70],"relics":["Ring of the Snake","Sundial","Matryoshka","Pandora\u0027s Box","Dead Branch","Meat on the Bone","The Specimen","Tiny Chest","Unceasing Top","Happy Flower","Prayer Wheel","Red Mask"],"campfire_meditates":0,"card_choices":[{"not_picked":["Quick Slash","Deflect"],"picked":"Cloak And Dagger"},{"not_picked":["Well Laid Plans","PiercingWail"],"picked":"Bouncing Flask"},{"not_picked":["PiercingWail","Deflect"],"picked":"Prepared"},{"not_picked":["Backflip","PiercingWail"],"picked":"Infinite Blades"},{"not_picked":["Cloak And Dagger","Dagger Spray"],"picked":"Noxious Fumes"},{"not_picked":["Deflect","Prepared"],"picked":"Riddle With Holes"},{"not_picked":["Quick Slash","Underhanded Strike"],"picked":"Blur"},{"not_picked":["Storm of Steel","Corpse Explosion"],"picked":"After Image"},{"not_picked":["Deadly Poison","Prepared"],"picked":"Dagger Spray"},{"not_picked":["Endless Agony","Prepared"],"picked":"Crippling Poison"},{"not_picked":["Acrobatics","Deadly Poison"],"picked":"Caltrops"},{"not_picked":["Backflip","Caltrops"],"picked":"Footwork"},{"not_picked":["Acrobatics","PiercingWail"],"picked":"Blur"},{"not_picked":["Noxious Fumes","Deadly Poison"],"picked":"Sucker Punch"},{"not_picked":["Deadly Poison","Bullet Time"],"picked":"Backflip"},{"not_picked":["Prepared","Blade Dance"],"picked":"Bane"},{"not_picked":["Glass Knife","Unload"],"picked":"Envenom"},{"not_picked":["Distraction","Dagger Throw"],"picked":"Backflip"},{"not_picked":["Sucker Punch","Quick Slash"],"picked":"Backflip"}],"player_experience":311527,"potions_floor_usage":[48,50],"damage_taken":[{"damage":0.0,"enemies":"Cultist","floor":1.0,"turns":4.0},{"damage":0.0,"enemies":"Jaw Worm","floor":2.0,"turns":4.0},{"damage":1.0,"enemies":"Looter","floor":4.0,"turns":4.0},{"damage":16.0,"enemies":"Gremlin Gang","floor":5.0,"turns":6.0},{"damage":43.0,"enemies":"3 Sentries","floor":6.0,"turns":12.0},{"damage":2.0,"enemies":"2 Fungi Beasts","floor":8.0,"turns":4.0},{"damage":3.0,"enemies":"3 Louse","floor":10.0,"turns":5.0},{"damage":11.0,"enemies":"Exordium Thugs","floor":11.0,"turns":5.0},{"damage":3.0,"enemies":"Large Slime","floor":14.0,"turns":6.0},{"damage":12.0,"enemies":"The Guardian","floor":16.0,"turns":9.0},{"damage":3.0,"enemies":"Spheric Guardian","floor":18.0,"turns":5.0},{"damage":0.0,"enemies":"3 Byrds","floor":21.0,"turns":4.0},{"damage":16.0,"enemies":"Snecko","floor":22.0,"turns":6.0},{"damage":1.0,"enemies":"Centurion and Healer","floor":24.0,"turns":6.0},{"damage":32.0,"enemies":"3 Cultists","floor":25.0,"turns":4.0},{"damage":2.0,"enemies":"Snecko","floor":27.0,"turns":4.0},{"damage":24.0,"enemies":"Sentry and Sphere","floor":28.0,"turns":6.0},{"damage":19.0,"enemies":"Snake Plant","floor":30.0,"turns":4.0},{"damage":14.0,"enemies":"Champ","floor":33.0,"turns":14.0},{"damage":29.0,"enemies":"3 Darklings","floor":35.0,"turns":6.0},{"damage":6,"enemies":"Orb Walker","floor":41,"turns":5},{"damage":3,"enemies":"Maw","floor":44,"turns":7},{"damage":16,"enemies":"4 Shapes","floor":47,"turns":5},{"damage":14,"enemies":"Sphere and 2 Shapes","floor":48,"turns":7},{"damage":59,"enemies":"Time Eater","floor":50,"turns":15}],"event_choices":[{"event_name":"The Cleric","player_choice":"Leave","floor":3.0,"damage_taken":0.0},{"event_name":"Big Fish","player_choice":"Banana","floor":12.0,"damage_taken":0.0},{"event_name":"Beggar","player_choice":"Gave Gold","floor":19.0,"damage_taken":0.0},{"event_name":"Drug Dealer","player_choice":"Ignored","floor":31.0,"damage_taken":0.0},{"event_name":"Winding Halls","player_choice":"Writhe","floor":36,"damage_taken":0},{"event_name":"Mysterious Sphere","player_choice":"Ignore","floor":38,"damage_taken":0},{"event_name":"Tomb of Lord Red Mask","player_choice":"Paid","floor":45,"damage_taken":0},{"event_name":"Bonfire Elementals","player_choice":"ATTACK","floor":46,"damage_taken":0}],"boss_relics":[],"potions_floor_spawned":[2,6,8,10,11,21,24,30,33,47,48],"seed_played":"3121599909114868033","is_trial":false}