{"path_per_floor":["M","$","?","M","M","E","?","R","T","R","M","E","M","M","R","B",null,"M","?","?","M","T","R","$","M","T","M","R","?","M","M","R","B",null,"M","M","?","?","M","R","$","M","T","R","M","M","$","M","R","B"],"character_chosen":"THE_SILENT","items_purchased":["Caltrops","Ginger","Block Potion"],"gold_per_floor":[118,7,7,27,45,73,73,73,99,99,119,144,154,165,165,269,269,289,289,289,309,309,309,23,35,35,50,50,50,66,81,81,179,179,196,216,263,263,273,273,121,141,141,141,159,174,49,59,59,59],"floor_reached":51,"campfire_rested":6,"playtime":4917,"current_hp_per_floor":[67,67,67,62,62,41,38,59,59,59,59,51,48,48,69,31,70,59,59,59,53,53,53,53,43,43,30,51,51,45,44,65,33,70,53,52,37,37,48,48,48,47,47,68,59,59,59,59,70,39],"items_purged":["Strike_G","Defend_G","Defend_G"],"gold":59,"play_id":"01bf279e-957d-4003-9500-d43e382ee16e","is_prod":false,"is_daily":false,"campfire_rituals":0,"campfire_upgraded":2,"is_hardmode":false,"path_taken":["M","$","?","M","M","E","?","R","T","R","?","E","M","?","R","BOSS","M","?","?","M","?","R","$","M","T","M","R","?","?","M","R","BOSS","M","M","?","?","M","R","$","M","T","R","M","?","$","?","R","BOSS"],"build_version":"2017-12-21-PROD1","purchased_purges":3,"victory":true,"master_deck":["Defend_G","Defend_G","Defend_G","Strike_G","Strike_G","Strike_G","Survivor","Neutralize","Glass Knife","Caltrops","Poisoned Stab","Well Laid Plans","After Image","All Out Attack","Prepared","Riddle With Holes","Die Die Die","Leg Sweep","Acrobatics","Noxious Fumes","Cloak And Dagger","Slice","Quick Slash","After Image","Dash","Dodge and Roll","Escape Plan","Predator"],"max_hp_per_floor":[70,70,70,70,70,70,70,70,70,70,70,70,70,70,70,70,70,70,70,70,70,70,70,70,70,70,70,70,70,70,70,70,70,70,70,70,70,70,70,70,70,70,70,70,70,70,70,70,70,70],"relics":["Ring of the Snake","War Paint","Frozen Eye","Omamori","Calipers","White Beast Statue","Shuriken","Girya","Ginger","Oddly Smooth Stone","Cursed Key","Sundial","Ice Cream"],"campfire_meditates":0,"card_choices":[{"not_picked":["Outmaneuver","Prepared"],"picked":"Glass Knife"},{"not_picked":["Skewer","Deadly Poison"],"picked":"Poisoned Stab"},{"not_picked":["Flying Knee","Deflect"],"picked":"Well Laid Plans"},{"not_picked":["Dodge and Roll","Burst"],"picked":"After Image"},{"not_picked":["Finisher","Dagger Spray"],"picked":"All Out Attack"},{"not_picked":["Poisoned Stab","Phantasmal Killer"],"picked":"Prepared"},{"not_picked":["Dagger Throw","Well Laid Plans"],"picked":"Riddle With Holes"},{"not_picked":["Unload","Corpse Explosion"],"picked":"Die Die Die"},{"not_picked":["Quick Slash","Heel Hook"],"picked":"Leg Sweep"},{"not_picked":["Prepared","Heel Hook"],"picked":"Noxious Fumes"},{"not_picked":["Slice","Catalyst"],"picked":"Cloak And Dagger"},{"not_picked":["Well Laid Plans","Poisoned Stab"],"picked":"Slice"},{"not_picked":["Slice","Underhanded Strike"],"picked":"Quick Slash"},{"not_picked":["Corpse Explosion","Bullet Time"],"picked":"After Image"},{"not_picked":["Cloak And Dagger","Finisher"],"picked":"Dash"},{"not_picked":["Underhanded Strike","Catalyst"],"picked":"Dodge and Roll"},{"not_picked":["Riddle With Holes","PiercingWail"],"picked":"Escape Plan"},{"not_picked":["Footwork","Bane"],"picked":"Predator"}],"player_experience":348592,"potions_floor_usage":[6,6,11,12,16,18,25,27,30,31,31,35,36,37,39,39,45,48,48,48,50],"damage_taken":[{"damage":3,"enemies":"Blue Slaver","floor":1,"turns":5},{"damage":5,"enemies":"Looter","floor":4,"turns":3},{"damage":0,"enemies":"Cultist","floor":5,"turns":3},{"damage":21,"enemies":"Lagavulin","floor":6,"turns":5},{"damage":0,"enemies":"Exordium Wildlife","floor":11,"turns":4},{"damage":8,"enemies":"Gremlin Nob","floor":12,"turns":3},{"damage":3,"enemies":"Lots of Slimes","floor":13,"turns":4},{"damage":0,"enemies":"2 Fungi Beasts","floor":14,"turns":3},{"damage":38,"enemies":"Slime Boss","floor":16,"turns":13},{"damage":11,"enemies":"Spheric Guardian","floor":18,"turns":5},{"damage":6,"enemies":"Shell Parasite","floor":21,"turns":7},{"damage":10,"enemies":"Snake Plant","floor":25,"turns":3},{"damage":13,"enemies":"Snecko","floor":27,"turns":6},{"damage":21,"enemies":"Slaver and Parasite","floor":30,"turns":7},{"damage":1,"enemies":"Snake Plant","floor":31,"turns":4},{"damage":32,"enemies":"Collector","floor":33,"turns":11},{"damage":17,"enemies":"3 Darklings","floor":35,"turns":5},{"damage":1,"enemies":"3 Shapes","floor":36,"turns":4},{"damage":15,"enemies":"Mysterious Sphere","floor":37,"turns":4},{"damage":4,"enemies":"Maw","floor":39,"turns":8},{"damage":1,"enemies":"4 Shapes","floor":42,"turns":6},{"damage":9,"enemies":"3 Darklings","floor":45,"turns":6},{"damage":0,"enemies":"Maw","floor":46,"turns":7},{"damage":0,"enemies":"Sphere and 2 Shapes","floor":48,"turns":6},{"damage":31,"enemies":"Awakened One","floor":50,"turns":13}],"event_choices":[{"event_name":"The Lab","player_choice":"Got Potions","floor":3,"damage_taken":0},{"event_name":"Scrap Ooze","player_choice":"success","floor":7,"damage_taken":3},{"event_name":"Transmorgrifier","player_choice":"Transform","floor":19,"damage_taken":0},{"event_name":"The Mausoleum","player_choice":"Yes","floor":20,"damage_taken":0},{"event_name":"Back to Basics","player_choice":"Simplicity","floor":29,"damage_taken":0},{"event_name":"Mysterious Sphere","player_choice":"Fight","floor":37,"damage_taken":0},{"event_name":"Tomb of Lord Red Mask","player_choice":"Ignored","floor":38,"damage_taken":0}],"boss_relics":[{"not_picked":["Runic Pyramid","Pandora\u0027s Box"],"picked":"White Beast Statue"},{"not_picked":["Black Star","Lizard Tail"],"picked":"Cursed Key"}],"potions_floor_spawned":[1,6,13,16,18,21,25,27,30,31,33,35,36,37,39,42,45,46,48],"seed_played":"864002614211808605","is_trial":false}