{"path_per_floor":["M","$","?","?","?","R","M","R","T","E","R","$","$","M","R","B",null,"M","?","?","?","M","R","M","M","T","$","M","$","M","M","R","B",null,"M","?","M","$","M","R","?","R","T","?","M","M","R","$","R"],"character_chosen":"THE_SILENT","items_purchased":["Dagger Spray","Infinite Blades"],"gold_per_floor":[110,35,35,35,35,35,45,45,45,78,78,30,30,40,40,136,136,136,136,136,136,136,136,136,136,136,1,1,1,1,1,1,1,1,1,1,1,1,1,1,1,1,1,0,0,0,0,0,0],"floor_reached":50,"campfire_rested":7,"playtime":4404,"current_hp_per_floor":[76,76,76,61,61,61,56,77,77,42,65,65,65,65,65,37,77,77,77,77,77,63,77,73,72,72,72,61,61,47,39,62,33,77,71,71,67,67,42,65,65,65,65,65,60,17,40,40,63],"items_purged":["Defend_G","Writhe"],"gold":0,"play_id":"991c7bc1-9564-46cd-86e9-8317edaa4c5d","is_prod":false,"is_daily":false,"campfire_rituals":0,"campfire_upgraded":3,"is_hardmode":false,"path_taken":["M","$","?","?","?","R","M","R","T","E","R","?","$","M","R","BOSS","M","?","?","?","?","R","M","M","T","$","M","$","M","M","R","BOSS","M","?","M","$","?","R","?","R","T","?","M","M","R","?","R","BOSS"],"build_version":"2017-12-21-PROD1","purchased_purges":2,"victory":false,"master_deck":["Defend_G","Defend_G","Defend_G","Defend_G","Strike_G","Strike_G","Strike_G","Strike_G","Strike_G","Survivor","Neutralize","Backflip","PiercingWail","Dagger Spray","Deadly Poison","After Image","Dash","Prepared","Die Die Die","Infinite Blades","Infinite Blades","Blur","A Thousand Cuts","Dagger Spray","Cloak And Dagger","Poisoned Stab"],"max_hp_per_floor":[77,77,77,77,77,77,77,77,77,77,77,77,77,77,77,77,77,77,77,77,77,77,77,77,77,77,77,77,77,77,77,77,77,77,77,77,77,77,77,77,77,77,77,77,77,77,77,77,77],"relics":["Ring of the Snake","Strawberry","Sundial","Oddly Smooth Stone","Ectoplasm","Bag of Preparation","Bottled Flame","Sozu","War Paint","Red Mask"],"campfire_meditates":0,"card_choices":[{"not_picked":["Prepared","Flying Knee"],"picked":"Backflip"},{"not_picked":["Cloak And Dagger","Dagger Throw"],"picked":"PiercingWail"},{"not_picked":["Setup","Endless Agony"],"picked":"Deadly Poison"},{"not_picked":["Storm of Steel","Tools of the Trade"],"picked":"After Image"},{"not_picked":["Outmaneuver","Backflip"],"picked":"Prepared"},{"not_picked":["Escape Plan","Flying Knee"],"picked":"Die Die Die"},{"not_picked":["Dagger Throw","Bane"],"picked":"Infinite Blades"},{"not_picked":["Underhanded Strike","Acrobatics"],"picked":"Blur"},{"not_picked":["Phantasmal Killer","Doppelganger"],"picked":"A Thousand Cuts"},{"not_picked":["Underhanded Strike","PiercingWail"],"picked":"Dagger Spray"},{"not_picked":["Sucker Punch","Prepared"],"picked":"Poisoned Stab"}],"player_experience":271576,"potions_floor_usage":[],"damage_taken":[{"damage":1.0,"enemies":"Cultist","floor":1.0,"turns":4.0},{"damage":5.0,"enemies":"Blue Slaver","floor":7.0,"turns":4.0},{"damage":35.0,"enemies":"3 Sentries","floor":10.0,"turns":10.0},{"damage":0.0,"enemies":"Jaw Worm","floor":14.0,"turns":4.0},{"damage":28.0,"enemies":"Hexaghost","floor":16.0,"turns":11.0},{"damage":0.0,"enemies":"3 Byrds","floor":18.0,"turns":6.0},{"damage":14.0,"enemies":"Spheric Guardian","floor":22.0,"turns":10.0},{"damage":4.0,"enemies":"Centurion and Healer","floor":24.0,"turns":8.0},{"damage":1.0,"enemies":"Snake Plant","floor":25.0,"turns":5.0},{"damage":11.0,"enemies":"3 Cultists","floor":28.0,"turns":5.0},{"damage":14.0,"enemies":"Sentry and Sphere","floor":30.0,"turns":6.0},{"damage":8.0,"enemies":"Snecko","floor":31.0,"turns":6.0},{"damage":29.0,"enemies":"Automaton","floor":33.0,"turns":13.0},{"damage":6.0,"enemies":"3 Shapes","floor":35.0,"turns":3.0},{"damage":4.0,"enemies":"Orb Walker","floor":37.0,"turns":5.0},{"damage":25.0,"enemies":"Maw","floor":39.0,"turns":9.0},{"damage":5,"enemies":"3 Darklings","floor":45,"turns":4},{"damage":43,"enemies":"4 Shapes","floor":46,"turns":7},{"damage":64,"enemies":"Donu and Deca","floor":50,"turns":5}],"event_choices":[{"event_name":"Accursed Blacksmith","player_choice":"Forge","floor":3.0,"damage_taken":0.0},{"event_name":"Shining Light","player_choice":"Entered Light","floor":4.0,"damage_taken":0.0},{"event_name":"Upgrade Shrine","player_choice":"Upgraded","floor":5.0,"damage_taken":0.0},{"event_name":"The Library","player_choice":"Read","floor":19.0,"damage_taken":0.0},{"event_name":"Drug Dealer","player_choice":"Ignored","floor":20.0,"damage_taken":0.0},{"event_name":"The Mausoleum","player_choice":"Yes","floor":21.0,"damage_taken":0.0},{"event_name":"Match and Keep!","player_choice":"2 cards matched","floor":36.0,"damage_taken":0.0},{"event_name":"Tomb of Lord Red Mask","player_choice":"Paid","floor":44,"damage_taken":0}],"boss_relics":[],"potions_floor_spawned":[10,24,25,28,31,35,37,46],"seed_played":"-5230933078809260501","killed_by":"Donu and Deca","is_trial":false}