{"path_per_floor":["M","M","?","$","?","R","E","R","T","M","$","E","$","M","R","B",null,"M","?","M","M","$","R","M","M","T"],"character_chosen":"THE_SILENT","items_purchased":["Blur","Infinite Blades","Backflip","Apotheosis"],"gold_per_floor":[218,235,185,7,7,7,40,40,40,58,5,32,32,48,48,143,143,158,158,175,193,4,4,24,44,44],"floor_reached":27,"campfire_rested":2,"playtime":2414,"current_hp_per_floor":[68,67,67,67,67,67,57,70,70,70,70,64,64,63,77,31,84,75,75,59,32,32,57,57,1,1],"items_purged":["Defend_G"],"gold":44,"play_id":"16c8b7b5-75e8-446e-8dd5-cb0d96649109","is_prod":false,"is_daily":false,"campfire_rituals":0,"campfire_upgraded":1,"is_hardmode":false,"path_taken":["BOSS","M","M","?","$","?","R","E","R","T","M","$","E","?","M","R","BOSS","M","?","M","M","$","R","M","?","T","?"],"build_version":"2017-12-21-PROD1","purchased_purges":1,"victory":false,"master_deck":["Defend_G","Defend_G","Defend_G","Defend_G","Strike_G","Strike_G","Strike_G","Strike_G","Survivor","Neutralize","Sucker Punch","Bane","Blur","Infinite Blades","Dagger Spray","Deadly Poison","Backflip","Poisoned Stab","Die Die Die","Corpse Explosion","Backflip","Bullet Time","Apotheosis","Noxious Fumes","Calculated Gamble"],"max_hp_per_floor":[70,70,70,70,70,70,70,70,70,70,70,70,70,70,84,84,84,84,84,84,84,84,84,84,84,84],"relics":["Ring of the Snake","Ninja Scroll","Sundial","Shovel","Mango","Question Card","Ginger"],"campfire_meditates":0,"card_choices":[{"not_picked":["Backflip","Dagger Throw"],"picked":"Sucker Punch"},{"not_picked":["Cloak And Dagger","Escape Plan"],"picked":"Bane"},{"not_picked":["Flying Knee","Dagger Throw"],"picked":"Dagger Spray"},{"not_picked":["Dodge and Roll","Distraction"],"picked":"Deadly Poison"},{"not_picked":["Outmaneuver","Dodge and Roll"],"picked":"Poisoned Stab"},{"not_picked":["Eviscerate","Backflip"],"picked":"Die Die Die"},{"not_picked":["Tactician","Doppelganger"],"picked":"Corpse Explosion"},{"not_picked":["Underhanded Strike","Masterful Stab","Quick Slash"],"picked":"Backflip"},{"not_picked":["Escape Plan","Dagger Throw","Cloak And Dagger"],"picked":"Bullet Time"},{"not_picked":["Sucker Punch","Endless Agony","Dagger Spray"],"picked":"Noxious Fumes"},{"not_picked":["Deadly Poison","Backflip","Die Die Die"],"picked":"Calculated Gamble"}],"player_experience":290164,"potions_floor_usage":[12,16,16,18,20],"damage_taken":[{"damage":2,"enemies":"Looter","floor":1,"turns":5},{"damage":1,"enemies":"Jaw Worm","floor":2,"turns":5},{"damage":10,"enemies":"Lagavulin","floor":7,"turns":8},{"damage":0,"enemies":"Blue Slaver","floor":10,"turns":3},{"damage":6,"enemies":"3 Sentries","floor":12,"turns":5},{"damage":1,"enemies":"Exordium Wildlife","floor":14,"turns":3},{"damage":46,"enemies":"Hexaghost","floor":16,"turns":11},{"damage":9,"enemies":"2 Thieves","floor":18,"turns":3},{"damage":16,"enemies":"Spheric Guardian","floor":20,"turns":4},{"damage":27,"enemies":"Snake Plant","floor":21,"turns":8},{"damage":0,"enemies":"Snecko","floor":24,"turns":4},{"damage":56,"enemies":"Slaver and Parasite","floor":25,"turns":6},{"damage":0,"enemies":"Centurion and Healer","floor":27,"turns":5}],"event_choices":[{"event_name":"The Cleric","player_choice":"Card Removal","floor":3,"damage_taken":0},{"event_name":"Accursed Blacksmith","player_choice":"Forge","floor":5,"damage_taken":0},{"event_name":"Drug Dealer","player_choice":"Ignored","floor":19,"damage_taken":0}],"boss_relics":[{"not_picked":["Snecko Eye","Philosopher\u0027s Stone"],"picked":"Question Card"}],"potions_floor_spawned":[7,10,12,16,18,25],"seed_played":"-8275143615539390432","killed_by":"Centurion and Healer","is_trial":false}