{"path_per_floor":["M","M","M","M","?","R","E","M","T","$","R","?","M","?","R","B",null,"M","?","M","$","?","?","R","M","T","R","?","R","E","$","R","B",null,"M","$","?","M","M","R"],"character_chosen":"THE_SILENT","items_purchased":["Noxious Fumes","Happy Flower","Backflip","Blur"],"gold_per_floor":[111,125,140,156,156,156,185,195,195,39,39,39,55,113,113,214,214,232,232,245,49,49,49,49,66,66,66,66,66,91,18,18,121,121,141,41,41,52,63,63],"floor_reached":41,"campfire_rested":4,"playtime":3149,"current_hp_per_floor":[75,74,70,67,72,72,52,52,52,52,76,76,73,73,73,48,82,75,66,57,57,57,57,83,68,68,68,68,68,42,42,68,44,87,83,83,73,69,50,76],"items_purged":["Defend_G","Defend_G"],"gold":63,"play_id":"0ac0fd0e-bfc5-4333-af7a-4d781eb20b0d","is_prod":false,"is_daily":false,"campfire_rituals":0,"campfire_upgraded":4,"is_hardmode":false,"path_taken":["M","M","M","M","?","R","E","M","T","$","R","?","M","?","R","BOSS","M","?","M","$","?","?","R","M","T","R","?","R","E","?","R","BOSS","M","$","?","M","M","R","E"],"build_version":"2017-12-21-PROD1","purchased_purges":2,"victory":false,"master_deck":["Defend_G","Defend_G","Defend_G","Strike_G","Strike_G","Strike_G","Strike_G","Survivor","Neutralize","Choke","Deflect","Dash","PiercingWail","A Thousand Cuts","Flying Knee","Noxious Fumes","Envenom","Skewer","Deflect","Backflip","Malaise","Dodge and Roll","Blur","Die Die Die","Predator","Madness","Madness","Prepared","Cloak And Dagger"],"max_hp_per_floor":[77,77,77,77,82,82,82,82,82,82,82,82,82,82,82,82,82,82,87,87,87,87,87,87,87,87,87,87,87,87,87,87,87,87,87,87,87,87,87,87],"relics":["Ring of the Snake","Juzu Bracelet","Frozen Eye","White Beast Statue","Happy Flower","Thread and Needle","Ornamental Fan","Sozu"],"campfire_meditates":0,"card_choices":[{"not_picked":["Bane","Dagger Throw"],"picked":"Choke"},{"not_picked":["Corpse Explosion","Dodge and Roll"],"picked":"Deflect"},{"not_picked":["Dodge and Roll","Sucker Punch"],"picked":"Dash"},{"not_picked":["Bane","Predator"],"picked":"PiercingWail"},{"not_picked":["Malaise","Slice"],"picked":"A Thousand Cuts"},{"not_picked":["PiercingWail","Setup"],"picked":"Flying Knee"},{"not_picked":["Burst","Corpse Explosion"],"picked":"Envenom"},{"not_picked":["Bouncing Flask","Flechettes"],"picked":"Skewer"},{"not_picked":["Slice","Bouncing Flask"],"picked":"Deflect"},{"not_picked":["Poisoned Stab","Riddle With Holes"],"picked":"Malaise"},{"not_picked":["Poisoned Stab","Underhanded Strike"],"picked":"Dodge and Roll"},{"not_picked":["A Thousand Cuts","Doppelganger"],"picked":"Die Die Die"},{"not_picked":["Heel Hook","Accuracy"],"picked":"Predator"},{"not_picked":["Calculated Gamble","Dagger Throw"],"picked":"Prepared"},{"not_picked":["Accuracy","Choke"],"picked":"Cloak And Dagger"}],"player_experience":334577,"potions_floor_usage":[],"damage_taken":[{"damage":2.0,"enemies":"Jaw Worm","floor":1.0,"turns":4.0},{"damage":1.0,"enemies":"Cultist","floor":2.0,"turns":3.0},{"damage":4.0,"enemies":"Looter","floor":3.0,"turns":4.0},{"damage":3.0,"enemies":"Red Slaver","floor":4.0,"turns":5.0},{"damage":20.0,"enemies":"Gremlin Nob","floor":7.0,"turns":5.0},{"damage":0.0,"enemies":"3 Louse","floor":8.0,"turns":3.0},{"damage":3.0,"enemies":"Exordium Thugs","floor":13.0,"turns":4.0},{"damage":25.0,"enemies":"Hexaghost","floor":16.0,"turns":10.0},{"damage":7.0,"enemies":"Chosen","floor":18.0,"turns":6.0},{"damage":9.0,"enemies":"3 Byrds","floor":20.0,"turns":4.0},{"damage":15.0,"enemies":"Snake Plant","floor":25.0,"turns":4.0},{"damage":26.0,"enemies":"Gremlin Leader","floor":30.0,"turns":6.0},{"damage":24.0,"enemies":"Collector","floor":33.0,"turns":10.0},{"damage":4,"enemies":"3 Shapes","floor":35,"turns":4},{"damage":4,"enemies":"Orb Walker","floor":38,"turns":4},{"damage":19,"enemies":"3 Darklings","floor":39,"turns":4},{"damage":91,"enemies":"Giant Head","floor":41,"turns":9}],"event_choices":[{"event_name":"Big Fish","player_choice":"Donut","floor":5.0,"damage_taken":0.0},{"event_name":"Living Wall","player_choice":"Grow","floor":12.0,"damage_taken":0.0},{"event_name":"Golden Wing","player_choice":"Gained Gold","floor":14.0,"damage_taken":0.0},{"event_name":"Forgotten Altar","player_choice":"Shed Blood","floor":19.0,"damage_taken":0.0},{"event_name":"The Lab","player_choice":"Got Potions","floor":22.0,"damage_taken":0.0},{"event_name":"Drug Dealer","player_choice":"Ignored","floor":23.0,"damage_taken":0.0},{"event_name":"Bonfire Elementals","player_choice":"ATTACK","floor":28.0,"damage_taken":0.0},{"event_name":"Winding Halls","player_choice":"Embrace Madness","floor":37,"damage_taken":0}],"boss_relics":[{"not_picked":["Black Star","The Specimen"],"picked":"Sozu"}],"potions_floor_spawned":[3,4,7,16,18,20,25,30,33,35,38,39],"seed_played":"6199886677066760200","killed_by":"Giant Head","is_trial":false}