{"path_per_floor":["M","M","?","?","M","E","R","?","T","$","R","M","M","M","R","B",null],"character_chosen":"THE_SILENT","items_purchased":["Happy Flower"],"gold_per_floor":[115,132,132,207,219,246,246,246,246,25,25,44,59,76,76,176,176],"floor_reached":18,"campfire_rested":3,"playtime":1386,"current_hp_per_floor":[69,65,65,54,47,29,50,50,50,50,70,70,66,58,70,26,70],"items_purged":["Strike_G"],"gold":176,"play_id":"521de08a-ef78-4f41-8b3d-af1330e2c1d6","is_prod":false,"is_daily":false,"campfire_rituals":0,"campfire_upgraded":0,"is_hardmode":false,"path_taken":["M","M","?","?","M","E","R","?","T","$","R","?","M","M","R","BOSS","M"],"build_version":"2017-12-21-PROD1","purchased_purges":1,"victory":false,"master_deck":["Defend_G","Defend_G","Defend_G","Defend_G","Strike_G","Strike_G","Strike_G","Strike_G","Survivor","Neutralize","Deflect","Dash","Backstab","Storm of Steel","Accuracy","Poisoned Stab","Well Laid Plans","After Image"],"max_hp_per_floor":[70,70,70,70,70,70,70,70,70,70,70,70,70,70,70,70,70],"relics":["Ring of the Snake","Ancient Tea Set","Frozen Eye","Happy Flower"],"campfire_meditates":0,"card_choices":[{"not_picked":["Acrobatics","Dodge and Roll"],"picked":"Deflect"},{"not_picked":["Backstab","Sucker Punch"],"picked":"Dash"},{"not_picked":["Deflect","Deadly Poison"],"picked":"Backstab"},{"not_picked":["Deflect","Dodge and Roll"],"picked":"Accuracy"},{"not_picked":["Distraction","Deadly Poison"],"picked":"Poisoned Stab"},{"not_picked":["Heel Hook","Grand Finale"],"picked":"Well Laid Plans"},{"not_picked":["Bullet Time","Unload"],"picked":"After Image"}],"player_experience":276159,"potions_floor_usage":[6,16],"damage_taken":[{"damage":1,"enemies":"Cultist","floor":1,"turns":5},{"damage":4,"enemies":"Jaw Worm","floor":2,"turns":4},{"damage":7,"enemies":"Blue Slaver","floor":5,"turns":5},{"damage":18,"enemies":"3 Sentries","floor":6,"turns":11},{"damage":0,"enemies":"2 Fungi Beasts","floor":12,"turns":2},{"damage":4,"enemies":"Lots of Slimes","floor":13,"turns":6},{"damage":8,"enemies":"Exordium Wildlife","floor":14,"turns":6},{"damage":44,"enemies":"Slime Boss","floor":16,"turns":14},{"damage":0,"enemies":"3 Byrds","floor":18,"turns":2}],"event_choices":[{"event_name":"Liars Game","player_choice":"disagreed","floor":3,"damage_taken":0},{"event_name":"World of Goop","player_choice":"Gather Gold","floor":4,"damage_taken":0},{"event_name":"Transmorgrifier","player_choice":"Transform","floor":8,"damage_taken":0}],"boss_relics":[{"not_picked":["Snecko Eye","Runic Dome","Velvet Choker"]}],"potions_floor_spawned":[5,6,13,16],"seed_played":"4449888463593048133","killed_by":"3 Byrds","is_trial":false}