{"path_per_floor":["M","M","M","?","$","M","R","M","T","R","M","M","$","M","R","B",null,"M","M","M","M","$","R","M","R","T","M","?","?","R","M","R","B",null,"M","M","?","$","M","R","M","R","T","M","M","?","R","M","R","B"],"character_chosen":"THE_SILENT","items_purchased":["Noxious Fumes","Quick Slash","Apotheosis","Anchor"],"gold_per_floor":[111,126,136,136,61,72,72,87,137,137,148,167,53,72,72,174,174,185,197,213,225,30,30,45,45,121,131,131,131,131,150,150,254,254,271,281,281,25,44,44,54,54,106,124,144,144,144,159,159,159],"floor_reached":51,"campfire_rested":9,"playtime":6443,"current_hp_per_floor":[66,66,61,61,61,42,63,60,60,60,60,46,46,34,55,22,70,70,66,53,27,27,48,35,56,56,26,49,49,49,35,56,28,70,57,53,53,53,35,56,36,57,57,53,35,35,56,25,46,21],"items_purged":["Defend_G","Strike_G"],"gold":159,"play_id":"25d0ad5c-fc49-4cfa-bdfa-2f6112ae230a","is_prod":false,"is_daily":false,"campfire_rituals":0,"campfire_upgraded":2,"is_hardmode":false,"path_taken":["M","M","M","?","$","?","R","M","T","R","M","M","$","M","R","BOSS","M","M","M","M","$","R","M","R","T","M","?","?","R","M","R","BOSS","M","M","?","$","M","R","M","R","T","M","M","?","R","M","R","BOSS"],"build_version":"2017-12-21-PROD1","purchased_purges":3,"victory":true,"master_deck":["Defend_G","Defend_G","Defend_G","Defend_G","Strike_G","Strike_G","Strike_G","Survivor","Neutralize","Dagger Spray","Well Laid Plans","Dash","Blur","PiercingWail","Noxious Fumes","Quick Slash","Quick Slash","Bullet Time","Sucker Punch","Bane","Poisoned Stab","Cloak And Dagger","Adrenaline","Prepared","Infinite Blades","Backflip","Apotheosis","Caltrops","Dagger Throw","Escape Plan","PiercingWail","After Image","Dagger Spray","Escape Plan","Predator","After Image","Leg Sweep"],"max_hp_per_floor":[70,70,70,70,70,70,70,70,70,70,70,70,70,70,70,70,70,70,70,70,70,70,70,70,70,70,70,70,70,70,70,70,70,70,70,70,70,70,70,70,70,70,70,70,70,70,70,70,70,70],"relics":["Ring of the Snake","Dream Catcher","Orrery","Letter Opener","The Specimen","Anchor","Molten Egg"],"campfire_meditates":0,"card_choices":[{"not_picked":["Flying Knee","Deflect"],"picked":"Dagger Spray"},{"not_picked":["Dagger Spray","Distraction"],"picked":"Well Laid Plans"},{"not_picked":["Riddle With Holes","Skewer"],"picked":"Dash"},{"not_picked":["PiercingWail","Prepared"],"picked":"Blur"},{"not_picked":["Acrobatics","All Out Attack"],"picked":"PiercingWail"},{"not_picked":["Deadly Poison","Outmaneuver"],"picked":"Quick Slash"},{"not_picked":["Doppelganger","Burst"],"picked":"Bullet Time"},{"not_picked":["Outmaneuver","Endless Agony"],"picked":"Sucker Punch"},{"not_picked":["Riddle With Holes","Underhanded Strike"],"picked":"Bane"},{"not_picked":["Deadly Poison","Deflect"],"picked":"Poisoned Stab"},{"not_picked":["PiercingWail","Endless Agony"],"picked":"Cloak And Dagger"},{"not_picked":["Bouncing Flask","Noxious Fumes"],"picked":"Adrenaline"},{"not_picked":["Acrobatics","Well Laid Plans"],"picked":"Prepared"},{"not_picked":["PiercingWail","Deflect"],"picked":"Infinite Blades"},{"not_picked":["Setup","Outmaneuver"],"picked":"Backflip"},{"not_picked":["Quick Slash","Outmaneuver"],"picked":"Caltrops"},{"not_picked":["Eviscerate","Skewer"],"picked":"Dagger Throw"},{"not_picked":["Corpse Explosion","Finisher"],"picked":"Escape Plan"},{"not_picked":["Prepared","Dagger Throw"],"picked":"PiercingWail"},{"not_picked":["A Thousand Cuts","Bullet Time"],"picked":"After Image"},{"not_picked":["Deadly Poison","Outmaneuver"],"picked":"Dagger Spray"},{"not_picked":["Outmaneuver","Terror"],"picked":"Escape Plan"},{"not_picked":["Deflect","Blade Dance"],"picked":"Predator"},{"not_picked":["Prepared","Slice"],"picked":"After Image"},{"not_picked":["Finisher","Poisoned Stab"],"picked":"Leg Sweep"}],"player_experience":196575,"potions_floor_usage":[6,6,14,21,24,31,33,44,48,50],"damage_taken":[{"damage":4,"enemies":"Blue Slaver","floor":1,"turns":6},{"damage":0,"enemies":"Jaw Worm","floor":2,"turns":4},{"damage":5,"enemies":"Cultist","floor":3,"turns":5},{"damage":19,"enemies":"Gremlin Gang","floor":6,"turns":4},{"damage":3,"enemies":"2 Fungi Beasts","floor":8,"turns":4},{"damage":0,"enemies":"3 Louse","floor":11,"turns":3},{"damage":14,"enemies":"Gremlin Gang","floor":12,"turns":6},{"damage":12,"enemies":"Large Slime","floor":14,"turns":6},{"damage":33,"enemies":"The Guardian","floor":16,"turns":12},{"damage":0,"enemies":"3 Byrds","floor":18,"turns":6},{"damage":4,"enemies":"Chosen","floor":19,"turns":6},{"damage":13,"enemies":"Snake Plant","floor":20,"turns":6},{"damage":26,"enemies":"3 Cultists","floor":21,"turns":7},{"damage":13,"enemies":"Centurion and Healer","floor":24,"turns":7},{"damage":30,"enemies":"Snake Plant","floor":27,"turns":6},{"damage":14,"enemies":"Chosen and Byrds","floor":31,"turns":6},{"damage":43,"enemies":"Collector","floor":33,"turns":10},{"damage":13,"enemies":"3 Shapes","floor":35,"turns":6},{"damage":4,"enemies":"Orb Walker","floor":36,"turns":5},{"damage":18,"enemies":"3 Darklings","floor":39,"turns":6},{"damage":20,"enemies":"Maw","floor":41,"turns":10},{"damage":19,"enemies":"Sphere and 2 Shapes","floor":44,"turns":6},{"damage":18,"enemies":"3 Darklings","floor":45,"turns":5},{"damage":40,"enemies":"4 Shapes","floor":48,"turns":4},{"damage":25,"enemies":"Awakened One","floor":50,"turns":20}],"event_choices":[{"event_name":"Liars Game","player_choice":"disagreed","floor":4,"damage_taken":0},{"event_name":"The Library","player_choice":"Heal","floor":28,"damage_taken":0},{"event_name":"Cursed Tome","player_choice":"Ignored","floor":29,"damage_taken":0},{"event_name":"Purifier","player_choice":"One Purge","floor":37,"damage_taken":0},{"event_name":"Mysterious Sphere","player_choice":"Ignore","floor":46,"damage_taken":0}],"boss_relics":[{"not_picked":["Calling Bell","Philosopher\u0027s Stone"],"picked":"Orrery"},{"not_picked":["Tiny House","Runic Pyramid"],"picked":"The Specimen"}],"potions_floor_spawned":[2,3,12,18,20,27,31,41,45,48],"seed_played":"4534272236827195038","is_trial":false}