{"path_per_floor":["M","?","$","?","M","M","R","E","T","$","R","M","?","M","R","B",null,"M","?","?","M","?","R","M","M","T","$","M","M","?","M","R","B",null,"M","?","M","?","M","R","M","R","T","T","M","?","$","$","R"],"character_chosen":"THE_SILENT","items_purchased":["Caltrops","Bullet Time","Oddly Smooth Stone","Letter Opener","Noxious Fumes"],"gold_per_floor":[117,117,5,5,20,33,33,63,143,7,7,18,18,37,37,137,137,151,51,51,73,73,73,85,103,175,23,43,62,62,78,78,182,182,200,200,210,210,225,225,235,235,309,309,327,327,29,29,29],"floor_reached":50,"campfire_rested":6,"playtime":5108,"current_hp_per_floor":[77,77,77,82,78,78,78,66,66,66,66,66,66,66,82,58,82,68,68,82,47,47,71,65,64,64,64,51,45,36,36,62,51,87,78,68,49,49,26,52,36,62,62,62,62,62,62,62,87],"items_purged":["Strike_G"],"gold":29,"play_id":"909b9333-1eb1-4b96-9089-bfe714bb6204","is_prod":false,"is_daily":false,"campfire_rituals":0,"campfire_upgraded":2,"is_hardmode":false,"path_taken":["M","?","$","?","?","M","R","E","T","$","R","M","?","M","R","BOSS","M","?","?","M","?","R","M","M","T","$","?","?","?","M","R","BOSS","M","?","M","?","M","R","M","R","T","?","M","?","?","$","R","BOSS"],"build_version":"2017-12-21-PROD1","purchased_purges":1,"victory":false,"master_deck":["Defend_G","Defend_G","Defend_G","Defend_G","Strike_G","Strike_G","Strike_G","Survivor","Neutralize","Quick Slash","Caltrops","Footwork","Dagger Spray","Bullet Time","Choke","Die Die Die","Sucker Punch","PiercingWail","Prepared","Dash","Phantasmal Killer","Malaise","Dramatic Entrance","Backflip","Madness","Madness","Backflip","Noxious Fumes"],"max_hp_per_floor":[77,77,77,82,82,82,82,82,82,82,82,82,82,82,82,82,82,82,82,82,82,82,82,82,82,82,82,82,82,87,87,87,87,87,87,87,87,87,87,87,87,87,87,87,87,87,87,87,87],"relics":["Ring of the Snake","Gremlin Horn","Kunai","Runic Pyramid","Paper Crane","Oddly Smooth Stone","Astrolabe","Bottled Flame","Happy Flower","Letter Opener"],"campfire_meditates":0,"card_choices":[{"not_picked":["Acrobatics","Dodge and Roll"],"picked":"Quick Slash"},{"not_picked":["Cloak And Dagger","Heel Hook"],"picked":"Footwork"},{"not_picked":["Slice","PiercingWail"],"picked":"Dagger Spray"},{"not_picked":["Storm of Steel","Underhanded Strike"],"picked":"Choke"},{"not_picked":["Burst","Envenom"],"picked":"Die Die Die"},{"not_picked":["Outmaneuver","Acrobatics"],"picked":"Sucker Punch"},{"not_picked":["Deflect","Heel Hook"],"picked":"PiercingWail"},{"not_picked":["Flying Knee","Distraction"],"picked":"Prepared"},{"not_picked":["Noxious Fumes","Endless Agony"],"picked":"Dash"},{"not_picked":["Grand Finale","Wraith Form"],"picked":"Phantasmal Killer"},{"not_picked":["Bane","Skewer"],"picked":"Backflip"},{"not_picked":["Underhanded Strike","Concentrate"],"picked":"Backflip"}],"player_experience":230819,"potions_floor_usage":[39,39,41,50],"damage_taken":[{"damage":0.0,"enemies":"Cultist","floor":1.0,"turns":4.0},{"damage":4.0,"enemies":"Looter","floor":5.0,"turns":4.0},{"damage":0.0,"enemies":"Jaw Worm","floor":6.0,"turns":5.0},{"damage":12.0,"enemies":"Gremlin Nob","floor":8.0,"turns":5.0},{"damage":0.0,"enemies":"Gremlin Gang","floor":12.0,"turns":2.0},{"damage":0.0,"enemies":"Exordium Wildlife","floor":14.0,"turns":3.0},{"damage":24.0,"enemies":"Hexaghost","floor":16.0,"turns":12.0},{"damage":14.0,"enemies":"Shell Parasite","floor":18.0,"turns":6.0},{"damage":35.0,"enemies":"2 Thieves","floor":21.0,"turns":4.0},{"damage":6.0,"enemies":"Snake Plant","floor":24.0,"turns":3.0},{"damage":1.0,"enemies":"3 Cultists","floor":25.0,"turns":5.0},{"damage":13.0,"enemies":"Slaver and Parasite","floor":28.0,"turns":6.0},{"damage":6.0,"enemies":"Centurion and Healer","floor":29.0,"turns":8.0},{"damage":0.0,"enemies":"Snake Plant","floor":31.0,"turns":5.0},{"damage":11.0,"enemies":"Collector","floor":33.0,"turns":12.0},{"damage":9.0,"enemies":"3 Darklings","floor":35.0,"turns":5.0},{"damage":19.0,"enemies":"3 Shapes","floor":37.0,"turns":5.0},{"damage":23,"enemies":"Sphere and 2 Shapes","floor":39,"turns":5},{"damage":16,"enemies":"4 Shapes","floor":41,"turns":5},{"damage":0,"enemies":"Maw","floor":45,"turns":10},{"damage":94,"enemies":"Donu and Deca","floor":50,"turns":10}],"event_choices":[{"event_name":"Living Wall","player_choice":"Grow","floor":2.0,"damage_taken":0.0},{"event_name":"Big Fish","player_choice":"Donut","floor":4.0,"damage_taken":0.0},{"event_name":"Golden Wing","player_choice":"Ignored","floor":13.0,"damage_taken":0.0},{"event_name":"Drug Dealer","player_choice":"Got JAXXED","floor":19.0,"damage_taken":0.0},{"event_name":"The Library","player_choice":"Heal","floor":20.0,"damage_taken":0.0},{"event_name":"Back to Basics","player_choice":"Simplicity","floor":22.0,"damage_taken":0.0},{"event_name":"Forgotten Altar","player_choice":"Shed Blood","floor":30.0,"damage_taken":0.0},{"event_name":"Winding Halls","player_choice":"Embrace Madness","floor":36.0,"damage_taken":0.0},{"event_name":"Tomb of Lord Red Mask","player_choice":"Ignored","floor":46,"damage_taken":0}],"boss_relics":[],"potions_floor_spawned":[6,16,21,24,29,33,37,39,45],"seed_played":"5667898023593708702","killed_by":"Donu and Deca","is_trial":false}