{"path_per_floor":["M","?","M","?","M","E","R","M","T","M","R","M","$","M","R","B",null,"M","?","?","M","$","R","M","?","T","M","M","R","M","M","R","B",null,"M","$","M","?"],"character_chosen":"THE_SILENT","items_purchased":["Pen Nib","Blur","Footwork","Singing Bowl","Prepared"],"gold_per_floor":[112,62,74,74,91,117,117,132,178,195,195,214,32,46,46,150,150,160,160,140,153,39,39,59,59,83,97,113,113,124,137,137,237,237,253,58,71,71],"floor_reached":39,"campfire_rested":3,"playtime":4007,"current_hp_per_floor":[70,70,69,69,68,48,69,68,68,68,68,68,68,68,68,55,70,62,62,62,62,62,62,44,67,67,32,25,46,45,32,53,23,70,54,54,22,22],"items_purged":["Strike_G"],"gold":71,"play_id":"3917d304-56e6-4fa1-87be-628371bbed67","is_prod":false,"is_daily":false,"campfire_rituals":0,"campfire_upgraded":3,"is_hardmode":false,"path_taken":["M","?","M","?","?","E","R","M","T","M","R","M","$","M","R","BOSS","M","?","?","M","$","R","M","?","T","M","M","R","M","M","R","BOSS","M","$","M","?","M"],"build_version":"2017-12-21-PROD1","purchased_purges":2,"victory":false,"master_deck":["Defend_G","Defend_G","Defend_G","Defend_G","Strike_G","Strike_G","Strike_G","Strike_G","Survivor","Neutralize","Blur","Blur","Predator","Poisoned Stab","Infinite Blades","Choke","Quick Slash","Blur","Phantasmal Killer","Bouncing Flask","Footwork","PiercingWail","Leg Sweep","Blur","Dagger Spray","Envenom","Prepared"],"max_hp_per_floor":[70,70,70,70,70,70,70,70,70,70,70,70,70,70,70,70,70,70,70,70,70,70,70,70,70,70,70,70,70,70,70,70,70,70,70,70,72,72],"relics":["Ring of the Snake","Bag of Marbles","Ninja Scroll","Molten Egg","Pen Nib","Toxic Egg","Lizard Tail","Singing Bowl"],"campfire_meditates":0,"card_choices":[{"not_picked":["PiercingWail","Deflect"],"picked":"Blur"},{"not_picked":["Catalyst","Outmaneuver"],"picked":"Blur"},{"not_picked":["Underhanded Strike","PiercingWail"],"picked":"Predator"},{"not_picked":["Skewer","Catalyst"],"picked":"Poisoned Stab"},{"not_picked":["Flechettes","Deflect"],"picked":"Infinite Blades"},{"not_picked":["Heel Hook","PiercingWail"],"picked":"Choke"},{"not_picked":["Bane","Eviscerate"],"picked":"Quick Slash"},{"not_picked":["Tools of the Trade","Corpse Explosion"],"picked":"Phantasmal Killer"},{"not_picked":["Deflect","Acrobatics"],"picked":"Bouncing Flask"},{"not_picked":["Infinite Blades","Dagger Spray"],"picked":"PiercingWail"},{"not_picked":["Concentrate","Malaise"],"picked":"Leg Sweep"},{"not_picked":["Leg Sweep","Eviscerate"],"picked":"Blur"},{"not_picked":["Storm of Steel","Quick Slash"],"picked":"Dagger Spray"},{"not_picked":["Tools of the Trade","Glass Knife"],"picked":"Envenom"}],"player_experience":267569,"potions_floor_usage":[],"damage_taken":[{"damage":0.0,"enemies":"Cultist","floor":1.0,"turns":3.0},{"damage":1.0,"enemies":"Blue Slaver","floor":3.0,"turns":4.0},{"damage":1.0,"enemies":"Looter","floor":5.0,"turns":4.0},{"damage":20.0,"enemies":"Lagavulin","floor":6.0,"turns":11.0},{"damage":1.0,"enemies":"Red Slaver","floor":8.0,"turns":3.0},{"damage":0.0,"enemies":"Exordium Thugs","floor":10.0,"turns":3.0},{"damage":0.0,"enemies":"Large Slime","floor":12.0,"turns":2.0},{"damage":0.0,"enemies":"Exordium Wildlife","floor":14.0,"turns":2.0},{"damage":25.0,"enemies":"The Guardian","floor":16.0,"turns":12.0},{"damage":8.0,"enemies":"2 Thieves","floor":18.0,"turns":4.0},{"damage":0.0,"enemies":"Chosen","floor":21.0,"turns":2.0},{"damage":18.0,"enemies":"Snake Plant","floor":24.0,"turns":6.0},{"damage":35.0,"enemies":"Slaver and Parasite","floor":27.0,"turns":10.0},{"damage":7.0,"enemies":"Centurion and Healer","floor":28.0,"turns":8.0},{"damage":1.0,"enemies":"Snecko","floor":30.0,"turns":4.0},{"damage":13.0,"enemies":"Chosen and Byrds","floor":31.0,"turns":10.0},{"damage":30.0,"enemies":"Champ","floor":33.0,"turns":17.0},{"damage":16.0,"enemies":"Orb Walker","floor":35.0,"turns":7.0},{"damage":34,"enemies":"3 Darklings","floor":37,"turns":10},{"damage":20,"enemies":"4 Shapes","floor":39,"turns":1}],"event_choices":[{"event_name":"The Cleric","player_choice":"Card Removal","floor":2.0,"damage_taken":0.0},{"event_name":"Living Wall","player_choice":"Grow","floor":4.0,"damage_taken":0.0},{"event_name":"Cursed Tome","player_choice":"Ignored","floor":19.0,"damage_taken":0.0},{"event_name":"The Woman in Blue","player_choice":"Bought 1 Potion","floor":20.0,"damage_taken":0.0},{"event_name":"The Library","player_choice":"Heal","floor":25.0,"damage_taken":0.0},{"event_name":"Accursed Blacksmith","player_choice":"Ignore","floor":38,"damage_taken":0}],"boss_relics":[],"potions_floor_spawned":[3,5,10,12,14,21,27,30,31,37],"seed_played":"6989456134615236105","killed_by":"4 Shapes","is_trial":false}