{"path_per_floor":["M","M","M","?","M","R","E","R","T","M","$","?","R","M","R","B",null,"M","?","?","$","M","R","M","$","T","E","M","R","?","M","R","B",null,"M","M","?","M","M","R","$","R","T","?","R","M","M","M","R"],"character_chosen":"THE_SILENT","items_purchased":["Footwork","Panache","Accuracy","Caltrops","Vajra","Leg Sweep"],"gold_per_floor":[119,138,156,156,166,166,201,201,201,221,71,136,136,149,149,248,248,228,228,328,61,80,80,98,25,325,353,368,368,283,298,298,395,395,410,423,423,439,459,459,181,181,181,0,0,10,27,44,44],"floor_reached":50,"campfire_rested":6,"playtime":5038,"current_hp_per_floor":[77,73,66,59,55,55,37,60,60,60,60,63,63,63,63,41,77,65,65,65,65,63,77,77,77,77,60,51,74,74,63,63,40,77,75,58,58,46,40,63,63,63,63,63,77,55,55,55,77],"items_purged":["Strike_G","Defend_G"],"gold":44,"play_id":"7aec0815-72a2-433e-a256-8c8a6b800e3d","is_prod":false,"is_daily":false,"campfire_rituals":0,"campfire_upgraded":5,"is_hardmode":false,"path_taken":["M","M","M","?","M","R","E","R","T","?","$","?","R","M","R","BOSS","M","?","?","$","M","R","M","$","T","E","M","R","?","M","R","BOSS","M","M","?","M","M","R","$","R","T","?","R","M","M","M","R","BOSS"],"build_version":"2017-12-21-PROD1","purchased_purges":2,"victory":false,"master_deck":["Defend_G","Defend_G","Defend_G","Defend_G","Strike_G","Strike_G","Strike_G","Strike_G","Survivor","Neutralize","Deadly Poison","Bane","Cloak And Dagger","Infinite Blades","Die Die Die","Footwork","Backflip","Catalyst","Envenom","Dash","Panache","Accuracy","Noxious Fumes","Infinite Blades","Caltrops","Dagger Spray","Backflip","Cloak And Dagger","Adrenaline","Bouncing Flask","Footwork","PiercingWail","PiercingWail","Leg Sweep","All Out Attack","Deflect"],"max_hp_per_floor":[77,77,77,77,77,77,77,77,77,77,77,77,77,77,77,77,77,77,77,77,77,77,77,77,77,77,77,77,77,77,77,77,77,77,77,77,77,77,77,77,77,77,77,77,77,77,77,77,77],"relics":["Ring of the Snake","Ornamental Fan","Toolbox","Peace Pipe","Gremlin Horn","The Specimen","Old Coin","Blue Candle","Centennial Puzzle","Sozu","Vajra","Shovel","Red Mask"],"campfire_meditates":0,"card_choices":[{"not_picked":["Bane","Dagger Throw"],"picked":"Deadly Poison"},{"not_picked":["Concentrate","Leg Sweep"],"picked":"Bane"},{"not_picked":["Dagger Throw","Deadly Poison"],"picked":"Cloak And Dagger"},{"not_picked":["Cloak And Dagger","Underhanded Strike"],"picked":"Infinite Blades"},{"not_picked":["Eviscerate","Poisoned Stab"],"picked":"Die Die Die"},{"not_picked":["Sucker Punch","Backstab"],"picked":"Backflip"},{"not_picked":["Prepared","Masterful Stab"],"picked":"Catalyst"},{"not_picked":["Die Die Die","Unload"],"picked":"Envenom"},{"not_picked":["Backstab","Slice"],"picked":"Dash"},{"not_picked":["Deflect","Eviscerate"],"picked":"Noxious Fumes"},{"not_picked":["Bouncing Flask","Masterful Stab"],"picked":"Infinite Blades"},{"not_picked":["Skewer","A Thousand Cuts"],"picked":"Dagger Spray"},{"not_picked":["Predator","Outmaneuver"],"picked":"Backflip"},{"not_picked":["Quick Slash","Calculated Gamble"],"picked":"Cloak And Dagger"},{"not_picked":["Tools of the Trade","Glass Knife"],"picked":"Adrenaline"},{"not_picked":["Choke","Concentrate"],"picked":"Bouncing Flask"},{"not_picked":["Outmaneuver","Dodge and Roll"],"picked":"Footwork"},{"not_picked":["Crippling Poison","Dagger Throw"],"picked":"PiercingWail"},{"not_picked":["Sucker Punch","Deadly Poison"],"picked":"PiercingWail"},{"not_picked":["Sucker Punch","Acrobatics"],"picked":"All Out Attack"},{"not_picked":["Flying Knee","Crippling Poison"],"picked":"Deflect"}],"player_experience":292578,"potions_floor_usage":[24,24,27],"damage_taken":[{"damage":0.0,"enemies":"Jaw Worm","floor":1.0,"turns":4.0},{"damage":4.0,"enemies":"Looter","floor":2.0,"turns":4.0},{"damage":7.0,"enemies":"Blue Slaver","floor":3.0,"turns":4.0},{"damage":4.0,"enemies":"Gremlin Gang","floor":5.0,"turns":5.0},{"damage":18.0,"enemies":"3 Sentries","floor":7.0,"turns":7.0},{"damage":0.0,"enemies":"Large Slime","floor":10.0,"turns":6.0},{"damage":1.0,"enemies":"Lagavulin Event","floor":12.0,"turns":5.0},{"damage":0.0,"enemies":"3 Louse","floor":14.0,"turns":2.0},{"damage":22.0,"enemies":"The Guardian","floor":16.0,"turns":10.0},{"damage":12,"enemies":"2 Thieves","floor":18,"turns":4},{"damage":2,"enemies":"Shell Parasite","floor":22,"turns":6},{"damage":7,"enemies":"Centurion and Healer","floor":24,"turns":8},{"damage":23,"enemies":"Gremlin Leader","floor":27,"turns":5},{"damage":9,"enemies":"Snake Plant","floor":28,"turns":6},{"damage":11,"enemies":"Snecko","floor":31,"turns":5},{"damage":23,"enemies":"Collector","floor":33,"turns":7},{"damage":2,"enemies":"3 Shapes","floor":35,"turns":3},{"damage":17,"enemies":"3 Darklings","floor":36,"turns":4},{"damage":12,"enemies":"Maw","floor":38,"turns":5},{"damage":6,"enemies":"4 Shapes","floor":39,"turns":2},{"damage":22,"enemies":"3 Darklings","floor":46,"turns":5},{"damage":0,"enemies":"Maw","floor":47,"turns":6},{"damage":0,"enemies":"Sphere and 2 Shapes","floor":48,"turns":4},{"damage":77,"enemies":"Time Eater","floor":50,"turns":11}],"event_choices":[{"event_name":"Scrap Ooze","player_choice":"success","floor":4.0,"damage_taken":7.0},{"event_name":"Dead Adventurer","player_choice":"Searched \u00273\u0027 times","floor":12.0,"damage_taken":0.0},{"event_name":"Transmorgrifier","player_choice":"Skipped","floor":19,"damage_taken":0},{"event_name":"Golden Shrine","player_choice":"Pray","floor":20,"damage_taken":0},{"event_name":"Addict","player_choice":"Obtained Relic","floor":30,"damage_taken":0},{"event_name":"Mysterious Sphere","player_choice":"Ignore","floor":37,"damage_taken":0},{"event_name":"Tomb of Lord Red Mask","player_choice":"Paid","floor":44,"damage_taken":0}],"boss_relics":[{"not_picked":["Orrery","Philosopher\u0027s Stone"],"picked":"The Specimen"},{"not_picked":["Calling Bell","Runic Dome"],"picked":"Sozu"}],"potions_floor_spawned":[3,10,12,14,16,22,24,33,35,38,39],"seed_played":"9085181081209407751","killed_by":"Time Eater","is_trial":false}