{"path_per_floor":["M","M","M","?","M","R","E","R","T","$","?","M","E","M","R","B",null,"M","?","$","M"],"character_chosen":"THE_SILENT","items_purchased":["Tough Bandages"],"gold_per_floor":[109,128,147,147,160,160,192,192,192,117,117,129,162,174,174,279,279,289,289,27,44],"floor_reached":22,"campfire_rested":1,"playtime":1776,"current_hp_per_floor":[70,68,68,68,62,62,48,69,69,69,69,69,64,63,63,58,70,33,33,33,27],"items_purged":["Strike_G"],"gold":44,"play_id":"9dc250a3-f7b9-435d-9ef0-4b33d22d5c3d","is_prod":false,"is_daily":false,"campfire_rituals":0,"campfire_upgraded":2,"is_hardmode":false,"path_taken":["M","M","M","?","M","R","E","R","T","$","?","M","E","?","R","BOSS","M","?","$","M","M"],"build_version":"2017-12-21-PROD1","purchased_purges":1,"victory":false,"master_deck":["Defend_G","Defend_G","Defend_G","Defend_G","Defend_G","Strike_G","Strike_G","Strike_G","Strike_G","Survivor","Neutralize","Tools of the Trade","Poisoned Stab","Noxious Fumes","Cloak And Dagger","Caltrops","Dodge and Roll","Prepared","Tactician","Terror"],"max_hp_per_floor":[70,70,70,70,70,70,70,70,70,70,70,70,70,70,70,70,70,70,70,70,70],"relics":["Ring of the Snake","Snake Skull","Ginger","Frozen Eye","Eternal Feather","Tough Bandages"],"campfire_meditates":0,"card_choices":[{"not_picked":["Backflip","Quick Slash"],"picked":"Poisoned Stab"},{"not_picked":["Dodge and Roll","Quick Slash"],"picked":"Noxious Fumes"},{"not_picked":["Acrobatics","Heel Hook"],"picked":"Cloak And Dagger"},{"not_picked":["Reflex","Poisoned Stab"],"picked":"Caltrops"},{"not_picked":["Heel Hook","Backflip"],"picked":"Dodge and Roll"},{"not_picked":["Dagger Spray","Deflect"],"picked":"Prepared"},{"not_picked":["Burst","Wraith Form"],"picked":"Tactician"},{"not_picked":["Dagger Throw","Flechettes"],"picked":"Terror"}],"player_experience":304774,"potions_floor_usage":[7,12,13,16,18],"damage_taken":[{"damage":0,"enemies":"Jaw Worm","floor":1,"turns":5},{"damage":2,"enemies":"Looter","floor":2,"turns":4},{"damage":0,"enemies":"Cultist","floor":3,"turns":5},{"damage":6,"enemies":"3 Louse","floor":5,"turns":4},{"damage":14,"enemies":"Gremlin Nob","floor":7,"turns":4},{"damage":0,"enemies":"Gremlin Gang","floor":12,"turns":4},{"damage":14,"enemies":"Lagavulin","floor":13,"turns":6},{"damage":1,"enemies":"Exordium Thugs","floor":14,"turns":4},{"damage":5,"enemies":"Hexaghost","floor":16,"turns":9},{"damage":37,"enemies":"2 Thieves","floor":18,"turns":4},{"damage":6,"enemies":"Chosen","floor":21,"turns":5},{"damage":22,"enemies":"Centurion and Healer","floor":22,"turns":4}],"event_choices":[{"event_name":"Liars Game","player_choice":"disagreed","floor":4,"damage_taken":0},{"event_name":"The Lab","player_choice":"Got Potions","floor":11,"damage_taken":0},{"event_name":"Vampires","player_choice":"Ignored","floor":19,"damage_taken":0}],"boss_relics":[{"not_picked":["Philosopher\u0027s Stone","Runic Dome"],"picked":"Eternal Feather"}],"potions_floor_spawned":[1,12,13,16],"seed_played":"-5998289386823773036","killed_by":"Centurion and Healer","is_trial":false}