{"path_per_floor":["M","M","$","M","?","R","M","?","T","E","M","M","M","E","R","B",null,"M","M","$","M","M","E","R","E","T","M","M","$","M","?","R","B",null,"M","?","?","$","?","M","?","$","T","?","M","R","M","M","R","B"],"character_chosen":"THE_SILENT","items_purchased":["Predator","Mind Blast","Infinite Blades","Terror","Shuriken","Prepared"],"gold_per_floor":[210,221,73,86,86,86,99,99,150,182,193,206,219,247,247,346,346,360,380,77,89,102,135,135,170,243,262,279,28,47,47,47,142,142,153,153,153,28,128,148,148,121,121,174,184,184,204,223,223,223],"floor_reached":51,"campfire_rested":4,"playtime":5333,"current_hp_per_floor":[70,69,69,69,57,70,70,70,70,42,44,46,48,48,69,34,70,63,65,65,60,58,47,68,45,45,44,39,39,37,60,60,58,70,55,55,70,70,70,67,67,67,67,32,37,74,64,57,69,23],"items_purged":["Defend_G","Strike_G","Writhe"],"gold":223,"play_id":"2eacad45-86e3-48a1-9ab4-edcd5b49721f","is_prod":false,"is_daily":false,"campfire_rituals":0,"campfire_upgraded":2,"is_hardmode":false,"path_taken":["M","M","$","M","?","R","M","?","T","E","?","M","M","E","R","BOSS","M","M","$","M","?","E","R","E","T","M","M","$","M","?","R","BOSS","M","?","?","$","?","?","?","?","T","?","?","R","M","M","R","BOSS"],"build_version":"2018-01-11-PROD2","purchased_purges":3,"victory":true,"master_deck":["Defend_G","Defend_G","Defend_G","Defend_G","Strike_G","Strike_G","Survivor","Neutralize","Flying Knee","Leg Sweep","Predator","Outmaneuver","Flying Knee","Infinite Blades","Slice","Cloak And Dagger","PiercingWail","A Thousand Cuts","Quick Slash","Mind Blast","Infinite Blades","Terror","Dash","Accuracy","Blade Dance","Burst","Finisher","Prepared","Dodge and Roll","Cloak And Dagger","Calculated Gamble","Escape Plan"],"max_hp_per_floor":[70,70,70,70,70,70,70,70,70,70,70,70,70,70,70,70,70,70,70,70,70,70,70,70,70,70,70,70,70,70,70,70,70,70,70,70,70,70,70,70,70,70,70,84,84,84,84,84,84,84],"relics":["Ring of the Snake","Tough Bandages","Blood Vial","Ornamental Fan","Meat on the Bone","Frozen Egg","Toxic Egg","Bottled Lightning","Shuriken","Eternal Feather","Paper Crane","Mango"],"campfire_meditates":0,"card_choices":[{"not_picked":["Prepared","Deflect"],"picked":"Flying Knee"},{"not_picked":["All Out Attack","Crippling Poison"],"picked":"Leg Sweep"},{"not_picked":["PiercingWail","Quick Slash"],"picked":"Outmaneuver"},{"not_picked":["Dodge and Roll","Reflex"],"picked":"Flying Knee"},{"not_picked":["Skewer","Well Laid Plans"],"picked":"Infinite Blades"},{"not_picked":["Storm of Steel","Backflip"],"picked":"Slice"},{"not_picked":["Finisher","Caltrops"],"picked":"Cloak And Dagger"},{"not_picked":["Predator","Deflect"],"picked":"PiercingWail"},{"not_picked":["Envenom","Bullet Time"],"picked":"A Thousand Cuts"},{"not_picked":["Deadly Poison","Underhanded Strike"],"picked":"Quick Slash"},{"not_picked":["Underhanded Strike","Distraction"],"picked":"Dash"},{"not_picked":["Outmaneuver","Envenom"],"picked":"Accuracy"},{"not_picked":["Infinite Blades","Reflex"],"picked":"Blade Dance"},{"not_picked":["A Thousand Cuts","Venomology"],"picked":"Burst"},{"not_picked":["Underhanded Strike","Choke"],"picked":"Finisher"},{"not_picked":["Sucker Punch","Acrobatics"],"picked":"Dodge and Roll"},{"not_picked":["Concentrate","Bouncing Flask"],"picked":"Cloak And Dagger"},{"not_picked":["Dagger Spray","Underhanded Strike"],"picked":"Calculated Gamble"},{"not_picked":["Backflip","Cloak And Dagger"],"picked":"Escape Plan"}],"player_experience":446049,"potions_floor_usage":[48,48],"damage_taken":[{"damage":0.0,"enemies":"Cultist","floor":1.0,"turns":5.0},{"damage":1.0,"enemies":"2 Louse","floor":2.0,"turns":3.0},{"damage":0.0,"enemies":"Small Slimes","floor":4.0,"turns":3.0},{"damage":0.0,"enemies":"3 Louse","floor":7.0,"turns":3.0},{"damage":28.0,"enemies":"Lagavulin","floor":10.0,"turns":6.0},{"damage":0.0,"enemies":"2 Fungi Beasts","floor":11.0,"turns":3.0},{"damage":0.0,"enemies":"Lots of Slimes","floor":12.0,"turns":4.0},{"damage":0.0,"enemies":"Exordium Wildlife","floor":13.0,"turns":4.0},{"damage":2.0,"enemies":"Gremlin Nob","floor":14.0,"turns":3.0},{"damage":48.0,"enemies":"Hexaghost","floor":16.0,"turns":13.0},{"damage":7.0,"enemies":"Shell Parasite","floor":18.0,"turns":6.0},{"damage":0.0,"enemies":"3 Byrds","floor":19.0,"turns":6.0},{"damage":7.0,"enemies":"3 Cultists","floor":21.0,"turns":4.0},{"damage":4.0,"enemies":"Centurion and Healer","floor":22.0,"turns":6.0},{"damage":13.0,"enemies":"Book of Stabbing","floor":23.0,"turns":8.0},{"damage":37.0,"enemies":"Slavers","floor":25.0,"turns":6.0},{"damage":15.0,"enemies":"Sentry and Sphere","floor":27.0,"turns":5.0},{"damage":19.0,"enemies":"3 Cultists","floor":28.0,"turns":5.0},{"damage":4.0,"enemies":"Slaver and Parasite","floor":30.0,"turns":6.0},{"damage":4.0,"enemies":"Champ","floor":33.0,"turns":7.0},{"damage":15.0,"enemies":"3 Shapes","floor":35.0,"turns":7.0},{"damage":3.0,"enemies":"Orb Walker","floor":40.0,"turns":4.0},{"damage":63,"enemies":"Mysterious Sphere","floor":44,"turns":10},{"damage":9,"enemies":"4 Shapes","floor":45,"turns":7},{"damage":12,"enemies":"Maw","floor":47,"turns":7},{"damage":9,"enemies":"Sphere and 2 Shapes","floor":48,"turns":5},{"damage":60,"enemies":"Awakened One","floor":50,"turns":10}],"event_choices":[{"event_name":"Scrap Ooze","player_choice":"success","floor":5.0,"damage_taken":12.0},{"event_name":"Living Wall","player_choice":"Forget","floor":8.0,"damage_taken":0.0},{"event_name":"The Library","player_choice":"Heal","floor":31.0,"damage_taken":0.0},{"event_name":"Tomb of Lord Red Mask","player_choice":"Ignored","floor":36.0,"damage_taken":0.0},{"event_name":"Winding Halls","player_choice":"Writhe","floor":37.0,"damage_taken":0.0},{"event_name":"Golden Shrine","player_choice":"Pray","floor":39.0,"damage_taken":0.0},{"event_name":"Mysterious Sphere","player_choice":"Fight","floor":44,"damage_taken":0}],"boss_relics":[],"potions_floor_spawned":[2,7,12,13,14,19,23,25,30,33,35,45,47],"seed_played":"4007176198911816682","is_trial":false}