{"path_per_floor":["M","M","$","?","M","E","?","M","T","?","M","R","M","T","R","B",null,"M","M","$","?","?","M","R","?","T","M","M","M","M","E","R","B",null,"M","?","M","M","$","R","$","M","T","M","$","M","M"],"character_chosen":"THE_SILENT","items_purchased":["Dagger Spray","Noxious Fumes","Apotheosis","Kunai"],"gold_per_floor":[114,133,4,4,19,45,45,63,63,126,146,146,159,159,159,261,261,272,286,19,19,19,33,33,33,33,52,69,83,96,125,125,228,228,246,246,256,268,6,6,6,16,16,30,30,48,59],"floor_reached":48,"campfire_rested":2,"playtime":4946,"current_hp_per_floor":[70,60,60,60,60,39,39,48,48,24,24,45,45,45,45,43,70,67,66,66,66,66,64,64,64,64,63,62,61,60,43,64,46,70,69,69,69,68,68,68,68,44,44,43,43,36,5],"items_purged":["Defend_G"],"gold":59,"play_id":"f9333ea6-b8ca-47a8-affa-51c7ffd3e8d0","is_prod":false,"is_daily":false,"campfire_rituals":0,"campfire_upgraded":3,"is_hardmode":false,"path_taken":["M","M","$","?","?","E","?","M","T","?","M","R","M","?","R","BOSS","M","M","$","?","?","M","R","?","T","M","?","M","M","E","R","BOSS","M","?","M","?","$","R","$","M","T","M","$","M","?","M"],"build_version":"2018-01-11-PROD2","purchased_purges":2,"victory":false,"master_deck":["Defend_G","Defend_G","Defend_G","Defend_G","Strike_G","Strike_G","Strike_G","Survivor","Neutralize","Infinite Blades","Escape Plan","Dagger Spray","Prepared","Dagger Throw","Bouncing Flask","After Image","Poisoned Stab","Distraction","Noxious Fumes","Apotheosis","Noxious Fumes","Poisoned Stab","Backflip","Flechettes","Envenom","PiercingWail","Pain","Dodge and Roll"],"max_hp_per_floor":[70,70,70,70,70,70,70,70,70,70,70,70,70,70,70,70,70,70,70,70,70,70,70,70,70,70,70,70,70,70,70,70,70,70,70,70,70,70,70,70,70,70,70,70,70,70,70],"relics":["Ring of the Snake","Vajra","Snake Skull","Orichalcum","Torii","The Specimen","Gremlin Horn","Smiling Mask","Cursed Key","Kunai","Paper Crane"],"campfire_meditates":0,"card_choices":[{"not_picked":["Underhanded Strike","Outmaneuver"],"picked":"Infinite Blades"},{"not_picked":["Crippling Poison","Prepared"],"picked":"Escape Plan"},{"not_picked":["Deadly Poison","Dodge and Roll"],"picked":"Prepared"},{"not_picked":["Prepared","Escape Plan"],"picked":"Dagger Throw"},{"not_picked":["Deflect","PiercingWail"],"picked":"Bouncing Flask"},{"not_picked":["Storm of Steel","Night Terror"],"picked":"After Image"},{"not_picked":["Quick Slash","Flechettes"],"picked":"Poisoned Stab"},{"not_picked":["Infinite Blades","Calculated Gamble"],"picked":"Distraction"},{"not_picked":["Prepared","Accuracy"],"picked":"Noxious Fumes"},{"not_picked":["Acrobatics","Noxious Fumes"],"picked":"Poisoned Stab"},{"not_picked":["Dodge and Roll","Outmaneuver"],"picked":"Backflip"},{"not_picked":["Blade Dance","Dagger Throw"],"picked":"Flechettes"},{"not_picked":["Doppelganger","Bullet Time"],"picked":"Envenom"},{"not_picked":["Poisoned Stab","Slice"],"picked":"PiercingWail"},{"not_picked":["Flying Knee","Setup"],"picked":"Dodge and Roll"}],"player_experience":424035,"potions_floor_usage":[38,44,46],"damage_taken":[{"damage":0.0,"enemies":"Small Slimes","floor":1.0,"turns":3.0},{"damage":10.0,"enemies":"Blue Slaver","floor":2.0,"turns":5.0},{"damage":0.0,"enemies":"Cultist","floor":5.0,"turns":4.0},{"damage":21.0,"enemies":"Lagavulin","floor":6.0,"turns":8.0},{"damage":0.0,"enemies":"Gremlin Gang","floor":8.0,"turns":4.0},{"damage":24.0,"enemies":"Lagavulin Event","floor":10.0,"turns":6.0},{"damage":0.0,"enemies":"2 Fungi Beasts","floor":11.0,"turns":2.0},{"damage":0.0,"enemies":"Exordium Wildlife","floor":13.0,"turns":3.0},{"damage":2.0,"enemies":"The Guardian","floor":16.0,"turns":7.0},{"damage":3.0,"enemies":"3 Byrds","floor":18.0,"turns":5.0},{"damage":1.0,"enemies":"Chosen","floor":19.0,"turns":4.0},{"damage":2.0,"enemies":"Snake Plant","floor":23.0,"turns":4.0},{"damage":1.0,"enemies":"Centurion and Healer","floor":27.0,"turns":6.0},{"damage":1.0,"enemies":"Snecko","floor":28.0,"turns":4.0},{"damage":1.0,"enemies":"3 Cultists","floor":29.0,"turns":4.0},{"damage":1.0,"enemies":"Centurion and Healer","floor":30.0,"turns":6.0},{"damage":17.0,"enemies":"Slavers","floor":31.0,"turns":4.0},{"damage":18.0,"enemies":"Collector","floor":33.0,"turns":7.0},{"damage":1,"enemies":"3 Shapes","floor":35,"turns":5},{"damage":0,"enemies":"Orb Walker","floor":37,"turns":4},{"damage":1,"enemies":"4 Shapes","floor":38,"turns":5},{"damage":24,"enemies":"3 Darklings","floor":42,"turns":5},{"damage":1,"enemies":"Maw","floor":44,"turns":6},{"damage":7,"enemies":"4 Shapes","floor":46,"turns":5},{"damage":31,"enemies":"Sphere and 2 Shapes","floor":47,"turns":5},{"damage":1,"enemies":"Maw","floor":48,"turns":4}],"event_choices":[{"event_name":"Purifier","player_choice":"One Purge","floor":4.0,"damage_taken":0.0},{"event_name":"Liars Game","player_choice":"disagreed","floor":7.0,"damage_taken":0.0},{"event_name":"Dead Adventurer","player_choice":"Searched \u00271\u0027 times","floor":10.0,"damage_taken":0.0},{"event_name":"Cursed Tome","player_choice":"Ignored","floor":21.0,"damage_taken":0.0},{"event_name":"The Mausoleum","player_choice":"No","floor":22.0,"damage_taken":0.0},{"event_name":"Back to Basics","player_choice":"Elegance","floor":25.0,"damage_taken":0.0},{"event_name":"Tomb of Lord Red Mask","player_choice":"Ignored","floor":36,"damage_taken":0}],"boss_relics":[{"not_picked":["Snecko Eye","Calling Bell"],"picked":"Cursed Key"}],"potions_floor_spawned":[1,6,8,10,18,27,29,30,37,42],"seed_played":"-5074547408419085378","killed_by":"Maw","is_trial":false}