{"path_per_floor":["M","?","M","$","M","R","?","E","T","M","?","?","R","M","R","B",null,"M","$","T","M","$","R","M","?","T","M","M","M","$","M","R","B",null,"M","$","M","?","?","M","M","?","T","M","M","R","$","?","R","B"],"character_chosen":"THE_SILENT","items_purchased":["Noxious Fumes","Apotheosis","Prepared","Footwork","Block Potion"],"gold_per_floor":[118,118,131,51,64,64,64,89,89,100,100,100,100,114,114,214,214,226,25,25,35,35,35,45,45,45,60,75,85,10,29,29,130,160,172,42,61,61,61,78,97,97,150,166,176,176,77,77,77,77],"floor_reached":51,"campfire_rested":3,"playtime":4361,"current_hp_per_floor":[70,70,70,70,70,70,56,41,41,45,45,45,66,60,60,59,70,67,67,67,66,66,66,64,64,64,59,55,53,53,53,70,65,75,70,70,68,68,68,51,29,29,29,28,8,29,29,62,62,23],"items_purged":["Writhe","Writhe","Strike_G"],"gold":77,"play_id":"539cf497-999e-4828-bf0f-a4a8991fca1d","is_prod":false,"is_daily":false,"campfire_rituals":0,"campfire_upgraded":4,"is_hardmode":false,"path_taken":["M","?","M","$","M","R","?","E","T","?","?","?","R","M","R","BOSS","M","$","?","M","$","R","M","?","T","?","M","M","$","M","R","BOSS","M","$","M","?","?","M","?","?","T","?","M","R","$","?","R","BOSS"],"build_version":"2018-01-04-PROD1","purchased_purges":3,"victory":true,"master_deck":["Defend_G","Defend_G","Defend_G","Defend_G","Defend_G","Strike_G","Strike_G","Strike_G","Strike_G","Survivor","Neutralize","Adrenaline","PiercingWail","Caltrops","Noxious Fumes","Dagger Throw","Dagger Spray","A Thousand Cuts","Apotheosis","Prepared","Backflip","Well Laid Plans","Bane","Prepared","Dash","Envenom","Terror","Footwork","Deflect","Clumsy"],"max_hp_per_floor":[70,70,70,70,70,70,70,70,70,70,70,70,70,70,70,70,70,70,70,70,70,70,70,70,70,70,70,70,70,70,70,70,70,75,75,75,75,75,75,75,75,72,72,72,72,72,72,62,62,62],"relics":["Ring of the Snake","Smiling Mask","Matryoshka","Cursed Key","Blue Candle","Orichalcum","Centennial Puzzle","Bottled Lightning","Tiny House","Bag of Marbles"],"campfire_meditates":0,"card_choices":[{"not_picked":["Sucker Punch","Backflip"],"picked":"PiercingWail"},{"not_picked":["Dodge and Roll","Eviscerate"],"picked":"Caltrops"},{"not_picked":["Acrobatics","Underhanded Strike"],"picked":"Dagger Throw"},{"not_picked":["Noxious Fumes","Deadly Poison"],"picked":"Dagger Spray"},{"not_picked":["Tools of the Trade","Burst"],"picked":"A Thousand Cuts"},{"not_picked":["Heel Hook","Quick Slash"],"picked":"Prepared"},{"not_picked":["Acrobatics","Bane"],"picked":"Backflip"},{"not_picked":["All Out Attack","Outmaneuver"],"picked":"Well Laid Plans"},{"not_picked":["Poisoned Stab","Flying Knee"],"picked":"Bane"},{"not_picked":["Skewer","Flying Knee"],"picked":"Dash"},{"not_picked":["Glass Knife","Venomology"],"picked":"Envenom"},{"not_picked":["PiercingWail","Quick Slash"],"picked":"Terror"},{"not_picked":["Flying Knee","Outmaneuver"],"picked":"Deflect"}],"player_experience":400972,"potions_floor_usage":[35,37,50,50],"damage_taken":[{"damage":0.0,"enemies":"Small Slimes","floor":1.0,"turns":4.0},{"damage":0.0,"enemies":"Jaw Worm","floor":3.0,"turns":5.0},{"damage":0.0,"enemies":"Cultist","floor":5.0,"turns":4.0},{"damage":15.0,"enemies":"Lagavulin","floor":8.0,"turns":6.0},{"damage":2.0,"enemies":"Looter","floor":10.0,"turns":3.0},{"damage":6.0,"enemies":"3 Louse","floor":14.0,"turns":4.0},{"damage":16.0,"enemies":"Hexaghost","floor":16.0,"turns":8.0},{"damage":3.0,"enemies":"Spheric Guardian","floor":18.0,"turns":5.0},{"damage":1.0,"enemies":"Shell Parasite","floor":21.0,"turns":5.0},{"damage":2.0,"enemies":"Centurion and Healer","floor":24.0,"turns":6.0},{"damage":5.0,"enemies":"Snecko","floor":27.0,"turns":4.0},{"damage":4.0,"enemies":"Snake Plant","floor":28.0,"turns":4.0},{"damage":2.0,"enemies":"Centurion and Healer","floor":29.0,"turns":5.0},{"damage":0,"enemies":"Snecko","floor":31,"turns":3},{"damage":5,"enemies":"Collector","floor":33,"turns":8},{"damage":5,"enemies":"Orb Walker","floor":35,"turns":3},{"damage":2,"enemies":"3 Shapes","floor":37,"turns":4},{"damage":17,"enemies":"Maw","floor":40,"turns":6},{"damage":22,"enemies":"3 Darklings","floor":41,"turns":4},{"damage":1,"enemies":"Sphere and 2 Shapes","floor":44,"turns":5},{"damage":20,"enemies":"4 Shapes","floor":45,"turns":5},{"damage":39,"enemies":"Awakened One","floor":50,"turns":15}],"event_choices":[{"event_name":"Liars Game","player_choice":"disagreed","floor":2.0,"damage_taken":0.0},{"event_name":"Shining Light","player_choice":"Entered Light","floor":7.0,"damage_taken":0.0},{"event_name":"Transmorgrifier","player_choice":"Skipped","floor":11.0,"damage_taken":0.0},{"event_name":"The Lab","player_choice":"Got Potions","floor":12.0,"damage_taken":0.0},{"event_name":"Back to Basics","player_choice":"Simplicity","floor":25.0,"damage_taken":0.0},{"event_name":"Tomb of Lord Red Mask","player_choice":"Ignored","floor":38,"damage_taken":0},{"event_name":"Accursed Blacksmith","player_choice":"Ignore","floor":39,"damage_taken":0},{"event_name":"Purifier","player_choice":"One Purge","floor":42,"damage_taken":0},{"event_name":"The Moai Head","player_choice":"Heal","floor":48,"damage_taken":0}],"boss_relics":[{"not_picked":["White Beast Statue","Runic Pyramid"],"picked":"Tiny House"}],"potions_floor_spawned":[3,8,14,18,21,31,41],"seed_played":"1282560131764650696","is_trial":false}