{"path_per_floor":["M","M","$","M","$","R","M","R","T","$","T","R","M","E","R","B",null,"M","?","M","$","M","R"],"character_chosen":"THE_SILENT","items_purchased":["Predator"],"gold_per_floor":[116,132,57,70,70,70,80,80,156,83,83,83,93,124,124,221,221,221,221,176,76,76,76],"floor_reached":24,"campfire_rested":1,"playtime":1649,"current_hp_per_floor":[68,68,68,68,68,68,68,68,68,68,68,68,66,52,52,6,70,62,53,44,44,41,63],"items_purged":["Defend_G","Strike_G"],"gold":76,"play_id":"a4389261-086c-4b2f-84e0-501933df175b","is_prod":false,"is_daily":false,"campfire_rituals":0,"campfire_upgraded":4,"is_hardmode":false,"path_taken":["M","M","$","M","$","R","M","R","T","$","?","R","M","E","R","BOSS","M","?","M","$","M","R","E"],"build_version":"2018-01-04-PROD1","purchased_purges":2,"victory":false,"master_deck":["Defend_G","Defend_G","Defend_G","Defend_G","Strike_G","Strike_G","Strike_G","Strike_G","Survivor","Neutralize","Flying Knee","Infinite Blades","Predator","Cloak And Dagger","A Thousand Cuts","Cloak And Dagger","Riddle With Holes"],"max_hp_per_floor":[70,70,70,70,70,70,70,70,70,70,70,70,70,70,70,70,70,70,75,75,75,75,75],"relics":["Snecko Eye","Tiny Chest","Peace Pipe","Pantograph","Ectoplasm"],"campfire_meditates":0,"card_choices":[{"not_picked":["Bane","Cloak And Dagger"],"picked":"Flying Knee"},{"not_picked":["PiercingWail","Cloak And Dagger"],"picked":"Infinite Blades"},{"not_picked":["Terror","Slice"],"picked":"Cloak And Dagger"},{"not_picked":["Burst","Adrenaline"],"picked":"A Thousand Cuts"},{"not_picked":["Sucker Punch","Bane"],"picked":"Cloak And Dagger"},{"not_picked":["Flying Knee","Dodge and Roll"],"picked":"Riddle With Holes"}],"player_experience":391721,"potions_floor_usage":[14,16,18,20,20],"damage_taken":[{"damage":2,"enemies":"Blue Slaver","floor":1,"turns":4},{"damage":0,"enemies":"2 Louse","floor":2,"turns":2},{"damage":0,"enemies":"Small Slimes","floor":4,"turns":4},{"damage":0,"enemies":"2 Fungi Beasts","floor":7,"turns":3},{"damage":2,"enemies":"Looter","floor":13,"turns":2},{"damage":14,"enemies":"Gremlin Nob","floor":14,"turns":3},{"damage":64,"enemies":"Hexaghost","floor":16,"turns":11},{"damage":8,"enemies":"3 Byrds","floor":18,"turns":4},{"damage":15,"enemies":"2 Thieves","floor":20,"turns":3},{"damage":3,"enemies":"Snecko","floor":22,"turns":4},{"damage":51,"enemies":"Gremlin Leader","floor":24,"turns":6}],"event_choices":[{"event_name":"Forgotten Altar","player_choice":"Shed Blood","floor":19,"damage_taken":0}],"boss_relics":[{"not_picked":["The Specimen","Lizard Tail"],"picked":"Ectoplasm"}],"potions_floor_spawned":[2,7,14,16,18],"seed_played":"-1984384519778985479","killed_by":"Gremlin Leader","is_trial":false}