{"path_per_floor":["M","?","M","$","M","E","?","R","T","R","E","T","E","M","R","B",null,"M","M","M","M","$","R","M","R","T","M","R","E","M","M","R","B",null,"M","$","M","M","$","R","M","M","T","$","R","M","T","?","R","B"],"character_chosen":"THE_SILENT","items_purchased":["Backflip","Flechettes","Outmaneuver","Finesse"],"gold_per_floor":[118,118,130,5,17,52,52,52,76,76,110,110,143,153,153,249,249,262,282,300,311,121,121,140,140,140,152,152,179,195,215,215,316,316,336,116,128,139,139,139,152,163,246,96,96,115,115,115,115,115],"floor_reached":51,"campfire_rested":4,"playtime":4963,"current_hp_per_floor":[70,70,70,70,70,39,32,53,53,53,44,44,47,47,70,43,77,75,60,54,46,46,46,44,44,44,43,66,53,49,43,66,54,77,73,73,69,69,69,69,58,54,54,54,54,48,48,67,67,37],"items_purged":["Defend_G","Strike_G","Clumsy","Decay"],"gold":115,"play_id":"f3627292-ec94-4373-939a-d4e4190c2e99","is_prod":false,"is_daily":false,"campfire_rituals":0,"campfire_upgraded":3,"is_hardmode":false,"path_taken":["M","?","M","$","M","E","?","R","T","R","E","?","E","?","R","BOSS","M","M","M","M","$","R","M","R","T","?","R","E","M","M","R","BOSS","M","$","M","M","$","R","M","M","T","$","R","M","?","?","R","BOSS"],"build_version":"2018-01-11-PROD2","purchased_purges":4,"victory":true,"master_deck":["Defend_G","Defend_G","Defend_G","Strike_G","Strike_G","Strike_G","Survivor","Neutralize","Heel Hook","Terror","Doppelganger","Infinite Blades","Backflip","Blur","Dash","Wraith Form","PiercingWail","Flechettes","Outmaneuver","Clumsy","Blur","Distraction","Venomology","Night Terror","Adrenaline","Blade Dance","Cloak And Dagger","Finesse","Prepared","Calculated Gamble","Writhe"],"max_hp_per_floor":[70,70,70,70,70,70,70,70,70,70,70,70,77,77,77,77,77,77,77,77,77,77,77,77,77,77,77,77,77,77,77,77,77,77,77,77,77,77,77,77,77,77,77,77,77,77,77,77,77,77],"relics":["Ring of the Snake","Ornamental Fan","War Paint","Girya","Centennial Puzzle","Strawberry","Cursed Key","Whetstone","Letter Opener","Orrery","Tiny Chest"],"campfire_meditates":0,"card_choices":[{"not_picked":["Deflect","Masterful Stab"],"picked":"Heel Hook"},{"not_picked":["PiercingWail","Well Laid Plans"],"picked":"Terror"},{"not_picked":["Masterful Stab","Bane"],"picked":"Infinite Blades"},{"not_picked":["Bouncing Flask","Acrobatics"],"picked":"Blur"},{"not_picked":["Flying Knee","Masterful Stab"],"picked":"Dash"},{"not_picked":["Glass Knife","Unload"],"picked":"Wraith Form"},{"not_picked":["Backstab","Blur"],"picked":"PiercingWail"},{"not_picked":["Backflip","Prepared"],"picked":"Blur"},{"not_picked":["Acrobatics","Escape Plan"],"picked":"Distraction"},{"not_picked":["Dagger Spray","Heel Hook"],"picked":"Venomology"},{"not_picked":["Doppelganger","Bullet Time"],"picked":"Night Terror"},{"not_picked":["Poisoned Stab","Underhanded Strike"],"picked":"Adrenaline"},{"not_picked":["Eviscerate","Deflect"],"picked":"Blade Dance"},{"not_picked":["Sucker Punch","Crippling Poison"],"picked":"Cloak And Dagger"},{"not_picked":["Noxious Fumes","Dash"],"picked":"Prepared"},{"not_picked":["PiercingWail","Prepared"],"picked":"Calculated Gamble"}],"player_experience":484864,"potions_floor_usage":[6,11,16,16,20,21,29,30,35,35,41,41,42,46,50,50],"damage_taken":[{"damage":0,"enemies":"Cultist","floor":1,"turns":4},{"damage":0,"enemies":"Jaw Worm","floor":3,"turns":4},{"damage":0,"enemies":"2 Louse","floor":5,"turns":3},{"damage":31,"enemies":"3 Sentries","floor":6,"turns":8},{"damage":9,"enemies":"Gremlin Nob","floor":11,"turns":4},{"damage":4,"enemies":"Lagavulin","floor":13,"turns":6},{"damage":0,"enemies":"2 Fungi Beasts","floor":14,"turns":3},{"damage":27,"enemies":"Slime Boss","floor":16,"turns":10},{"damage":2,"enemies":"Shell Parasite","floor":18,"turns":4},{"damage":15,"enemies":"2 Thieves","floor":19,"turns":5},{"damage":6,"enemies":"3 Cultists","floor":20,"turns":6},{"damage":8,"enemies":"Centurion and Healer","floor":21,"turns":7},{"damage":2,"enemies":"Snake Plant","floor":24,"turns":5},{"damage":1,"enemies":"Snecko","floor":27,"turns":5},{"damage":13,"enemies":"Book of Stabbing","floor":29,"turns":4},{"damage":4,"enemies":"3 Cultists","floor":30,"turns":6},{"damage":6,"enemies":"Snake Plant","floor":31,"turns":4},{"damage":12,"enemies":"Champ","floor":33,"turns":13},{"damage":4,"enemies":"Orb Walker","floor":35,"turns":3},{"damage":4,"enemies":"3 Shapes","floor":37,"turns":3},{"damage":0,"enemies":"Maw","floor":38,"turns":8},{"damage":11,"enemies":"4 Shapes","floor":41,"turns":3},{"damage":4,"enemies":"3 Darklings","floor":42,"turns":4},{"damage":6,"enemies":"Maw","floor":46,"turns":6},{"damage":30,"enemies":"Awakened One","floor":50,"turns":13}],"event_choices":[{"event_name":"Transmorgrifier","player_choice":"Transform","floor":2,"damage_taken":0},{"event_name":"Golden Wing","player_choice":"Card Removal","floor":7,"damage_taken":0},{"event_name":"Winding Halls","player_choice":"Writhe","floor":48,"damage_taken":0}],"boss_relics":[{"not_picked":["Question Card","Runic Dome"],"picked":"Cursed Key"},{"not_picked":["Philosopher\u0027s Stone","Tiny House"],"picked":"Orrery"}],"potions_floor_spawned":[1,6,11,13,19,20,24,27,33,35,37,38],"seed_played":"2394385618020126824","is_trial":false}