{"path_per_floor":["M","M","?","M","M","R","E","M","T","M","R","$","E","$","R","B",null,"M","?","?","?","$","R"],"character_chosen":"THE_SILENT","items_purchased":["Bandage Up","Prepared","Caltrops","Acrobatics","PiercingWail"],"gold_per_floor":[116,135,135,155,165,165,198,216,243,257,257,61,86,51,51,153,153,172,172,172,172,95,95],"floor_reached":24,"campfire_rested":3,"playtime":1583,"current_hp_per_floor":[70,68,61,60,49,70,38,36,36,30,51,51,14,14,35,35,70,26,49,40,40,40,40],"items_purged":["Strike_G"],"gold":95,"play_id":"244a6803-d472-4bbb-a3b0-ce3aa637c9d4","is_prod":false,"is_daily":false,"campfire_rituals":0,"campfire_upgraded":0,"is_hardmode":false,"path_taken":["M","M","?","M","M","R","E","M","T","?","R","$","E","?","R","BOSS","M","?","?","?","$","R","M"],"build_version":"2018-01-11-PROD2","purchased_purges":2,"victory":false,"master_deck":["Defend_G","Defend_G","Defend_G","Defend_G","Survivor","Neutralize","Blur","Malaise","Dagger Spray","Wraith Form","Deadly Poison","Dagger Throw","Bandage Up","Prepared","Blur","Caltrops","Flechettes","Night Terror","Backflip","Terror","Distraction","Flechettes","Deflect","Bite_G","Bite_G","Bite_G","Bite_G","Bite_G","Acrobatics","PiercingWail"],"max_hp_per_floor":[70,70,70,70,70,70,70,70,70,70,70,70,70,70,70,70,70,70,70,75,52,52,52],"relics":["Philosopher\u0027s Stone","Matryoshka","Dream Catcher","Happy Flower","Girya","Orrery"],"campfire_meditates":0,"card_choices":[{"not_picked":["Dagger Spray","Dagger Throw"],"picked":"Blur"},{"not_picked":["Sucker Punch","PiercingWail"],"picked":"Malaise"},{"not_picked":["Eviscerate","Acrobatics"],"picked":"Dagger Spray"},{"not_picked":["Quick Slash","Prepared"],"picked":"Wraith Form"},{"not_picked":["Footwork","Concentrate"],"picked":"Deadly Poison"},{"not_picked":["Quick Slash","Dagger Spray"],"picked":"Dagger Throw"},{"not_picked":["Underhanded Strike","Predator"],"picked":"Blur"},{"not_picked":["Wraith Form","Masterful Stab"],"picked":"Flechettes"},{"not_picked":["Tools of the Trade","Grand Finale"],"picked":"Night Terror"},{"not_picked":["Flying Knee","Dodge and Roll"],"picked":"Backflip"},{"not_picked":["Accuracy","Predator"],"picked":"Terror"},{"not_picked":["Footwork","Accuracy"],"picked":"Distraction"},{"not_picked":["Dagger Throw","PiercingWail"],"picked":"Flechettes"},{"not_picked":["Bane","PiercingWail"],"picked":"Deflect"}],"player_experience":513854,"potions_floor_usage":[8,13,16,16,18],"damage_taken":[{"damage":0,"enemies":"Cultist","floor":1,"turns":4},{"damage":2,"enemies":"Jaw Worm","floor":2,"turns":7},{"damage":1,"enemies":"Blue Slaver","floor":4,"turns":5},{"damage":11,"enemies":"Lots of Slimes","floor":5,"turns":3},{"damage":32,"enemies":"Lagavulin","floor":7,"turns":9},{"damage":11,"enemies":"Red Slaver","floor":8,"turns":4},{"damage":6,"enemies":"Looter","floor":10,"turns":3},{"damage":41,"enemies":"Gremlin Nob","floor":13,"turns":6},{"damage":4,"enemies":"Hexaghost","floor":16,"turns":10},{"damage":44,"enemies":"3 Byrds","floor":18,"turns":4},{"damage":22,"enemies":"Spheric Guardian","floor":24,"turns":5}],"event_choices":[{"event_name":"Golden Wing","player_choice":"Card Removal","floor":3,"damage_taken":0},{"event_name":"The Library","player_choice":"Heal","floor":19,"damage_taken":0},{"event_name":"Forgotten Altar","player_choice":"Shed Blood","floor":20,"damage_taken":0},{"event_name":"Vampires","player_choice":"Became a vampire","floor":21,"damage_taken":0}],"boss_relics":[{"not_picked":["Ectoplasm","Tiny House"],"picked":"Orrery"}],"potions_floor_spawned":[1,7,8,13,16],"seed_played":"8696308397803968848","killed_by":"Spheric Guardian","is_trial":false}