{"path_per_floor":["M","?","M","?","M","M","R","E","T","R","$","M","M","M","R","B",null,"M","?","?","$","?","E","R","M","T","T","M","R","?","E","R","B",null,"M","?","$","?","$","R","M","M","T","M","$","M","M","E","R"],"character_chosen":"THE_SILENT","items_purchased":["Oddly Smooth Stone","Flash of Steel"],"gold_per_floor":[110,110,128,128,146,165,165,198,198,198,43,60,79,91,91,193,193,208,208,133,58,58,90,90,107,132,132,142,142,142,170,170,271,271,285,285,185,185,60,60,72,91,116,126,24,44,61,89,89],"floor_reached":50,"campfire_rested":6,"playtime":4478,"current_hp_per_floor":[66,72,66,59,59,58,58,37,37,59,59,57,49,49,71,54,104,104,104,104,104,104,54,85,66,66,66,58,89,73,65,96,54,104,95,95,95,95,95,95,95,80,80,74,74,62,64,50,81],"items_purged":["Writhe","Defend_G","Defend_G"],"gold":89,"play_id":"2bc63b14-c3e4-4086-8c41-d4e3044c444d","is_prod":false,"is_daily":false,"campfire_rituals":0,"campfire_upgraded":2,"is_hardmode":false,"path_taken":["M","?","M","?","M","M","R","E","T","R","$","?","M","?","R","BOSS","M","?","?","$","?","E","R","M","T","?","M","R","?","E","R","BOSS","M","?","?","?","$","R","M","M","T","M","$","M","M","E","R","BOSS"],"build_version":"2018-01-18-PROD4","purchased_purges":3,"victory":false,"master_deck":["Defend_G","Defend_G","Defend_G","Strike_G","Strike_G","Strike_G","Strike_G","Survivor","Neutralize","Predator","Prepared","Noxious Fumes","Flying Knee","Escape Plan","Flying Knee","Adrenaline","Clumsy","Die Die Die","Dagger Spray","Deflect","After Image","Backflip","Flash of Steel","Bullet Time","PiercingWail"],"max_hp_per_floor":[70,76,76,76,76,76,76,76,76,76,76,76,76,76,76,76,104,104,104,104,104,104,104,104,104,104,104,104,104,104,104,104,104,104,104,104,104,104,104,104,104,104,104,104,104,104,104,104,104],"relics":["Ring of the Snake","Darkstone Periapt","Molten Egg","Pen Nib","Oddly Smooth Stone","Calling Bell","Anchor","Meat on the Bone","Pear","Unceasing Top","Blood Vial","Bag of Marbles","Nilry\u0027s Codex","Sundial","Lizard Tail","Omamori","Toxic Egg"],"campfire_meditates":0,"card_choices":[{"not_picked":["Endless Agony","Catalyst"],"picked":"Predator"},{"not_picked":["Acrobatics","Deflect"],"picked":"Prepared"},{"not_picked":["Choke","Bane"],"picked":"Noxious Fumes"},{"not_picked":["Underhanded Strike","Cloak And Dagger"],"picked":"Flying Knee"},{"not_picked":["Setup","Outmaneuver"],"picked":"Escape Plan"},{"not_picked":["Setup","Cloak And Dagger"],"picked":"Flying Knee"},{"not_picked":["Phantasmal Killer","Die Die Die"],"picked":"Adrenaline"},{"not_picked":["Crippling Poison","Outmaneuver"],"picked":"Dagger Spray"},{"not_picked":["Poisoned Stab","Storm of Steel"],"picked":"Deflect"},{"not_picked":["Caltrops","Poisoned Stab"],"picked":"After Image"},{"not_picked":["Malaise","Prepared"],"picked":"Backflip"},{"not_picked":["Flying Knee","Backstab"],"picked":"Bullet Time"},{"not_picked":["Flying Knee","Quick Slash"],"picked":"PiercingWail"}],"player_experience":536217,"potions_floor_usage":[8,12,16,18,23,35,41,44,46,48,48],"damage_taken":[{"damage":4,"enemies":"Cultist","floor":1,"turns":5},{"damage":6,"enemies":"Small Slimes","floor":3,"turns":4},{"damage":0,"enemies":"2 Louse","floor":5,"turns":2},{"damage":1,"enemies":"Exordium Wildlife","floor":6,"turns":3},{"damage":21,"enemies":"Gremlin Nob","floor":8,"turns":5},{"damage":2,"enemies":"Gremlin Gang","floor":12,"turns":4},{"damage":8,"enemies":"Exordium Thugs","floor":13,"turns":5},{"damage":0,"enemies":"3 Louse","floor":14,"turns":4},{"damage":17,"enemies":"Slime Boss","floor":16,"turns":8},{"damage":0,"enemies":"3 Byrds","floor":18,"turns":4},{"damage":50,"enemies":"Gremlin Leader","floor":23,"turns":7},{"damage":19,"enemies":"2 Thieves","floor":25,"turns":4},{"damage":22,"enemies":"Snake Plant","floor":28,"turns":5},{"damage":10,"enemies":"Book of Stabbing","floor":31,"turns":6},{"damage":44,"enemies":"Collector","floor":33,"turns":9},{"damage":9,"enemies":"Orb Walker","floor":35,"turns":5},{"damage":2,"enemies":"3 Shapes","floor":41,"turns":3},{"damage":17,"enemies":"3 Darklings","floor":42,"turns":3},{"damage":8,"enemies":"Maw","floor":44,"turns":8},{"damage":14,"enemies":"Sphere and 2 Shapes","floor":46,"turns":6},{"damage":0,"enemies":"3 Darklings","floor":47,"turns":3},{"damage":28,"enemies":"2 Orb Walkers","floor":48,"turns":5},{"damage":65,"enemies":"Time Eater","floor":50,"turns":12}],"event_choices":[{"event_name":"Big Fish","player_choice":"Box","floor":2,"damage_taken":0},{"event_name":"Golden Wing","player_choice":"Card Removal","floor":4,"damage_taken":0},{"event_name":"Drug Dealer","player_choice":"Ignored","floor":19,"damage_taken":0},{"event_name":"Beggar","player_choice":"Gave Gold","floor":20,"damage_taken":0},{"event_name":"The Library","player_choice":"Read","floor":22,"damage_taken":0},{"event_name":"Cursed Tome","player_choice":"Obtained Book","floor":30,"damage_taken":0},{"event_name":"Tomb of Lord Red Mask","player_choice":"Ignored","floor":36,"damage_taken":0}],"boss_relics":[{"not_picked":["Tiny House","Sozu"],"picked":"Calling Bell"},{"not_picked":["Black Star","Orrery"],"picked":"Lizard Tail"}],"potions_floor_spawned":[1,3,8,13,18,28,33,42,44,46,47],"seed_played":"-3579603098734887144","killed_by":"Time Eater","is_trial":false}