{"path_per_floor":["M","?","?","$","M","E","R","M","T","$","E","M","M","M","R","B",null,"M","$","M","?","?","E","M","R","T","M","R","M","M","?","R","B",null,"M","?","M","$","M","E","M","?","T","M","M","R","M","$","R","B"],"character_chosen":"THE_SILENT","items_purchased":["Footwork","Blade Dance","Accuracy","Dash"],"gold_per_floor":[112,112,112,37,48,78,78,97,97,17,52,70,85,104,104,208,208,208,17,0,0,0,0,0,0,0,0,0,0,0,0,0,0,0,0,0,0,0,0,0,0,0,0,0,0,0,0,0,0,0],"floor_reached":51,"campfire_rested":4,"playtime":5569,"current_hp_per_floor":[66,66,71,71,67,46,68,68,68,68,52,52,48,48,70,61,75,75,75,65,65,65,60,54,54,54,53,53,48,36,36,58,54,75,75,75,60,60,53,49,49,49,49,49,42,74,64,64,74,25],"items_purged":["Strike_G"],"gold":0,"play_id":"045dc288-fabc-4967-82cd-c6922636558d","is_prod":false,"is_daily":false,"campfire_rituals":0,"campfire_upgraded":3,"is_hardmode":false,"path_taken":["M","?","?","?","M","E","R","M","T","$","E","M","M","M","R","BOSS","M","$","M","?","?","E","M","R","T","M","R","M","M","?","R","BOSS","M","?","M","$","M","E","M","?","T","M","M","R","M","$","R","BOSS"],"build_version":"2018-01-18-PROD4","purchased_purges":1,"victory":true,"master_deck":["Defend_G","Defend_G","Defend_G","Strike_G","Strike_G","Strike_G","Strike_G","Survivor","Neutralize","Infinite Blades","Predator","Prepared","Footwork","Cloak And Dagger","Die Die Die","Prepared","Outmaneuver","Adrenaline","Leg Sweep","Blade Dance","Accuracy","Dash","PiercingWail","Terror","Blade Dance","Caltrops","Deflect","Footwork","Dodge and Roll"],"max_hp_per_floor":[70,70,75,75,75,75,75,75,75,75,75,75,75,75,75,75,75,75,75,75,75,75,75,75,75,75,75,75,75,75,75,75,75,75,75,75,75,75,75,75,75,75,75,75,75,75,75,75,75,75],"relics":["Ring of the Snake","Pen Nib","Dead Branch","Juzu Bracelet","Gremlin Horn","Ectoplasm","Bronze Scales","Prayer Wheel","Eternal Feather","Matryoshka","Omamori","Old Coin"],"campfire_meditates":0,"card_choices":[{"not_picked":["Dash","Cloak And Dagger"],"picked":"Infinite Blades"},{"not_picked":["Calculated Gamble","Skewer"],"picked":"Prepared"},{"not_picked":["Dodge and Roll","Phantasmal Killer"],"picked":"Cloak And Dagger"},{"not_picked":["Deadly Poison","Bane"],"picked":"Die Die Die"},{"not_picked":["Flying Knee","Heel Hook"],"picked":"Prepared"},{"not_picked":["Dagger Throw","Flying Knee"],"picked":"Outmaneuver"},{"not_picked":["Corpse Explosion","Glass Knife"],"picked":"Adrenaline"},{"not_picked":["Bane","Eviscerate"],"picked":"Leg Sweep"},{"not_picked":["Eviscerate","Quick Slash"],"picked":"PiercingWail"},{"not_picked":["Wraith Form","All Out Attack"],"picked":"Blade Dance"},{"not_picked":["Quick Slash","Riddle With Holes"],"picked":"Caltrops"},{"not_picked":["PiercingWail","Dodge and Roll"],"picked":"Deflect"},{"not_picked":["PiercingWail","Caltrops"],"picked":"Footwork"},{"not_picked":["Accuracy","Flechettes"],"picked":"Dodge and Roll"}],"player_experience":562804,"potions_floor_usage":[45,45,47],"damage_taken":[{"damage":4.0,"enemies":"Cultist","floor":1.0,"turns":5.0},{"damage":4.0,"enemies":"Blue Slaver","floor":5.0,"turns":5.0},{"damage":21.0,"enemies":"Lagavulin","floor":6.0,"turns":5.0},{"damage":0.0,"enemies":"2 Louse","floor":8.0,"turns":2.0},{"damage":16.0,"enemies":"3 Sentries","floor":11.0,"turns":5.0},{"damage":0.0,"enemies":"Looter","floor":12.0,"turns":3.0},{"damage":4.0,"enemies":"Exordium Thugs","floor":13.0,"turns":4.0},{"damage":0.0,"enemies":"Red Slaver","floor":14.0,"turns":2.0},{"damage":9.0,"enemies":"Hexaghost","floor":16.0,"turns":9.0},{"damage":0.0,"enemies":"Spheric Guardian","floor":18.0,"turns":3.0},{"damage":10.0,"enemies":"2 Thieves","floor":20.0,"turns":3.0},{"damage":5.0,"enemies":"Book of Stabbing","floor":23.0,"turns":5.0},{"damage":6.0,"enemies":"Snake Plant","floor":24.0,"turns":4.0},{"damage":1.0,"enemies":"Snecko","floor":27.0,"turns":4.0},{"damage":5.0,"enemies":"Slaver and Parasite","floor":29.0,"turns":4.0},{"damage":12.0,"enemies":"3 Cultists","floor":30.0,"turns":4.0},{"damage":4.0,"enemies":"Collector","floor":33.0,"turns":7.0},{"damage":0.0,"enemies":"Orb Walker","floor":35.0,"turns":3.0},{"damage":15.0,"enemies":"3 Darklings","floor":37.0,"turns":5.0},{"damage":7.0,"enemies":"Maw","floor":39.0,"turns":7.0},{"damage":4.0,"enemies":"Giant Head","floor":40.0,"turns":7.0},{"damage":0.0,"enemies":"4 Shapes","floor":41.0,"turns":4.0},{"damage":0,"enemies":"3 Darklings","floor":44,"turns":4},{"damage":7,"enemies":"Maw","floor":45,"turns":8},{"damage":10,"enemies":"4 Shapes","floor":47,"turns":6},{"damage":49,"enemies":"Awakened One","floor":50,"turns":17}],"event_choices":[{"event_name":"Transmorgrifier","player_choice":"Transform","floor":2.0,"damage_taken":0.0},{"event_name":"Big Fish","player_choice":"Donut","floor":3.0,"damage_taken":0.0},{"event_name":"The Library","player_choice":"Read","floor":21.0,"damage_taken":0.0},{"event_name":"Cursed Tome","player_choice":"Ignored","floor":22.0,"damage_taken":0.0},{"event_name":"Vampires","player_choice":"Ignored","floor":31.0,"damage_taken":0.0},{"event_name":"Upgrade Shrine","player_choice":"Upgraded","floor":36.0,"damage_taken":0.0}],"boss_relics":[],"potions_floor_spawned":[1,8,12,13,20,23,29,30,33,39,40,41,44],"seed_played":"3114632441176505672","is_trial":false}