{"path_per_floor":["M","?","?","$","M","E","R","M","T","M","R","?","M","E","R","B",null,"M","M","$","?","M","M","R","T","T","M","$","R","$","?","R","B",null,"M","?","?","M","$","R","?","R","T","R","$","R","?","M","R"],"character_chosen":"THE_SILENT","items_purchased":["Blind","Heel Hook","Snake Skull","Apotheosis","Finisher","Jack Of All Trades","Thinking Ahead"],"gold_per_floor":[117,117,192,21,34,99,99,122,204,218,218,218,234,269,269,395,395,419,439,42,42,66,89,89,112,112,137,87,87,37,37,37,167,167,185,244,577,588,187,187,187,187,237,237,187,187,187,207,207],"floor_reached":50,"campfire_rested":6,"playtime":4024,"current_hp_per_floor":[70,53,42,42,42,12,33,33,33,32,53,39,35,27,48,22,70,63,63,63,54,45,45,67,67,67,58,58,58,58,58,58,39,75,64,56,56,45,45,67,57,57,57,57,57,57,57,55,75],"items_purged":["Strike_G","Defend_G","Strike_G","Strike_G","Madness"],"gold":207,"play_id":"3f6a754f-1c72-46e4-9af9-20b448ea2425","is_prod":false,"is_daily":false,"campfire_rituals":0,"campfire_upgraded":5,"is_hardmode":false,"path_taken":["M","?","?","$","M","E","R","M","T","M","R","?","M","E","R","BOSS","M","M","$","?","M","M","R","?","T","M","?","R","$","?","R","BOSS","M","?","?","?","$","R","?","R","T","R","?","R","?","M","R","BOSS"],"build_version":"2018-01-18-PROD3","purchased_purges":6,"victory":false,"master_deck":["Defend_G","Defend_G","Defend_G","Strike_G","Strike_G","Survivor","Neutralize","Backflip","Blind","Heel Hook","Sucker Punch","Prepared","Cloak And Dagger","Dagger Spray","Deflect","Envenom","Distraction","Acrobatics","Apotheosis","Prepared","Footwork","Tools of the Trade","PiercingWail","Cloak And Dagger","Noxious Fumes","Finisher","Jack Of All Trades","Thinking Ahead","Madness"],"max_hp_per_floor":[70,70,70,70,70,70,70,70,70,70,70,70,70,70,70,70,70,70,70,70,75,75,75,75,75,75,75,75,75,75,75,75,75,75,75,75,75,75,75,75,75,75,75,75,75,75,75,75,75],"relics":["Ring of the Snake","Tiny Chest","Letter Opener","Darkstone Periapt","Sozu","Snake Skull","War Paint","Smiling Mask","Thread and Needle","Oddly Smooth Stone"],"campfire_meditates":0,"card_choices":[{"not_picked":["Dodge and Roll","PiercingWail"],"picked":"Backflip"},{"not_picked":["Acrobatics","Caltrops"],"picked":"Sucker Punch"},{"not_picked":["Finisher","Outmaneuver"],"picked":"Prepared"},{"not_picked":["Prepared","Poisoned Stab"],"picked":"Cloak And Dagger"},{"not_picked":["Predator","Flying Knee"],"picked":"Dagger Spray"},{"not_picked":["Poisoned Stab","Skewer"],"picked":"Deflect"},{"not_picked":["Glass Knife","Storm of Steel"],"picked":"Envenom"},{"not_picked":["Bouncing Flask","Dodge and Roll"],"picked":"Distraction"},{"not_picked":["Sucker Punch","Underhanded Strike"],"picked":"Acrobatics"},{"not_picked":["Malaise","Grand Finale"],"picked":"Prepared"},{"not_picked":["Acrobatics","Prepared"],"picked":"Footwork"},{"not_picked":["Grand Finale","Phantasmal Killer"],"picked":"Tools of the Trade"},{"not_picked":["Quick Slash","Masterful Stab"],"picked":"PiercingWail"},{"not_picked":["Leg Sweep","PiercingWail"],"picked":"Cloak And Dagger"},{"not_picked":["Underhanded Strike","Riddle With Holes"],"picked":"Noxious Fumes"}],"player_experience":518168,"potions_floor_usage":[],"damage_taken":[{"damage":0.0,"enemies":"Cultist","floor":1.0,"turns":3.0},{"damage":0.0,"enemies":"Jaw Worm","floor":5.0,"turns":4.0},{"damage":30.0,"enemies":"Lagavulin","floor":6.0,"turns":8.0},{"damage":0.0,"enemies":"Small Slimes","floor":8.0,"turns":3.0},{"damage":1.0,"enemies":"2 Fungi Beasts","floor":10.0,"turns":4.0},{"damage":4.0,"enemies":"3 Louse","floor":13.0,"turns":3.0},{"damage":8.0,"enemies":"3 Sentries","floor":14.0,"turns":5.0},{"damage":26.0,"enemies":"The Guardian","floor":16.0,"turns":16.0},{"damage":7.0,"enemies":"Spheric Guardian","floor":18.0,"turns":5.0},{"damage":0.0,"enemies":"3 Byrds","floor":19.0,"turns":3.0},{"damage":9.0,"enemies":"Centurion and Healer","floor":22.0,"turns":6.0},{"damage":0.0,"enemies":"Snecko","floor":23.0,"turns":6.0},{"damage":9.0,"enemies":"Snake Plant","floor":27.0,"turns":5.0},{"damage":19.0,"enemies":"Automaton","floor":33.0,"turns":10.0},{"damage":11,"enemies":"3 Shapes","floor":35,"turns":4},{"damage":8,"enemies":"Mysterious Sphere","floor":36,"turns":5},{"damage":11,"enemies":"3 Darklings","floor":38,"turns":4},{"damage":2,"enemies":"Sphere and 2 Shapes","floor":48,"turns":4},{"damage":39,"enemies":"Time Eater","floor":50,"turns":7}],"event_choices":[{"event_name":"Golden Idol","player_choice":"Take Damage","floor":2.0,"damage_taken":0.0},{"event_name":"World of Goop","player_choice":"Gather Gold","floor":3.0,"damage_taken":0.0},{"event_name":"Shining Light","player_choice":"Entered Light","floor":12.0,"damage_taken":0.0},{"event_name":"Forgotten Altar","player_choice":"Shed Blood","floor":21.0,"damage_taken":0.0},{"event_name":"Beggar","player_choice":"Ignored","floor":31.0,"damage_taken":0.0},{"event_name":"Mysterious Sphere","player_choice":"Fight","floor":36,"damage_taken":0},{"event_name":"The Moai Head","player_choice":"Gave Idol","floor":37,"damage_taken":0},{"event_name":"Winding Halls","player_choice":"Embrace Madness","floor":41,"damage_taken":0},{"event_name":"Tomb of Lord Red Mask","player_choice":"Ignored","floor":47,"damage_taken":0}],"boss_relics":[{"not_picked":["Snecko Eye","Runic Dome","Runic Pyramid"]}],"potions_floor_spawned":[6,8,13,22,23,33,48],"seed_played":"-6329038018569328508","killed_by":"Time Eater","is_trial":false}