{"path_per_floor":["M","$","?","M","?","R","?","E","T","E","R","$","M","M","R","B",null,"M","M","?","$","?","R","E","$","T","R","?","M","T","M","R","B",null,"M","?","?","M","?","R","?","R","T","M","M","M","M","?","R"],"character_chosen":"THE_SILENT","items_purchased":["Footwork"],"gold_per_floor":[118,37,37,48,48,48,48,76,76,107,107,32,44,54,54,151,151,151,151,151,51,1,1,1,1,1,1,1,1,1,1,1,1,1,1,1,1,1,0,0,0,0,0,0,0,0,0,0,0],"floor_reached":50,"campfire_rested":4,"playtime":3446,"current_hp_per_floor":[69,69,69,68,68,68,68,38,38,16,37,37,37,36,57,23,70,62,60,60,60,60,60,30,30,30,51,51,42,42,29,50,22,77,77,67,67,67,67,67,67,67,67,66,44,46,30,75,75],"items_purged":["Regret","Strike_G"],"gold":0,"play_id":"e1d549a4-55dd-4ed3-b194-e03e424d412d","is_prod":false,"is_daily":false,"campfire_rituals":0,"campfire_upgraded":5,"is_hardmode":false,"path_taken":["M","$","?","M","?","R","?","E","T","E","R","$","?","M","R","BOSS","M","M","?","?","?","R","E","$","T","R","?","M","?","M","R","BOSS","M","?","?","M","?","R","?","R","T","?","M","M","M","?","R","BOSS"],"build_version":"2018-01-11-PROD2","purchased_purges":2,"victory":false,"master_deck":["Defend_G","Defend_G","Defend_G","Defend_G","Strike_G","Strike_G","Strike_G","Strike_G","Survivor","Neutralize","Poisoned Stab","Footwork","Prepared","Glass Knife","Catalyst","Dagger Spray","Backflip","Adrenaline","Noxious Fumes","Terror","PiercingWail","Endless Agony","Corpse Explosion","Backflip","Madness","Madness","Well Laid Plans","Burst"],"max_hp_per_floor":[70,70,70,70,70,70,70,70,70,70,70,70,70,70,70,70,70,70,70,70,70,70,70,70,70,70,70,70,72,72,72,72,72,77,79,79,79,81,81,81,81,81,81,81,83,85,85,75,75],"relics":["Ring of the Snake","Singing Bowl","Snake Skull","Unceasing Top","Molten Egg","Vajra","Ectoplasm","Tough Bandages","Anchor","Smiling Mask","Tiny House","Red Mask","Orichalcum"],"campfire_meditates":0,"card_choices":[{"not_picked":["Dodge and Roll","Acrobatics"],"picked":"Poisoned Stab"},{"not_picked":["Outmaneuver","Underhanded Strike"],"picked":"Prepared"},{"not_picked":["Grand Finale","Blade Dance"],"picked":"Glass Knife"},{"not_picked":["Quick Slash","Outmaneuver"],"picked":"Catalyst"},{"not_picked":["Prepared","Dagger Throw"],"picked":"Dagger Spray"},{"not_picked":["Masterful Stab","Flechettes"],"picked":"Backflip"},{"not_picked":["Burst","Tools of the Trade"],"picked":"Adrenaline"},{"not_picked":["Flying Knee","Choke"],"picked":"Noxious Fumes"},{"not_picked":["Backstab","Backflip"],"picked":"Terror"},{"not_picked":["Slice","Flechettes"],"picked":"PiercingWail"},{"not_picked":["Infinite Blades","Backflip"],"picked":"Endless Agony"},{"not_picked":["Glass Knife","Grand Finale"],"picked":"Corpse Explosion"},{"not_picked":["Dagger Throw","Backstab"],"picked":"Backflip"},{"not_picked":["Infinite Blades","Deflect"],"picked":"Well Laid Plans"},{"not_picked":["Deflect","Infinite Blades"],"picked":"Burst"}],"player_experience":472518,"potions_floor_usage":[10,16,18,24,33,35,44,45,47],"damage_taken":[{"damage":1,"enemies":"Cultist","floor":1,"turns":5},{"damage":1,"enemies":"Jaw Worm","floor":4,"turns":5},{"damage":30,"enemies":"Lagavulin","floor":8,"turns":7},{"damage":22,"enemies":"3 Sentries","floor":10,"turns":8},{"damage":0,"enemies":"Small Slimes","floor":13,"turns":2},{"damage":1,"enemies":"2 Fungi Beasts","floor":14,"turns":3},{"damage":34,"enemies":"The Guardian","floor":16,"turns":9},{"damage":8,"enemies":"Spheric Guardian","floor":18,"turns":5},{"damage":2,"enemies":"3 Byrds","floor":19,"turns":4},{"damage":30,"enemies":"Gremlin Leader","floor":24,"turns":5},{"damage":11,"enemies":"Snake Plant","floor":29,"turns":3},{"damage":13,"enemies":"3 Cultists","floor":31,"turns":5},{"damage":28,"enemies":"Automaton","floor":33,"turns":10},{"damage":2,"enemies":"3 Shapes","floor":35,"turns":4},{"damage":2,"enemies":"Orb Walker","floor":38,"turns":3},{"damage":1,"enemies":"3 Darklings","floor":44,"turns":4},{"damage":24,"enemies":"Sphere and 2 Shapes","floor":45,"turns":5},{"damage":0,"enemies":"4 Shapes","floor":46,"turns":7},{"damage":16,"enemies":"3 Darklings","floor":47,"turns":3},{"damage":51,"enemies":"Time Eater","floor":50,"turns":8}],"event_choices":[{"event_name":"Golden Idol","player_choice":"Ignored","floor":3,"damage_taken":0},{"event_name":"Big Fish","player_choice":"Box","floor":5,"damage_taken":0},{"event_name":"Liars Game","player_choice":"disagreed","floor":7,"damage_taken":0},{"event_name":"Back to Basics","player_choice":"Simplicity","floor":20,"damage_taken":0},{"event_name":"The Joust","player_choice":"Bet on Murderer","floor":22,"damage_taken":0},{"event_name":"The Mausoleum","player_choice":"No","floor":28,"damage_taken":0},{"event_name":"Winding Halls","player_choice":"Embrace Madness","floor":36,"damage_taken":0},{"event_name":"Mysterious Sphere","player_choice":"Ignore","floor":37,"damage_taken":0},{"event_name":"Tomb of Lord Red Mask","player_choice":"Paid","floor":39,"damage_taken":0},{"event_name":"The Moai Head","player_choice":"Heal","floor":48,"damage_taken":0}],"boss_relics":[{"not_picked":["Snecko Eye","Lizard Tail"],"picked":"Ectoplasm"},{"not_picked":["Velvet Choker","Runic Dome"],"picked":"Tiny House"}],"potions_floor_spawned":[8,10,13,16,18,29,33,35,38],"seed_played":"2886861623341810048","killed_by":"Time Eater","is_trial":false}