{"path_per_floor":["M","$","?","?","M","E","M","R","T","R","M","M","$","?","R","B",null,"M","?","$","?","M","R","?","M","T","?","M","R","$","M","R","B",null,"M","M","M","?","M","R","M","R","T","?","?","M","?","$","R"],"character_chosen":"THE_SILENT","items_purchased":["Noxious Fumes","Vajra","Deflect","Terror","Deflect","Weak Potion"],"gold_per_floor":[214,30,30,30,48,74,93,93,147,147,161,174,49,49,49,146,146,157,157,57,57,72,72,72,83,83,83,96,96,25,35,35,131,131,147,167,185,185,204,204,219,219,219,219,219,229,229,1,1],"floor_reached":50,"campfire_rested":5,"playtime":4081,"current_hp_per_floor":[69,69,69,55,55,50,50,50,50,50,50,50,50,55,55,38,75,66,57,57,57,38,62,62,51,51,51,45,69,69,64,64,35,80,59,53,32,32,23,47,39,63,63,63,63,39,39,39,63],"items_purged":["Strike_G","Defend_G","Decay"],"gold":1,"play_id":"f6ce4295-625b-4edb-a1c0-acf424055b1d","is_prod":false,"is_daily":false,"campfire_rituals":0,"campfire_upgraded":2,"is_hardmode":false,"path_taken":["M","$","?","?","M","E","?","R","T","R","M","M","$","?","R","BOSS","M","?","?","?","M","R","?","M","T","?","M","R","$","M","R","BOSS","M","M","M","?","M","R","M","R","T","?","?","M","?","$","R","BOSS"],"build_version":"2018-01-18-PROD4","purchased_purges":5,"victory":false,"master_deck":["Defend_G","Defend_G","Strike_G","Strike_G","Survivor","Neutralize","After Image","Noxious Fumes","Infinite Blades","Leg Sweep","Calculated Gamble","Prepared","Underhanded Strike","Deflect","A Thousand Cuts","Slice","Terror","Dagger Throw","After Image","Well Laid Plans","Choke","Tools of the Trade","Dash","Prepared","Flying Knee","Cloak And Dagger","Deflect"],"max_hp_per_floor":[70,70,70,70,70,70,70,70,70,70,70,70,70,75,75,75,75,75,80,80,80,80,80,80,80,80,80,80,80,80,80,80,80,80,80,80,80,80,80,80,80,80,80,80,80,80,80,80,80],"relics":["Ring of the Snake","Vajra","Girya","Juzu Bracelet","White Beast Statue","Bottled Tornado","Astrolabe","Frozen Eye"],"campfire_meditates":0,"card_choices":[{"not_picked":["Poisoned Stab","Acrobatics"],"picked":"After Image"},{"not_picked":["Accuracy","Masterful Stab"],"picked":"Infinite Blades"},{"not_picked":["Dagger Throw","Sucker Punch"],"picked":"Leg Sweep"},{"not_picked":["Riddle With Holes","Quick Slash"],"picked":"Calculated Gamble"},{"not_picked":["Bane","Dagger Throw"],"picked":"Prepared"},{"not_picked":["Dagger Throw","Crippling Poison"],"picked":"Underhanded Strike"},{"not_picked":["Glass Knife","Unload"],"picked":"A Thousand Cuts"},{"not_picked":["Underhanded Strike","Quick Slash"],"picked":"Slice"},{"not_picked":["Caltrops","Riddle With Holes"],"picked":"Slice"},{"not_picked":["Outmaneuver","PiercingWail"],"picked":"Dagger Throw"},{"not_picked":["A Thousand Cuts","Burst"],"picked":"After Image"},{"not_picked":["Concentrate","Sucker Punch"],"picked":"Dash"},{"not_picked":["Choke","Bane"],"picked":"Prepared"},{"not_picked":["Dagger Spray","Deflect"],"picked":"Flying Knee"},{"not_picked":["Deflect","Prepared"],"picked":"Cloak And Dagger"}],"player_experience":544076,"potions_floor_usage":[35,36,39,41,46,50,50,50],"damage_taken":[{"damage":1.0,"enemies":"Cultist","floor":1.0,"turns":4.0},{"damage":0.0,"enemies":"Jaw Worm","floor":5.0,"turns":4.0},{"damage":5.0,"enemies":"Lagavulin","floor":6.0,"turns":6.0},{"damage":0.0,"enemies":"2 Louse","floor":7.0,"turns":3.0},{"damage":0.0,"enemies":"Large Slime","floor":11.0,"turns":4.0},{"damage":0.0,"enemies":"2 Fungi Beasts","floor":12.0,"turns":4.0},{"damage":17.0,"enemies":"The Guardian","floor":16.0,"turns":10.0},{"damage":9.0,"enemies":"3 Byrds","floor":18.0,"turns":5.0},{"damage":19.0,"enemies":"2 Thieves","floor":22.0,"turns":5.0},{"damage":11.0,"enemies":"Chosen and Byrds","floor":25.0,"turns":7.0},{"damage":6.0,"enemies":"Snake Plant","floor":28.0,"turns":5.0},{"damage":5.0,"enemies":"Snecko","floor":31.0,"turns":7.0},{"damage":29.0,"enemies":"Automaton","floor":33.0,"turns":8.0},{"damage":21,"enemies":"Orb Walker","floor":35,"turns":5},{"damage":6,"enemies":"3 Darklings","floor":36,"turns":5},{"damage":21,"enemies":"Sphere and 2 Shapes","floor":37,"turns":6},{"damage":24,"enemies":"4 Shapes","floor":39,"turns":7},{"damage":8,"enemies":"Maw","floor":41,"turns":7},{"damage":24,"enemies":"3 Darklings","floor":46,"turns":5},{"damage":68,"enemies":"Awakened One","floor":50,"turns":13}],"event_choices":[{"event_name":"Living Wall","player_choice":"Forget","floor":3.0,"damage_taken":0.0},{"event_name":"Shining Light","player_choice":"Entered Light","floor":4.0,"damage_taken":0.0},{"event_name":"Big Fish","player_choice":"Donut","floor":14.0,"damage_taken":0.0},{"event_name":"Forgotten Altar","player_choice":"Shed Blood","floor":19.0,"damage_taken":0.0},{"event_name":"Drug Dealer","player_choice":"Ignored","floor":21.0,"damage_taken":0.0},{"event_name":"Vampires","player_choice":"Ignored","floor":24.0,"damage_taken":0.0},{"event_name":"Addict","player_choice":"Ignored","floor":27.0,"damage_taken":0.0},{"event_name":"Mysterious Sphere","player_choice":"Ignore","floor":38,"damage_taken":0},{"event_name":"Wheel of Change","player_choice":"Curse","floor":44,"damage_taken":0},{"event_name":"Tomb of Lord Red Mask","player_choice":"Ignored","floor":45,"damage_taken":0}],"boss_relics":[{"not_picked":["Pandora\u0027s Box","Lizard Tail"],"picked":"Astrolabe"}],"potions_floor_spawned":[5,11,16,18,22,25,28,31,33,35,36,37,39,41,46],"seed_played":"7250104622103258522","killed_by":"Awakened One","is_trial":false}