{"path_per_floor":["M","M","?","?","M","R","E","R","T","M","?","E","M","$","R","B",null,"M","M","?","$","M","E","R","?","T","M","E","R","E","$","R","B",null,"M","?","?","M","M","R","M","M","T","E","?","$","R","M","R","B"],"character_chosen":"THE_SILENT","items_purchased":["Tough Bandages","Tools of the Trade","Apotheosis"],"gold_per_floor":[119,132,132,132,151,151,180,180,180,199,374,409,420,22,22,117,117,127,137,137,62,74,109,109,109,109,126,159,159,193,12,12,116,116,130,130,130,144,164,164,174,186,210,236,236,136,136,149,149,149],"floor_reached":51,"campfire_rested":3,"playtime":4677,"current_hp_per_floor":[77,77,77,77,77,77,70,70,70,70,70,59,59,59,59,59,77,77,71,71,71,71,67,67,67,67,59,46,69,62,62,77,77,77,77,77,77,77,71,71,71,53,53,49,49,49,72,69,69,63],"items_purged":["Strike_G","Defend_G"],"gold":149,"play_id":"3260300e-de21-497a-a58b-a78e06413cf9","is_prod":false,"is_daily":false,"campfire_rituals":0,"campfire_upgraded":6,"is_hardmode":false,"path_taken":["M","M","?","?","M","R","E","R","T","?","?","E","M","$","R","BOSS","M","M","?","$","M","E","R","?","T","M","E","R","E","$","R","BOSS","M","?","?","M","M","R","M","M","T","E","?","$","R","M","R","BOSS"],"build_version":"2018-01-11-PROD2","purchased_purges":2,"victory":true,"master_deck":["Defend_G","Defend_G","Defend_G","Strike_G","Strike_G","Survivor","Neutralize","Dagger Spray","Dagger Throw","Reflex","Backflip","Dagger Throw","Doubt","Calculated Gamble","Prepared","Tools of the Trade","Storm of Steel","Dagger Throw","Infinite Blades","Burst","Noxious Fumes","Apotheosis","Prepared","A Thousand Cuts","Underhanded Strike","Infinite Blades","Terror"],"max_hp_per_floor":[77,77,77,77,77,77,77,77,77,77,77,77,77,77,77,77,77,77,77,77,77,77,77,77,77,77,77,77,77,77,77,77,77,77,77,77,77,77,77,77,77,77,77,77,77,77,77,77,77,77],"relics":["Ring of the Snake","Strawberry","Du-Vu Doll","Tingsha","Shuriken","Tough Bandages","White Beast Statue","Dream Catcher","Frozen Eye","Kunai","Gremlin Horn","Sozu","Whetstone","Paper Crane"],"campfire_meditates":0,"card_choices":[{"not_picked":["Malaise","Eviscerate"],"picked":"Dagger Spray"},{"not_picked":["Dagger Spray","Quick Slash"],"picked":"Dagger Throw"},{"not_picked":["Deadly Poison","Bane"],"picked":"Backflip"},{"not_picked":["Underhanded Strike","PiercingWail"],"picked":"Dagger Throw"},{"not_picked":["Heel Hook","Dodge and Roll"],"picked":"Calculated Gamble"},{"not_picked":["Dagger Spray","Eviscerate"],"picked":"Prepared"},{"not_picked":["After Image","Tools of the Trade"],"picked":"Storm of Steel"},{"not_picked":["Poisoned Stab","Slice"],"picked":"Dagger Throw"},{"not_picked":["Distraction","PiercingWail"],"picked":"Infinite Blades"},{"not_picked":["Deadly Poison","Poisoned Stab"],"picked":"Burst"},{"not_picked":["Leg Sweep","Backstab"],"picked":"Noxious Fumes"},{"not_picked":["Bane","Concentrate"],"picked":"Prepared"},{"not_picked":["Tools of the Trade","Bullet Time"],"picked":"A Thousand Cuts"},{"not_picked":["Slice","Malaise"],"picked":"Underhanded Strike"},{"not_picked":["Bane","Prepared"],"picked":"Infinite Blades"},{"not_picked":["Skewer","Sucker Punch"],"picked":"Terror"}],"player_experience":480187,"potions_floor_usage":[],"damage_taken":[{"damage":0.0,"enemies":"Cultist","floor":1.0,"turns":5.0},{"damage":0.0,"enemies":"Blue Slaver","floor":2.0,"turns":6.0},{"damage":0.0,"enemies":"Small Slimes","floor":5.0,"turns":3.0},{"damage":7.0,"enemies":"Gremlin Nob","floor":7.0,"turns":4.0},{"damage":0.0,"enemies":"2 Fungi Beasts","floor":10.0,"turns":3.0},{"damage":11.0,"enemies":"3 Sentries","floor":12.0,"turns":3.0},{"damage":0.0,"enemies":"Lots of Slimes","floor":13.0,"turns":2.0},{"damage":0.0,"enemies":"Slime Boss","floor":16.0,"turns":5.0},{"damage":0.0,"enemies":"Chosen","floor":18.0,"turns":4.0},{"damage":6.0,"enemies":"2 Thieves","floor":19.0,"turns":3.0},{"damage":0.0,"enemies":"3 Cultists","floor":22.0,"turns":3.0},{"damage":4.0,"enemies":"Book of Stabbing","floor":23.0,"turns":4.0},{"damage":8.0,"enemies":"Snake Plant","floor":27.0,"turns":4.0},{"damage":13.0,"enemies":"Slavers","floor":28.0,"turns":5.0},{"damage":7.0,"enemies":"Book of Stabbing","floor":30.0,"turns":5.0},{"damage":0.0,"enemies":"Champ","floor":33.0,"turns":8.0},{"damage":0.0,"enemies":"Orb Walker","floor":35.0,"turns":3.0},{"damage":0.0,"enemies":"3 Shapes","floor":38.0,"turns":3.0},{"damage":6.0,"enemies":"Maw","floor":39.0,"turns":6.0},{"damage":0.0,"enemies":"3 Darklings","floor":41.0,"turns":2.0},{"damage":18.0,"enemies":"Sphere and 2 Shapes","floor":42.0,"turns":4.0},{"damage":4.0,"enemies":"Giant Head","floor":44.0,"turns":7.0},{"damage":3,"enemies":"4 Shapes","floor":48,"turns":3},{"damage":6,"enemies":"Awakened One","floor":50,"turns":7}],"event_choices":[{"event_name":"The Lab","player_choice":"Got Potions","floor":3.0,"damage_taken":0.0},{"event_name":"Transmorgrifier","player_choice":"Transform","floor":4.0,"damage_taken":0.0},{"event_name":"Liars Game","player_choice":"agreed","floor":11.0,"damage_taken":0.0},{"event_name":"Vampires","player_choice":"Ignored","floor":20.0,"damage_taken":0.0},{"event_name":"The Woman in Blue","player_choice":"Bought 0 Potions","floor":25.0,"damage_taken":0.0},{"event_name":"Upgrade Shrine","player_choice":"Upgraded","floor":36.0,"damage_taken":0.0},{"event_name":"Purifier","player_choice":"One Purge","floor":37.0,"damage_taken":0.0}],"boss_relics":[],"potions_floor_spawned":[1,10,12,13,16,18,19,22,23,27,28,30,33,35,38,39,41,42,44,48],"seed_played":"4662096778203816527","is_trial":false}