{"path_per_floor":["M","?","?","M","$","R","E","?","T","E","M","R","M","M","R","B",null,"M","M","M","M","?","R","E","R","T","M","$","?","M","M","R","B",null,"M","?","M","?","$","R","M","R","T","M","R","M","$","?","R","B"],"character_chosen":"THE_SILENT","items_purchased":["Caltrops","Apotheosis","Anchor","Catalyst","Kunai"],"gold_per_floor":[113,113,113,123,10,10,35,35,85,119,139,139,150,163,163,264,264,281,293,307,321,321,321,348,348,419,429,44,44,55,71,71,174,174,184,184,202,502,147,147,161,161,161,176,176,196,71,71,71,71],"floor_reached":51,"campfire_rested":4,"playtime":4435,"current_hp_per_floor":[70,70,70,67,67,67,67,64,64,51,51,51,51,51,75,66,80,80,80,80,75,75,75,52,52,52,47,47,47,21,16,40,30,80,65,65,65,65,65,65,65,80,80,69,69,58,58,58,80,28],"items_purged":["Strike_G","Defend_G","Strike_G"],"gold":71,"play_id":"3e0eda52-01e1-4321-9f6f-8f06b5bb8adc","is_prod":false,"is_daily":false,"is_ascension_mode":false,"campfire_upgraded":3,"path_taken":["M","?","?","M","$","R","E","?","T","E","M","R","?","M","R","BOSS","M","M","?","M","?","R","E","R","T","M","$","?","M","M","R","BOSS","M","?","M","?","$","R","M","R","T","M","R","M","$","?","R","BOSS"],"build_version":"2018-01-25-PROD3","purchased_purges":5,"victory":true,"master_deck":["Strike_G","Survivor","Neutralize+1","Dagger Throw","Leg Sweep","Caltrops+1","Noxious Fumes","Quick Slash+1","All Out Attack+1","Night Terror","After Image+1","Noxious Fumes+1","Noxious Fumes+1","Well Laid Plans","Cloak And Dagger+1","Bane","Blur","Outmaneuver","Calculated Gamble+1","Apotheosis","Catalyst","Bullet Time","Blur","Adrenaline","Escape Plan","Prepared+1","Malaise+1"],"max_hp_per_floor":[70,70,70,70,70,70,80,80,80,80,80,80,80,80,80,80,80,80,80,80,80,80,80,80,80,80,80,80,80,80,80,80,80,80,80,80,80,80,80,80,80,80,80,80,80,80,80,80,80,80],"relics":["Ring of the Snake","Pear","Happy Flower","Art of War","Dodecahedron","Astrolabe","Girya","Darkstone Periapt","Anchor","Pen Nib","Sozu","Kunai"],"card_choices":[{"not_picked":["Deadly Poison","Deflect"],"picked":"Dagger Throw"},{"not_picked":["Acrobatics","Malaise"],"picked":"Leg Sweep"},{"not_picked":["Prepared","Catalyst"],"picked":"Noxious Fumes"},{"not_picked":["Sucker Punch","Blade Dance"],"picked":"Quick Slash"},{"not_picked":["Deadly Poison","Crippling Poison"],"picked":"All Out Attack"},{"not_picked":["Wraith Form","Burst"],"picked":"Night Terror"},{"not_picked":["Dodge and Roll","Crippling Poison"],"picked":"Well Laid Plans"},{"not_picked":["Deflect","Sucker Punch"],"picked":"Cloak And Dagger"},{"not_picked":["Caltrops","PiercingWail"],"picked":"Bane"},{"not_picked":["Distraction","Cloak And Dagger"],"picked":"Blur"},{"not_picked":["Deflect","Dagger Spray"],"picked":"Outmaneuver"},{"not_picked":["Predator","Dash"],"picked":"Calculated Gamble"},{"not_picked":["Dodge and Roll","Crippling Poison"],"picked":"Bullet Time"},{"not_picked":["Underhanded Strike","Dodge and Roll"],"picked":"Blur"},{"not_picked":["Grand Finale","Envenom"],"picked":"Adrenaline"},{"not_picked":["Dagger Spray","Finisher"],"picked":"Escape Plan"},{"not_picked":["Dagger Spray","Eviscerate"],"picked":"Prepared"},{"not_picked":["Night Terror","Dagger Spray"],"picked":"Malaise"}],"player_experience":581192,"potions_floor_usage":[7,10,16,16,19,24,30],"damage_taken":[{"damage":0,"enemies":"Cultist","floor":1,"turns":4},{"damage":3,"enemies":"Blue Slaver","floor":4,"turns":4},{"damage":10,"enemies":"Gremlin Nob","floor":7,"turns":5},{"damage":13,"enemies":"Lagavulin","floor":10,"turns":6},{"damage":0,"enemies":"2 Louse","floor":11,"turns":3},{"damage":0,"enemies":"2 Fungi Beasts","floor":13,"turns":3},{"damage":0,"enemies":"Large Slime","floor":14,"turns":5},{"damage":9,"enemies":"The Guardian","floor":16,"turns":9},{"damage":0,"enemies":"Shell Parasite","floor":18,"turns":5},{"damage":0,"enemies":"3 Byrds","floor":19,"turns":4},{"damage":0,"enemies":"Snecko","floor":20,"turns":5},{"damage":5,"enemies":"Snake Plant","floor":21,"turns":4},{"damage":23,"enemies":"Gremlin Leader","floor":24,"turns":6},{"damage":5,"enemies":"Centurion and Healer","floor":27,"turns":4},{"damage":26,"enemies":"Chosen and Byrds","floor":30,"turns":5},{"damage":5,"enemies":"Snecko","floor":31,"turns":5},{"damage":10,"enemies":"Collector","floor":33,"turns":8},{"damage":15,"enemies":"3 Shapes","floor":35,"turns":6},{"damage":0,"enemies":"3 Darklings","floor":37,"turns":5},{"damage":0,"enemies":"Maw","floor":41,"turns":4},{"damage":11,"enemies":"Sphere and 2 Shapes","floor":44,"turns":6},{"damage":11,"enemies":"3 Darklings","floor":46,"turns":4},{"damage":52,"enemies":"Awakened One","floor":50,"turns":15}],"event_choices":[{"event_name":"Upgrade Shrine","player_choice":"Upgraded","floor":2,"damage_taken":0},{"event_name":"Living Wall","player_choice":"Forget","floor":3,"damage_taken":0},{"event_name":"Scrap Ooze","player_choice":"success","floor":8,"damage_taken":3},{"event_name":"Drug Dealer","player_choice":"Ignored","floor":22,"damage_taken":0},{"event_name":"The Mausoleum","player_choice":"Yes","floor":29,"damage_taken":0},{"event_name":"Purifier","player_choice":"One Purge","floor":36,"damage_taken":0},{"event_name":"Wheel of Change","player_choice":"Gold","floor":38,"damage_taken":0}],"boss_relics":[{"not_picked":["Orrery","Cursed Key"],"picked":"Astrolabe"},{"not_picked":["Runic Dome","Tiny House"],"picked":"Sozu"}],"potions_floor_spawned":[4,7,11,13,18,20,27,35,44,46],"seed_played":"4949830780923986082","ascension_level":0,"is_trial":false}