{"path_per_floor":["M","?","$","M","?","R","E","R","T","M","M","M","$","?","R","B",null,"M","M","?","?","M","R","?","R","T","M","M","M","$","E","R","B",null,"M","M","$","M","M","R","$","?","T","M","R","M","R","?","R","B"],"character_chosen":"THE_SILENT","items_purchased":["Kunai","Blade Dance","Vajra","Leg Sweep"],"gold_per_floor":[111,361,30,48,48,48,77,77,377,393,404,417,66,66,66,164,164,174,193,193,193,206,206,121,121,146,162,174,187,62,95,95,192,192,204,221,71,90,110,110,110,110,165,178,178,192,192,192,192,192],"floor_reached":51,"campfire_rested":3,"playtime":4286,"current_hp_per_floor":[69,69,69,68,73,73,65,65,65,65,65,65,65,65,65,65,75,75,66,66,76,74,74,74,74,74,64,54,54,54,53,78,78,85,80,79,79,71,59,84,84,84,84,46,71,59,59,80,80,15],"items_purged":["Regret","Defend_G","Defend_G","Strike_G"],"gold":192,"play_id":"ef482691-55c2-42cd-b8f8-aeb90e796a1f","is_prod":false,"is_daily":false,"is_ascension_mode":false,"campfire_upgraded":6,"path_taken":["M","?","$","M","?","R","E","R","T","M","M","M","$","?","R","BOSS","M","M","?","?","?","R","?","R","T","M","?","M","$","E","R","BOSS","M","M","$","?","M","R","?","?","T","?","R","M","R","?","R","BOSS"],"build_version":"2018-01-25-PROD3","purchased_purges":4,"victory":true,"master_deck":["Defend_G","Defend_G","Defend_G","Strike_G","Strike_G","Strike_G+1","Strike_G+1","Survivor+1","Neutralize+1","Infinite Blades+1","Backflip","Cloak And Dagger+1","Terror+1","Choke","Blade Dance","Leg Sweep","After Image+1","Dagger Spray","Acrobatics+1","Cloak And Dagger","Cloak And Dagger+1","Infinite Blades","Footwork","Bullet Time","Backflip+1","Finisher+1","Phantasmal Killer+1","Writhe"],"max_hp_per_floor":[70,70,70,70,75,75,75,75,75,75,75,75,75,75,75,75,75,75,75,75,85,85,85,85,85,85,85,85,85,85,85,85,85,85,85,85,85,85,85,85,85,85,85,85,85,85,85,85,85,85],"relics":["Ring of the Snake","Toxic Egg","Kunai","Pen Nib","Old Coin","Vajra","Sozu","Pear","Girya","Bag of Preparation","Whetstone","Ancient Tea Set"],"card_choices":[{"not_picked":["Acrobatics","Backflip"],"picked":"Infinite Blades"},{"not_picked":["Deflect","Setup"],"picked":"Backflip"},{"not_picked":["Deflect","Dagger Throw"],"picked":"Cloak And Dagger"},{"not_picked":["Flying Knee","PiercingWail"],"picked":"Terror"},{"not_picked":["Grand Finale","Underhanded Strike"],"picked":"Choke"},{"not_picked":["Tactician","Die Die Die"],"picked":"After Image"},{"not_picked":["Deflect","Well Laid Plans"],"picked":"Dagger Spray"},{"not_picked":["Deadly Poison","Footwork"],"picked":"Acrobatics"},{"not_picked":["Choke","Riddle With Holes"],"picked":"Cloak And Dagger"},{"not_picked":["Deadly Poison","Acrobatics"],"picked":"Cloak And Dagger"},{"not_picked":["Dodge and Roll","Acrobatics"],"picked":"Infinite Blades"},{"not_picked":["Underhanded Strike","Slice"],"picked":"Footwork"},{"not_picked":["Corpse Explosion","Phantasmal Killer"],"picked":"Bullet Time"},{"not_picked":["Poisoned Stab","Dodge and Roll"],"picked":"Backflip"},{"not_picked":["Cloak And Dagger","Bane"],"picked":"Finisher"},{"not_picked":["Prepared","Quick Slash"],"picked":"Phantasmal Killer"}],"player_experience":644589,"potions_floor_usage":[16,16,16],"damage_taken":[{"damage":1,"enemies":"Cultist","floor":1,"turns":5},{"damage":1,"enemies":"Blue Slaver","floor":4,"turns":5},{"damage":8,"enemies":"Gremlin Nob","floor":7,"turns":5},{"damage":0,"enemies":"Jaw Worm","floor":10,"turns":4},{"damage":0,"enemies":"Exordium Wildlife","floor":11,"turns":4},{"damage":0,"enemies":"Looter","floor":12,"turns":3},{"damage":0,"enemies":"Slime Boss","floor":16,"turns":7},{"damage":0,"enemies":"3 Byrds","floor":18,"turns":5},{"damage":9,"enemies":"2 Thieves","floor":19,"turns":4},{"damage":2,"enemies":"3 Cultists","floor":22,"turns":5},{"damage":10,"enemies":"Snecko","floor":27,"turns":5},{"damage":10,"enemies":"Centurion and Healer","floor":28,"turns":5},{"damage":0,"enemies":"3 Cultists","floor":29,"turns":4},{"damage":1,"enemies":"Book of Stabbing","floor":31,"turns":4},{"damage":0,"enemies":"Automaton","floor":33,"turns":9},{"damage":5,"enemies":"Orb Walker","floor":35,"turns":3},{"damage":1,"enemies":"3 Shapes","floor":36,"turns":4},{"damage":8,"enemies":"3 Darklings","floor":38,"turns":5},{"damage":12,"enemies":"4 Shapes","floor":39,"turns":6},{"damage":38,"enemies":"Sphere and 2 Shapes","floor":44,"turns":6},{"damage":12,"enemies":"Maw","floor":46,"turns":6},{"damage":65,"enemies":"Donu and Deca","floor":50,"turns":11}],"event_choices":[{"event_name":"Golden Shrine","player_choice":"Desecrate","floor":2,"damage_taken":0},{"event_name":"Big Fish","player_choice":"Donut","floor":5,"damage_taken":0},{"event_name":"Golden Idol","player_choice":"Ignored","floor":14,"damage_taken":0},{"event_name":"Drug Dealer","player_choice":"Ignored","floor":20,"damage_taken":0},{"event_name":"The Mausoleum","player_choice":"Yes","floor":21,"damage_taken":0},{"event_name":"Addict","player_choice":"Obtained Relic","floor":24,"damage_taken":0},{"event_name":"The Lab","player_choice":"Got Potions","floor":42,"damage_taken":0},{"event_name":"Winding Halls","player_choice":"Writhe","floor":48,"damage_taken":0}],"boss_relics":[{"not_picked":["Eternal Feather","Black Star"],"picked":"Sozu"},{"not_picked":["Velvet Choker","Calling Bell","Runic Dome"]}],"potions_floor_spawned":[7,11,12,27,28,33,38],"seed_played":"5798474193839590473","ascension_level":0,"is_trial":false}