{"path_per_floor":["M","M","$","?","?","R","$","M","T","M","M","E","R","M","R","B",null,"M","$","?","?","M","R","$","M","T","R","E","R","?","M","R","B",null,"M","?","?","?","M","R","?","M","T","R","$","T","$","E","R","B"],"character_chosen":"THE_SILENT","items_purchased":["Mummified Hand","Panache","Flash of Steel"],"gold_per_floor":[115,135,60,60,10,10,10,21,69,81,100,125,125,139,139,237,237,257,13,13,13,32,32,32,50,50,50,75,75,75,86,86,187,187,204,204,204,204,223,223,223,233,309,309,21,21,21,51,51,51],"floor_reached":51,"campfire_rested":2,"playtime":3938,"current_hp_per_floor":[70,70,70,58,58,58,58,58,58,58,58,47,47,47,68,52,70,67,67,67,67,67,67,67,67,67,67,67,67,67,66,66,52,70,70,60,60,60,60,60,60,54,54,70,70,70,70,68,68,68],"items_purged":["Defend_G"],"gold":51,"play_id":"686de5ef-e8ed-4c8f-9976-b32e377b646a","is_prod":false,"is_daily":false,"is_ascension_mode":false,"campfire_upgraded":8,"path_taken":["M","?","$","?","?","R","?","?","T","M","M","E","R","M","R","BOSS","M","$","?","?","?","R","?","M","T","R","E","R","?","M","R","BOSS","M","?","?","?","M","R","?","M","T","R","$","?","$","E","R","BOSS"],"build_version":"2018-02-01-PROD3","purchased_purges":1,"victory":true,"master_deck":["Survivor","Neutralize+1","After Image+1","Acrobatics","Blade Dance+1","Blur","Well Laid Plans","Dagger Throw","Escape Plan","Cloak And Dagger+1","Envenom+1","Backflip","PiercingWail","Poisoned Stab+1","Poisoned Stab","Dagger Spray+1","Blur+1","Prepared","Bane+1","Leg Sweep","Blur+1","Accuracy+1","Night Terror+1","Madness","Madness","After Image+1","Panache","Flash of Steel"],"max_hp_per_floor":[70,70,70,70,70,70,70,70,70,70,70,70,70,70,70,70,70,70,70,70,70,70,70,70,70,70,70,70,70,70,70,70,70,70,70,70,70,70,70,70,70,70,70,70,70,70,70,70,70,70],"relics":["Ring of the Snake","Bronze Scales","Anchor","Bottled Flame","Pandora\u0027s Box","Mummified Hand","Unceasing Top","Dodecahedron","Lantern","Black Star","Tiny Chest","Sundial","Prayer Wheel","Bag of Preparation"],"card_choices":[{"not_picked":["Dodge and Roll","Sucker Punch"],"picked":"Acrobatics"},{"not_picked":["Deadly Poison","Deflect"],"picked":"Blade Dance"},{"not_picked":["Dash","Malaise"],"picked":"Blur"},{"not_picked":["Eviscerate","Poisoned Stab"],"picked":"Well Laid Plans"},{"not_picked":["Sucker Punch","Distraction"],"picked":"Dagger Throw"},{"not_picked":["Bouncing Flask","Heel Hook"],"picked":"Escape Plan"},{"not_picked":["Backflip","Malaise"],"picked":"Cloak And Dagger"},{"not_picked":["Corpse Explosion","Tools of the Trade"],"picked":"Envenom"},{"not_picked":["Catalyst","Calculated Gamble"],"picked":"Bane"},{"not_picked":["Deflect","Slice"],"picked":"Leg Sweep"},{"not_picked":["Malaise","Quick Slash"],"picked":"Blur"},{"not_picked":["Cloak And Dagger","Dagger Throw"],"picked":"Accuracy"},{"not_picked":["Venomology","Unload"],"picked":"Night Terror"}],"player_experience":652508,"potions_floor_usage":[50],"damage_taken":[{"damage":0.0,"enemies":"Blue Slaver","floor":1.0,"turns":6.0},{"damage":0.0,"enemies":"Small Slimes","floor":2.0,"turns":3.0},{"damage":0.0,"enemies":"Jaw Worm","floor":8.0,"turns":4.0},{"damage":0.0,"enemies":"Large Slime","floor":10.0,"turns":7.0},{"damage":0.0,"enemies":"Exordium Wildlife","floor":11.0,"turns":3.0},{"damage":11.0,"enemies":"Gremlin Nob","floor":12.0,"turns":6.0},{"damage":0.0,"enemies":"Gremlin Gang","floor":14.0,"turns":4.0},{"damage":16.0,"enemies":"Slime Boss","floor":16.0,"turns":13.0},{"damage":3.0,"enemies":"Spheric Guardian","floor":18.0,"turns":5.0},{"damage":0.0,"enemies":"3 Byrds","floor":22.0,"turns":3.0},{"damage":0.0,"enemies":"Snake Plant","floor":25.0,"turns":3.0},{"damage":0.0,"enemies":"Slavers","floor":28.0,"turns":4.0},{"damage":1.0,"enemies":"Sentry and Sphere","floor":31.0,"turns":6.0},{"damage":14.0,"enemies":"Collector","floor":33.0,"turns":10.0},{"damage":0,"enemies":"Orb Walker","floor":35,"turns":3},{"damage":0,"enemies":"3 Darklings","floor":39,"turns":6},{"damage":6,"enemies":"Sphere and 2 Shapes","floor":42,"turns":7},{"damage":2,"enemies":"Giant Head","floor":48,"turns":8},{"damage":0,"enemies":"Donu and Deca","floor":50,"turns":8}],"event_choices":[{"event_name":"Scrap Ooze","player_choice":"success","floor":4.0,"damage_taken":12.0},{"event_name":"The Cleric","player_choice":"Card Removal","floor":5.0,"damage_taken":0.0},{"event_name":"Beggar","player_choice":"Ignored","floor":20.0,"damage_taken":0.0},{"event_name":"Back to Basics","player_choice":"Elegance","floor":21.0,"damage_taken":0.0},{"event_name":"Wheel of Change","player_choice":"Relic","floor":30.0,"damage_taken":0.0},{"event_name":"Winding Halls","player_choice":"Embrace Madness","floor":36,"damage_taken":0},{"event_name":"Duplicator","player_choice":"One dupe","floor":37,"damage_taken":0},{"event_name":"Tomb of Lord Red Mask","player_choice":"Ignored","floor":38,"damage_taken":0},{"event_name":"Accursed Blacksmith","player_choice":"Forge","floor":41,"damage_taken":0}],"boss_relics":[{"not_picked":["Astrolabe","Orrery"],"picked":"Black Star"}],"potions_floor_spawned":[2,8,14,16,18,25,35,39],"seed_played":"-6299652900932608269","ascension_level":0,"is_trial":false}