{"path_per_floor":["M","?","?","M","M","R","E","R","T","E","$","M","M","$","R","B",null,"M","$","M","M","M","R","?","R","T","R","?","R","M","M","R","B",null,"M","M","?","$","?","M","R","M","T","R","?","R","M","T","R"],"character_chosen":"THE_SILENT","items_purchased":["Noxious Fumes","Bandage Up","Noxious Fumes","Gremlin Horn"],"gold_per_floor":[118,218,218,228,246,246,280,280,280,308,56,70,89,20,20,124,124,142,42,60,70,85,85,85,85,109,109,109,109,119,137,137,240,240,257,276,276,16,16,35,35,55,85,85,85,85,97,123,123],"floor_reached":50,"campfire_rested":4,"playtime":3386,"current_hp_per_floor":[70,70,58,58,58,70,70,70,70,54,54,51,49,49,70,67,70,70,70,68,56,70,70,57,57,57,57,57,75,67,36,58,53,75,68,73,73,73,73,65,65,60,60,60,75,75,64,64,64],"items_purged":["Defend_G","Strike_G"],"gold":123,"score":427,"play_id":"754b8b9a-f075-4ef3-a01f-d1129023da2c","is_prod":false,"is_daily":false,"is_ascension_mode":false,"campfire_upgraded":8,"path_taken":["M","?","?","M","?","R","E","R","T","E","$","M","M","$","R","BOSS","M","$","M","M","M","R","?","R","T","R","?","R","M","M","R","BOSS","M","M","?","$","?","M","R","M","T","R","?","R","?","?","R","BOSS"],"build_version":"2018-02-08-PROD1","purchased_purges":3,"victory":false,"master_deck":["Defend_G","Strike_G","Strike_G","Survivor","Neutralize","Expertise","Bouncing Flask+1","Backflip+1","Deflect","Terror+1","Leg Sweep+1","Noxious Fumes+1","Bandage Up","Flying Knee","Bane","Noxious Fumes+1","Backflip","After Image+1","Doppelganger+1","A Thousand Cuts+1","Venomology+1","PiercingWail+1","Flying Knee","Dagger Spray+1","Prepared","After Image+1","Calculated Gamble+1","Poisoned Stab+1","Bane+1","Well Laid Plans","Writhe"],"max_hp_per_floor":[70,70,70,70,70,70,70,70,70,70,70,70,70,70,70,70,70,70,70,70,70,70,70,75,75,75,75,75,75,75,75,75,75,75,75,75,75,75,75,75,75,75,75,75,75,75,75,75,75],"relics":["Ring of the Snake","Dodecahedron","Dream Catcher","Snake Skull","Bag of Marbles","Astrolabe","Pen Nib","White Beast Statue","Gremlin Horn","Tiny Chest","Whetstone"],"card_choices":[{"not_picked":["Masterful Stab","Poisoned Stab"],"picked":"Bouncing Flask"},{"not_picked":["Sucker Punch","Deadly Poison"],"picked":"Backflip"},{"not_picked":["Endless Agony","Skewer"],"picked":"Deflect"},{"not_picked":["Venomology","Prepared"],"picked":"Terror"},{"not_picked":["Deflect","Outmaneuver"],"picked":"Leg Sweep"},{"not_picked":["Riddle With Holes","Outmaneuver"],"picked":"Flying Knee"},{"not_picked":["Endless Agony","Escape Plan"],"picked":"Bane"},{"not_picked":["Distraction","Dagger Throw"],"picked":"Backflip"},{"not_picked":["Corpse Explosion","Die Die Die"],"picked":"After Image"},{"not_picked":["Outmaneuver","Cloak And Dagger"],"picked":"PiercingWail"},{"not_picked":["Quick Slash","Cloak And Dagger"],"picked":"Flying Knee"},{"not_picked":["Accuracy","Wraith Form"],"picked":"Dagger Spray"},{"not_picked":["Dodge and Roll","Quick Slash"],"picked":"Prepared"},{"not_picked":["Acrobatics","Blade Dance"],"picked":"Calculated Gamble"},{"not_picked":["Prepared","Reflex"],"picked":"Poisoned Stab"},{"not_picked":["Glass Knife","Dagger Throw"],"picked":"Bane"},{"not_picked":["Sucker Punch","Leg Sweep"],"picked":"Well Laid Plans"}],"player_experience":684496,"potions_floor_usage":[7,12,18,18,20,20,21,22,22,22,22,30,33,33,36,36,40,40,42,42,47,47,50,50,50],"damage_taken":[{"damage":0,"enemies":"Jaw Worm","floor":1,"turns":5},{"damage":0,"enemies":"Cultist","floor":4,"turns":3},{"damage":0,"enemies":"Small Slimes","floor":5,"turns":4},{"damage":0,"enemies":"Lagavulin","floor":7,"turns":6},{"damage":16,"enemies":"Gremlin Nob","floor":10,"turns":4},{"damage":7,"enemies":"Exordium Wildlife","floor":12,"turns":3},{"damage":6,"enemies":"3 Louse","floor":13,"turns":4},{"damage":3,"enemies":"The Guardian","floor":16,"turns":7},{"damage":0,"enemies":"Chosen","floor":18,"turns":4},{"damage":6,"enemies":"Shell Parasite","floor":20,"turns":6},{"damage":14,"enemies":"Snake Plant","floor":21,"turns":4},{"damage":4,"enemies":"Centurion and Healer","floor":22,"turns":6},{"damage":12,"enemies":"Slaver and Parasite","floor":30,"turns":5},{"damage":35,"enemies":"Cultist and Chosen","floor":31,"turns":6},{"damage":9,"enemies":"Collector","floor":33,"turns":8},{"damage":7,"enemies":"Orb Walker","floor":35,"turns":4},{"damage":5,"enemies":"3 Darklings","floor":36,"turns":5},{"damage":12,"enemies":"4 Shapes","floor":40,"turns":4},{"damage":9,"enemies":"Maw","floor":42,"turns":7},{"damage":11,"enemies":"3 Darklings","floor":47,"turns":4},{"damage":76,"enemies":"Awakened One","floor":50,"turns":7}],"event_choices":[{"event_name":"Golden Shrine","player_choice":"Pray","floor":2,"damage_taken":0},{"event_name":"Scrap Ooze","player_choice":"success","floor":3,"damage_taken":12},{"event_name":"Forgotten Altar","player_choice":"Shed Blood","floor":24,"damage_taken":0},{"event_name":"Duplicator","player_choice":"One dupe","floor":28,"damage_taken":0},{"event_name":"Mysterious Sphere","player_choice":"Ignore","floor":39,"damage_taken":0},{"event_name":"Winding Halls","player_choice":"Writhe","floor":45,"damage_taken":0}],"boss_relics":[{"not_picked":["Sozu","Lizard Tail"],"picked":"Astrolabe"},{"not_picked":["Calling Bell","Philosopher\u0027s Stone"],"picked":"White Beast Statue"}],"potions_floor_spawned":[1,5,10,13,16,18,21,33,35,36,40,42,47],"seed_played":"-4728072632780170497","killed_by":"Awakened One","ascension_level":0,"is_trial":false}