{"path_per_floor":["M","?","M","?","M","E","R","M","T","M","?","E","$","M","R","B",null,"M","$","?","M","T","R","?","R","T","?","R","M","M","M","R","B",null,"M","?","?","M","M","R","M","M","T","?","?","M","R","$","R","B"],"character_chosen":"THE_SILENT","items_purchased":["Mummified Hand","Poisoned Stab","Bottled Tornado","Leg Sweep"],"gold_per_floor":[116,116,127,127,145,180,180,197,221,239,239,270,16,36,36,159,159,172,46,46,62,112,112,112,112,161,86,86,101,121,141,141,261,299,324,424,424,449,465,465,480,503,503,503,503,521,521,86,86,86],"floor_reached":51,"campfire_rested":5,"playtime":3940,"current_hp_per_floor":[70,63,62,67,67,49,71,71,71,71,69,55,55,54,69,68,69,70,70,70,65,65,65,65,65,65,65,65,65,54,56,75,73,80,80,80,80,71,73,73,70,58,58,47,39,41,70,70,92,57],"items_purged":["Concentrate","Tools of the Trade"],"gold":86,"score":484,"play_id":"694872a3-3ecb-4665-8adf-128e7e0f9f24","is_prod":false,"is_daily":false,"is_ascension_mode":false,"campfire_upgraded":4,"path_taken":["M","?","M","?","M","E","R","M","T","M","?","E","$","M","R","BOSS","M","$","?","?","?","R","?","R","T","?","R","?","M","M","R","BOSS","M","?","?","M","M","R","?","M","T","?","?","M","R","$","R","BOSS"],"build_version":"2018-02-12-PROD1","purchased_purges":2,"victory":true,"master_deck":["Survivor","Neutralize","Predator","Backflip","Acrobatics","Dash","Terror+1","Footwork+1","PiercingWail","PiercingWail","Well Laid Plans","Deadly Poison","Deadly Poison","Slice","Choke","Quick Slash","Prepared","Backstab","Poisoned Stab","Blur","Footwork+1","Backflip","Deflect","Envenom+1","Dagger Spray","After Image","Madness","Madness","Leg Sweep","Cloak And Dagger+1"],"max_hp_per_floor":[70,70,70,75,75,75,75,75,75,75,69,69,69,69,69,69,69,71,71,71,71,71,71,71,71,71,71,71,71,73,75,75,75,80,82,82,82,84,86,86,88,88,88,88,88,90,92,92,92,92],"relics":["Sozu","Bronze Scales","Singing Bowl","Snake Skull","Golden Idol","Torii","Mummified Hand","Pandora\u0027s Box","Orichalcum","Dream Catcher","Tiny House","Gambling Chip","Bottled Tornado"],"card_choices":[{"not_picked":["Dagger Spray","Acrobatics"],"picked":"Predator"},{"not_picked":["Corpse Explosion","Accuracy"],"picked":"Backflip"},{"not_picked":["Prepared","Masterful Stab"],"picked":"Acrobatics"},{"not_picked":["Sucker Punch","Concentrate"],"picked":"Dash"},{"not_picked":["Malaise","Dagger Spray"],"picked":"Terror"},{"not_picked":["Deflect","Outmaneuver"],"picked":"Concentrate"},{"not_picked":["Flying Knee","Tools of the Trade"],"picked":"Footwork"},{"not_picked":["Predator","Flying Knee"],"picked":"PiercingWail"},{"not_picked":["Storm of Steel","Die Die Die"],"picked":"Tools of the Trade"},{"not_picked":["Backstab","Flying Knee"],"picked":"Footwork"},{"not_picked":["Skewer","Prepared"],"picked":"Backflip"},{"not_picked":["Prepared","Backflip"],"picked":"Deflect"},{"not_picked":["Burst","Storm of Steel"],"picked":"Envenom"},{"not_picked":["Bane","Quick Slash"],"picked":"Dagger Spray"},{"not_picked":["Backflip","Bane"],"picked":"After Image"},{"not_picked":["Skewer","Dagger Spray"],"picked":"Cloak And Dagger"}],"player_experience":549093,"potions_floor_usage":[],"damage_taken":[{"damage":0.0,"enemies":"Cultist","floor":1.0,"turns":4.0},{"damage":1.0,"enemies":"Jaw Worm","floor":3.0,"turns":3.0},{"damage":0.0,"enemies":"2 Louse","floor":5.0,"turns":2.0},{"damage":18.0,"enemies":"Gremlin Nob","floor":6.0,"turns":4.0},{"damage":0.0,"enemies":"Exordium Wildlife","floor":8.0,"turns":4.0},{"damage":0.0,"enemies":"Large Slime","floor":10.0,"turns":4.0},{"damage":14.0,"enemies":"3 Sentries","floor":12.0,"turns":7.0},{"damage":1.0,"enemies":"Exordium Thugs","floor":14.0,"turns":5.0},{"damage":1.0,"enemies":"Hexaghost","floor":16.0,"turns":10.0},{"damage":1.0,"enemies":"Spheric Guardian","floor":18.0,"turns":4.0},{"damage":5.0,"enemies":"3 Byrds","floor":21.0,"turns":3.0},{"damage":0.0,"enemies":"Sentry and Sphere","floor":29.0,"turns":6.0},{"damage":13.0,"enemies":"Snake Plant","floor":30.0,"turns":4.0},{"damage":0.0,"enemies":"Centurion and Healer","floor":31.0,"turns":6.0},{"damage":2.0,"enemies":"Automaton","floor":33.0,"turns":12.0},{"damage":2,"enemies":"3 Darklings","floor":35,"turns":5},{"damage":11,"enemies":"3 Shapes","floor":38,"turns":4},{"damage":0,"enemies":"3 Darklings","floor":39,"turns":5},{"damage":5,"enemies":"4 Shapes","floor":41,"turns":6},{"damage":12,"enemies":"Sphere and 2 Shapes","floor":42,"turns":7},{"damage":0,"enemies":"Maw","floor":46,"turns":6},{"damage":35,"enemies":"Awakened One","floor":50,"turns":19}],"event_choices":[{"event_name":"Scrap Ooze","player_choice":"success","floor":2.0,"damage_taken":7.0},{"event_name":"Big Fish","player_choice":"Donut","floor":4.0,"damage_taken":0.0},{"event_name":"Golden Idol","player_choice":"Lose Max HP","floor":11.0,"damage_taken":0.0},{"event_name":"The Library","player_choice":"Read","floor":20.0,"damage_taken":0.0},{"event_name":"Vampires","player_choice":"Ignored","floor":24.0,"damage_taken":0.0},{"event_name":"Beggar","player_choice":"Gave Gold","floor":27.0,"damage_taken":0.0},{"event_name":"Golden Shrine","player_choice":"Pray","floor":36,"damage_taken":0},{"event_name":"Tomb of Lord Red Mask","player_choice":"Ignored","floor":37,"damage_taken":0},{"event_name":"Winding Halls","player_choice":"Embrace Madness","floor":44,"damage_taken":0},{"event_name":"Wheel of Change","player_choice":"Damage","floor":45,"damage_taken":0}],"boss_relics":[{"not_picked":["Black Star","Runic Dome"],"picked":"Tiny House"}],"potions_floor_spawned":[1,5,6,10,18,21,30,33,38,46],"seed_played":"-1388054703994724496","ascension_level":0,"is_trial":false}