{"path_per_floor":["M","?","M","M","$","R","E","R","T","?","R","E","M","M","R","B",null,"M","M","$","?","?","R","E","R","T","M","M","R","M","M","R","B",null,"M","?","$","M","?","R","M"],"character_chosen":"THE_SILENT","items_purchased":["Bouncing Flask","Bane","Finesse","Tools of the Trade"],"gold_per_floor":[109,284,296,307,10,10,39,39,39,39,39,69,87,100,100,201,201,216,226,67,117,117,117,145,145,145,161,172,172,192,206,206,302,302,313,363,263,278,278,278,293],"floor_reached":42,"campfire_rested":5,"playtime":2841,"current_hp_per_floor":[68,68,66,66,66,66,41,62,62,55,70,58,58,56,56,56,70,54,54,54,54,41,63,59,59,59,44,38,60,54,50,72,32,75,58,52,52,35,35,47,8],"items_purged":["Doubt","Strike_G"],"gold":293,"score":428,"play_id":"170ffeac-ccc2-4f73-b03d-dc9575ab0e3f","is_prod":false,"is_daily":false,"is_ascension_mode":false,"campfire_upgraded":4,"path_taken":["M","?","M","M","$","R","E","R","T","?","R","E","M","?","R","BOSS","M","M","$","?","?","R","E","R","T","M","M","R","M","M","R","BOSS","M","?","?","M","?","R","M","?"],"build_version":"2018-02-08-PROD1","purchased_purges":2,"victory":false,"master_deck":["Defend_G","Defend_G","Defend_G","Defend_G","Strike_G","Strike_G","Strike_G","Survivor","Neutralize+1","Heel Hook","Caltrops","Flying Knee","Malaise+1","Bouncing Flask","Bane","Finesse","Unload","Adrenaline","Dagger Throw","Cloak And Dagger","A Thousand Cuts+1","Dagger Throw+1","Backflip","Tools of the Trade+1","Underhanded Strike","Eviscerate","After Image","Cloak And Dagger+1","Tactician","Calculated Gamble"],"max_hp_per_floor":[70,70,70,70,70,70,70,70,70,70,70,70,70,70,70,70,70,70,70,70,70,75,75,75,75,75,75,75,75,75,75,75,75,75,75,75,75,75,75,75,75],"relics":["Ring of the Snake","Tingsha","Happy Flower","Tough Bandages","White Beast Statue","Dream Catcher","Peace Pipe","Eternal Feather","Ginger"],"card_choices":[{"not_picked":["Backflip","Cloak And Dagger"],"picked":"Caltrops"},{"not_picked":["Slice","Deflect"],"picked":"Flying Knee"},{"not_picked":["Accuracy","Poisoned Stab"],"picked":"Malaise"},{"not_picked":["Slice","Deadly Poison"],"picked":"Unload"},{"not_picked":["Well Laid Plans","Prepared"],"picked":"Adrenaline"},{"not_picked":["Dagger Spray","Endless Agony"],"picked":"Dagger Throw"},{"not_picked":["Outmaneuver","Backstab"],"picked":"Cloak And Dagger"},{"not_picked":["Venomology","Bullet Time"],"picked":"A Thousand Cuts"},{"not_picked":["Dash","Deadly Poison"],"picked":"Dagger Throw"},{"not_picked":["Reflex","Bouncing Flask"],"picked":"Backflip"},{"not_picked":["Poisoned Stab","PiercingWail"],"picked":"Underhanded Strike"},{"not_picked":["Distraction","Sucker Punch"],"picked":"Eviscerate"},{"not_picked":["Slice","Underhanded Strike"],"picked":"After Image"},{"not_picked":["Bouncing Flask","Slice"],"picked":"Cloak And Dagger"},{"not_picked":["Corpse Explosion","A Thousand Cuts"],"picked":"Tactician"},{"not_picked":["Acrobatics","Poisoned Stab"],"picked":"Calculated Gamble"}],"player_experience":705419,"potions_floor_usage":[7,12,24,27,28,31,33,33,33,35,36,38,41],"damage_taken":[{"damage":2,"enemies":"Blue Slaver","floor":1,"turns":5},{"damage":2,"enemies":"2 Louse","floor":3,"turns":4},{"damage":0,"enemies":"Small Slimes","floor":4,"turns":3},{"damage":25,"enemies":"Lagavulin","floor":7,"turns":4},{"damage":12,"enemies":"3 Sentries","floor":12,"turns":6},{"damage":0,"enemies":"3 Louse","floor":13,"turns":2},{"damage":2,"enemies":"Exordium Wildlife","floor":14,"turns":3},{"damage":0,"enemies":"Hexaghost","floor":16,"turns":8},{"damage":16,"enemies":"2 Thieves","floor":18,"turns":3},{"damage":0,"enemies":"Spheric Guardian","floor":19,"turns":3},{"damage":4,"enemies":"Book of Stabbing","floor":24,"turns":5},{"damage":15,"enemies":"Slaver and Parasite","floor":27,"turns":5},{"damage":6,"enemies":"Snake Plant","floor":28,"turns":3},{"damage":6,"enemies":"Snecko","floor":30,"turns":4},{"damage":4,"enemies":"3 Cultists","floor":31,"turns":4},{"damage":40,"enemies":"Champ","floor":33,"turns":12},{"damage":17,"enemies":"Orb Walker","floor":35,"turns":5},{"damage":6,"enemies":"Mysterious Sphere","floor":36,"turns":6},{"damage":17,"enemies":"3 Shapes","floor":38,"turns":5},{"damage":39,"enemies":"Sphere and 2 Shapes","floor":41,"turns":7},{"damage":0,"enemies":"4 Shapes","floor":42,"turns":1}],"event_choices":[{"event_name":"Liars Game","player_choice":"agreed","floor":2,"damage_taken":0},{"event_name":"Golden Wing","player_choice":"Card Removal","floor":10,"damage_taken":0},{"event_name":"The Joust","player_choice":"Bet on Murderer","floor":21,"damage_taken":0},{"event_name":"Forgotten Altar","player_choice":"Shed Blood","floor":22,"damage_taken":0},{"event_name":"Mysterious Sphere","player_choice":"Fight","floor":36,"damage_taken":0},{"event_name":"The Woman in Blue","player_choice":"Bought 0 Potions","floor":39,"damage_taken":0}],"boss_relics":[{"not_picked":["Velvet Choker","Lizard Tail"],"picked":"White Beast Statue"},{"not_picked":["Runic Pyramid","The Specimen"],"picked":"Eternal Feather"}],"potions_floor_spawned":[1,7,18,19,24,27,28,30,31,33,35,36,38,41],"seed_played":"3078178506243739577","killed_by":"4 Shapes","ascension_level":0,"is_trial":false}