{"path_per_floor":["M","?","?","?","M","R","E","R","T","E","M","M","R","M","R","B",null,"M","M"],"character_chosen":"THE_SILENT","items_purchased":[],"gold_per_floor":[111,61,61,61,81,81,121,121,121,165,181,199,199,169,169,300,300,323,337],"floor_reached":20,"campfire_rested":3,"playtime":3170,"current_hp_per_floor":[70,70,65,65,65,65,9,28,28,9,9,9,28,28,47,27,65,45,45],"items_purged":[],"gold":337,"score":182,"play_id":"e6bc9c55-9d6c-45ee-92a8-6f8ab56d9e57","is_prod":false,"is_daily":false,"is_ascension_mode":false,"campfire_upgraded":1,"path_taken":["M","?","?","?","M","R","E","R","T","E","M","M","R","M","R","BOSS","M","M","M"],"build_version":"2018-02-15-PROD1","purchased_purges":0,"victory":false,"master_deck":["Defend_G","Defend_G","Defend_G","Defend_G","Strike_G","Strike_G","Strike_G","Strike_G","Survivor+1","Neutralize+1","Deadly Poison","PiercingWail","Outmaneuver+1","Bouncing Flask","Deflect","Backstab","Backflip","Venomology","Dash","Prepared"],"max_hp_per_floor":[70,70,65,65,65,65,65,65,65,65,65,65,65,65,65,65,65,65,65],"relics":["Ring of the Snake","Golden Idol","Du-Vu Doll","Girya","War Paint","Sozu"],"card_choices":[{"not_picked":["Slice","Dagger Spray"],"picked":"Deadly Poison"},{"not_picked":["Concentrate","Skewer"],"picked":"Outmaneuver"},{"not_picked":["Quick Slash","Caltrops"],"picked":"Bouncing Flask"},{"not_picked":["Terror","Malaise"],"picked":"Deflect"},{"not_picked":["Tools of the Trade","Riddle With Holes"],"picked":"Backstab"},{"not_picked":["Cloak And Dagger","Flying Knee"],"picked":"Backflip"},{"not_picked":["Grand Finale","Wraith Form"],"picked":"Venomology"},{"not_picked":["Terror","Concentrate"],"picked":"Dash"},{"not_picked":["Flechettes","Endless Agony"],"picked":"Prepared"}],"player_experience":679383,"potions_floor_usage":[16],"damage_taken":[{"damage":0,"enemies":"Small Slimes","floor":1,"turns":3},{"damage":0,"enemies":"2 Louse","floor":5,"turns":3},{"damage":56,"enemies":"3 Sentries","floor":7,"turns":14},{"damage":19,"enemies":"Gremlin Nob","floor":10,"turns":4},{"damage":0,"enemies":"Jaw Worm","floor":11,"turns":4},{"damage":0,"enemies":"Blue Slaver","floor":12,"turns":4},{"damage":0,"enemies":"Looter","floor":14,"turns":4},{"damage":20,"enemies":"Hexaghost","floor":16,"turns":12},{"damage":20,"enemies":"Chosen","floor":18,"turns":5},{"damage":0,"enemies":"3 Byrds","floor":19,"turns":7},{"damage":48,"enemies":"3 Cultists","floor":20,"turns":7}],"event_choices":[{"event_name":"The Cleric","player_choice":"Card Removal","floor":2,"damage_taken":0},{"event_name":"Golden Idol","player_choice":"Lose Max HP","floor":3,"damage_taken":0},{"event_name":"Living Wall","player_choice":"Change","floor":4,"damage_taken":0}],"boss_relics":[{"not_picked":["Runic Dome","Eternal Feather"],"picked":"Sozu"}],"potions_floor_spawned":[12,16,19],"seed_played":"5519486406704848198","killed_by":"3 Cultists","ascension_level":0,"is_trial":false}