{"path_per_floor":["M","M","M","M","$","E","R","M","T","?","?","R","M","M","R","B",null,"M","M","$","?","M","R","M","R","T","?","R","$","R","M","R","B",null,"M","?","M","M","M","R","$","R","T","R","M","?","?","M","R"],"character_chosen":"THE_SILENT","items_purchased":["Blade Dance","Footwork"],"gold_per_floor":[109,122,135,153,5,36,36,54,80,80,80,80,92,107,107,203,203,203,203,24,24,24,24,24,24,24,24,24,24,24,24,24,24,24,24,0,0,0,0,0,0,0,0,0,0,0,0,0,0],"floor_reached":50,"campfire_rested":6,"playtime":3153,"current_hp_per_floor":[70,68,68,61,61,43,43,40,40,40,40,61,59,50,70,54,70,70,68,68,55,51,51,43,43,43,43,65,65,65,54,75,32,75,58,58,58,56,55,55,55,55,55,75,71,71,62,26,48],"items_purged":["Strike_G","Strike_G"],"gold":0,"score":396,"play_id":"062fbc7e-3416-4804-9afa-67cb679b931e","is_prod":false,"is_daily":false,"is_ascension_mode":false,"campfire_upgraded":6,"path_taken":["M","M","M","M","$","E","R","M","T","?","?","R","?","M","R","BOSS","M","M","$","?","?","R","M","R","T","?","R","?","R","M","R","BOSS","M","?","M","M","?","R","$","R","T","R","M","?","?","M","R","BOSS"],"build_version":"2018-02-12-PROD1","purchased_purges":2,"victory":false,"master_deck":["Defend_G+1","Defend_G+1","Defend_G+1","Defend_G+1","Defend_G+1","Strike_G+1","Strike_G+1","Survivor","Neutralize+1","Quick Slash","PiercingWail","Envenom+1","Outmaneuver","Blade Dance","Neutralize+1","Caltrops+1","After Image+1","Riddle With Holes","Adrenaline","Dagger Spray","Footwork+1","Backflip","Cloak And Dagger","Die Die Die","All Out Attack+1","Calculated Gamble+1","Leg Sweep","Madness","Madness","Backflip+1"],"max_hp_per_floor":[70,70,70,70,70,70,70,70,70,70,70,70,70,70,70,70,70,70,70,70,75,75,75,75,75,75,75,75,75,75,75,75,75,75,75,75,75,75,75,75,75,75,75,75,75,75,75,75,75],"relics":["Ring of the Snake","Gremlin Horn","Bronze Scales","Ectoplasm","Tingsha","The Specimen","Red Mask","Dead Branch"],"card_choices":[{"not_picked":["Flechettes","Poisoned Stab"],"picked":"Quick Slash"},{"not_picked":["Expertise","Dodge and Roll"],"picked":"PiercingWail"},{"not_picked":["Dagger Throw","Eviscerate"],"picked":"Envenom"},{"not_picked":["Sucker Punch","Finisher"],"picked":"Outmaneuver"},{"not_picked":["Envenom","Deadly Poison"],"picked":"Riddle With Holes"},{"not_picked":["Die Die Die","Envenom"],"picked":"Adrenaline"},{"not_picked":["Flying Knee","Poisoned Stab"],"picked":"Dagger Spray"},{"not_picked":["Infinite Blades","Reflex"],"picked":"Backflip"},{"not_picked":["Concentrate","Riddle With Holes"],"picked":"Cloak And Dagger"},{"not_picked":["Grand Finale","Doppelganger"],"picked":"Die Die Die"},{"not_picked":["Dagger Throw","Riddle With Holes"],"picked":"All Out Attack"},{"not_picked":["Deflect","Outmaneuver"],"picked":"Calculated Gamble"},{"not_picked":["PiercingWail","Acrobatics"],"picked":"Leg Sweep"},{"not_picked":["Dash","All Out Attack"],"picked":"Backflip"}],"player_experience":734820,"potions_floor_usage":[48,50],"damage_taken":[{"damage":0.0,"enemies":"Small Slimes","floor":1.0,"turns":5.0},{"damage":2.0,"enemies":"Cultist","floor":2.0,"turns":4.0},{"damage":0.0,"enemies":"Jaw Worm","floor":3.0,"turns":5.0},{"damage":7.0,"enemies":"Looter","floor":4.0,"turns":4.0},{"damage":18.0,"enemies":"3 Sentries","floor":6.0,"turns":7.0},{"damage":3.0,"enemies":"Gremlin Gang","floor":8.0,"turns":4.0},{"damage":2.0,"enemies":"2 Fungi Beasts","floor":13.0,"turns":3.0},{"damage":9.0,"enemies":"Lots of Slimes","floor":14.0,"turns":3.0},{"damage":16.0,"enemies":"The Guardian","floor":16.0,"turns":10.0},{"damage":0.0,"enemies":"Chosen","floor":18.0,"turns":5.0},{"damage":2.0,"enemies":"Spheric Guardian","floor":19.0,"turns":5.0},{"damage":4.0,"enemies":"Chosen and Byrds","floor":22.0,"turns":6.0},{"damage":8.0,"enemies":"Snecko","floor":24.0,"turns":5.0},{"damage":11.0,"enemies":"Snake Plant","floor":31.0,"turns":5.0},{"damage":43.0,"enemies":"Collector","floor":33.0,"turns":14.0},{"damage":17.0,"enemies":"3 Shapes","floor":35.0,"turns":6.0},{"damage":0.0,"enemies":"3 Darklings","floor":37.0,"turns":5.0},{"damage":2.0,"enemies":"Sphere and 2 Shapes","floor":38.0,"turns":5.0},{"damage":1.0,"enemies":"Maw","floor":39.0,"turns":9.0},{"damage":4.0,"enemies":"3 Darklings","floor":45.0,"turns":4.0},{"damage":36,"enemies":"Sphere and 2 Shapes","floor":48,"turns":7},{"damage":28,"enemies":"Time Eater","floor":50,"turns":14}],"event_choices":[{"event_name":"Liars Game","player_choice":"disagreed","floor":10.0,"damage_taken":0.0},{"event_name":"Match and Keep!","player_choice":"3 cards matched","floor":11.0,"damage_taken":0.0},{"event_name":"Forgotten Altar","player_choice":"Shed Blood","floor":21.0,"damage_taken":0.0},{"event_name":"Back to Basics","player_choice":"Simplicity","floor":27.0,"damage_taken":0.0},{"event_name":"Tomb of Lord Red Mask","player_choice":"Paid","floor":36.0,"damage_taken":0.0},{"event_name":"Winding Halls","player_choice":"Embrace Madness","floor":47,"damage_taken":0}],"boss_relics":[],"potions_floor_spawned":[1,6,8,14,16,18,22,33,35,38],"seed_played":"4684788742712793022","killed_by":"Time Eater","ascension_level":0,"is_trial":false}