{"path_per_floor":["M","?","?","$","M","R","E","M","T","$","R","?","R","M","R","B",null,"M","?","$","M","?","E","R","$","T","R","?","M","M","M","R","B",null,"M","$","M","?","M","R","M","R","T","M","M","M","M","?","R","B"],"character_chosen":"THE_SILENT","items_purchased":["Footwork","Tough Bandages","Bag of Marbles","Unload","Blur","A Thousand Cuts"],"gold_per_floor":[111,111,111,72,96,96,137,157,239,1,1,331,331,354,354,482,482,496,496,133,146,146,176,176,9,9,9,9,24,41,52,52,148,148,158,80,96,96,109,109,121,121,146,159,171,183,200,200,200,200],"floor_reached":51,"campfire_rested":2,"playtime":5363,"current_hp_per_floor":[75,71,71,71,71,71,69,69,69,69,69,69,69,69,69,49,71,69,69,69,69,69,50,50,50,50,50,50,57,58,48,69,59,71,71,71,69,69,51,51,43,64,69,39,46,53,60,60,60,20],"items_purged":["Strike_G","Defend_G"],"gold":200,"score":469,"play_id":"681d9291-719c-4a1a-9157-6133f6c99eef","is_prod":false,"is_daily":false,"is_ascension_mode":false,"campfire_upgraded":8,"path_taken":["M","?","?","$","M","R","E","M","T","$","R","?","R","M","R","BOSS","M","?","$","M","?","E","R","$","T","R","?","M","?","M","R","BOSS","M","$","M","?","M","R","M","R","T","M","M","M","M","?","R","BOSS"],"build_version":"2018-02-15-PROD1","purchased_purges":2,"victory":true,"master_deck":["Defend_G","Defend_G","Defend_G","Strike_G","Strike_G","Strike_G","Strike_G","Survivor","Neutralize+1","All Out Attack+1","Flechettes","Footwork+1","Dodge and Roll+1","Prepared","Dagger Throw","Dagger Spray+1","Die Die Die+1","Backflip+1","Unload+1","Deflect","Blur","Backstab","Blur","Glass Knife","A Thousand Cuts+1","Escape Plan","Dagger Spray","Parasite","Footwork+1","Deflect+1","Malaise"],"max_hp_per_floor":[77,71,71,71,71,71,71,71,71,71,71,71,71,71,71,71,71,71,71,71,71,71,71,71,71,71,71,71,71,71,71,71,71,71,71,71,71,71,71,71,71,71,71,71,71,71,71,71,71,71],"relics":["Ring of the Snake","Bloody Idol","Bronze Scales","Mercury Hourglass","Tough Bandages","Old Coin","The Specimen","Bag of Marbles","Mummified Hand","Blood Vial","Cursed Key","Vajra"],"card_choices":[{"not_picked":["Deflect","Setup"],"picked":"All Out Attack"},{"not_picked":["Flying Knee","All Out Attack"],"picked":"Dodge and Roll"},{"not_picked":["Underhanded Strike","Sucker Punch"],"picked":"Prepared"},{"not_picked":["Bane","Deadly Poison"],"picked":"Dagger Throw"},{"not_picked":["Infinite Blades","Accuracy"],"picked":"Dagger Spray"},{"not_picked":["Grand Finale","Night Terror"],"picked":"Die Die Die"},{"not_picked":["Heel Hook","PiercingWail"],"picked":"Backflip"},{"not_picked":["Deadly Poison","Slice"],"picked":"Deflect"},{"not_picked":["Acrobatics","Deflect"],"picked":"Backstab"},{"not_picked":["Deflect","Backflip"],"picked":"Blur"},{"not_picked":["Tactician","Burst"],"picked":"Glass Knife"},{"not_picked":["Dagger Spray","Flying Knee"],"picked":"Escape Plan"},{"not_picked":["Acrobatics","Prepared"],"picked":"Dagger Spray"},{"not_picked":["Bane","Predator"],"picked":"Footwork"},{"not_picked":["Wraith Form","Finisher"],"picked":"Deflect"},{"not_picked":["Blade Dance","Outmaneuver"],"picked":"Malaise"}],"player_experience":682553,"potions_floor_usage":[41,50,50],"damage_taken":[{"damage":2.0,"enemies":"Small Slimes","floor":1.0,"turns":4.0},{"damage":0.0,"enemies":"2 Louse","floor":5.0,"turns":2.0},{"damage":2.0,"enemies":"3 Sentries","floor":7.0,"turns":11.0},{"damage":0.0,"enemies":"Cultist","floor":8.0,"turns":3.0},{"damage":0.0,"enemies":"Large Slime","floor":14.0,"turns":4.0},{"damage":20.0,"enemies":"Slime Boss","floor":16.0,"turns":8.0},{"damage":2.0,"enemies":"Spheric Guardian","floor":18.0,"turns":3.0},{"damage":0.0,"enemies":"3 Byrds","floor":21.0,"turns":2.0},{"damage":24.0,"enemies":"Book of Stabbing","floor":23.0,"turns":6.0},{"damage":0.0,"enemies":"3 Cultists","floor":29.0,"turns":2.0},{"damage":6.0,"enemies":"Sentry and Sphere","floor":30.0,"turns":4.0},{"damage":17.0,"enemies":"Cultist and Chosen","floor":31.0,"turns":6.0},{"damage":17.0,"enemies":"Collector","floor":33.0,"turns":13.0},{"damage":0,"enemies":"3 Darklings","floor":35,"turns":3},{"damage":7,"enemies":"Orb Walker","floor":37,"turns":2},{"damage":25,"enemies":"Sphere and 2 Shapes","floor":39,"turns":4},{"damage":15,"enemies":"Maw","floor":41,"turns":8},{"damage":37,"enemies":"4 Shapes","floor":44,"turns":6},{"damage":0,"enemies":"3 Darklings","floor":45,"turns":1},{"damage":0,"enemies":"Sphere and 2 Shapes","floor":46,"turns":3},{"damage":0,"enemies":"Maw","floor":47,"turns":8},{"damage":42,"enemies":"Awakened One","floor":50,"turns":20}],"event_choices":[{"event_name":"Golden Idol","player_choice":"Lose Max HP","floor":2.0,"damage_taken":0.0},{"event_name":"Living Wall","player_choice":"Change","floor":3.0,"damage_taken":0.0},{"event_name":"Dead Adventurer","player_choice":"Searched \u00272\u0027 times","floor":12.0,"damage_taken":0.0},{"event_name":"N\u0027loth","player_choice":"Ignored","floor":19.0,"damage_taken":0.0},{"event_name":"Forgotten Altar","player_choice":"Gave Idol","floor":22.0,"damage_taken":0.0},{"event_name":"Accursed Blacksmith","player_choice":"Ignore","floor":28.0,"damage_taken":0.0},{"event_name":"Tomb of Lord Red Mask","player_choice":"Ignored","floor":38,"damage_taken":0},{"event_name":"Mysterious Sphere","player_choice":"Ignore","floor":48,"damage_taken":0}],"boss_relics":[{"not_picked":["Sozu","Orrery"],"picked":"Cursed Key"}],"potions_floor_spawned":[5,14,21,23,31,39,41,46],"seed_played":"8838679899516759603","ascension_level":0,"is_trial":false}