{"path_per_floor":["M","?","M","?","$","R","E","M","T","M","R","M","$","M","R","B",null,"M","?","?","?","M","R","M","M","T","M","R","M","$","M","R","B",null,"M","M","M","M","?","R","?","$","T","?","R"],"character_chosen":"THE_SILENT","items_purchased":["Terror","Deflect","War Paint","Finesse"],"gold_per_floor":[117,117,136,136,61,61,93,103,128,142,142,160,62,74,74,169,169,186,136,136,136,146,146,156,174,174,186,186,196,44,59,59,162,162,180,192,206,217,217,217,217,27,53,53,53],"floor_reached":46,"campfire_rested":5,"playtime":2736,"current_hp_per_floor":[70,63,60,60,60,60,49,48,48,48,69,69,69,69,69,51,70,62,62,62,62,70,70,51,31,31,22,43,36,36,34,55,30,70,45,39,28,2,2,23,23,23,23,23,44],"items_purged":["Decay","Outmaneuver"],"gold":53,"score":374,"play_id":"2ca13726-1b6b-4632-94d8-7cb5d53c1c5f","is_prod":false,"is_daily":false,"is_ascension_mode":false,"campfire_upgraded":3,"path_taken":["M","?","M","?","$","R","E","M","T","M","R","M","$","?","R","BOSS","M","?","?","?","M","R","M","M","T","?","R","M","$","M","R","BOSS","M","M","M","M","?","R","?","$","T","?","R","M"],"build_version":"2018-02-12-PROD1","purchased_purges":2,"victory":false,"master_deck":["Defend_G+1","Defend_G","Defend_G","Strike_G","Strike_G","Survivor","Neutralize+1","Backflip+1","Flechettes+1","Slice+1","Choke+1","Infinite Blades","Outmaneuver","Dash","Terror+1","Deflect","Deflect","Wraith Form","Prepared+1","Blade Dance+1","Adrenaline","Deflect+1","Footwork+1","Cloak And Dagger","Tools of the Trade","Dash","Finesse"],"max_hp_per_floor":[70,70,70,70,70,70,70,70,70,70,70,70,70,70,70,70,70,70,70,70,70,70,70,70,70,70,70,70,70,70,70,70,70,70,70,70,70,70,70,70,70,70,70,70,70],"relics":["Astrolabe","Omamori","Vajra","White Beast Statue","Letter Opener","War Paint","Sozu","Happy Flower"],"card_choices":[{"not_picked":["Prepared","Flying Knee"],"picked":"Choke"},{"not_picked":["Heel Hook","Cloak And Dagger"],"picked":"Infinite Blades"},{"not_picked":["Underhanded Strike","Catalyst"],"picked":"Outmaneuver"},{"not_picked":["Dagger Throw","Outmaneuver"],"picked":"Dash"},{"not_picked":["Unload","Deadly Poison"],"picked":"Bouncing Flask"},{"not_picked":["Accuracy","Riddle With Holes"],"picked":"Deflect"},{"not_picked":["Glass Knife","Envenom"],"picked":"Wraith Form"},{"not_picked":["Flying Knee","Underhanded Strike"],"picked":"Prepared"},{"not_picked":["Poisoned Stab","Finisher"],"picked":"Blade Dance"},{"not_picked":["Bane","Dash"],"picked":"Adrenaline"},{"not_picked":["Flying Knee","Sucker Punch"],"picked":"Deflect"},{"not_picked":["Flying Knee","Prepared"],"picked":"Footwork"},{"not_picked":["Corpse Explosion","Prepared"],"picked":"Cloak And Dagger"},{"not_picked":["Corpse Explosion","Night Terror"],"picked":"Tools of the Trade"},{"not_picked":["Outmaneuver","Underhanded Strike"],"picked":"Dash"}],"player_experience":732071,"potions_floor_usage":[],"damage_taken":[{"damage":0.0,"enemies":"Small Slimes","floor":1.0,"turns":3.0},{"damage":3.0,"enemies":"Jaw Worm","floor":3.0,"turns":2.0},{"damage":11.0,"enemies":"Gremlin Nob","floor":7.0,"turns":4.0},{"damage":1.0,"enemies":"Blue Slaver","floor":8.0,"turns":3.0},{"damage":0.0,"enemies":"Gremlin Gang","floor":10.0,"turns":2.0},{"damage":0.0,"enemies":"Looter","floor":12.0,"turns":2.0},{"damage":0.0,"enemies":"Red Slaver","floor":14.0,"turns":3.0},{"damage":18.0,"enemies":"Hexaghost","floor":16.0,"turns":8.0},{"damage":8.0,"enemies":"Shell Parasite","floor":18.0,"turns":6.0},{"damage":1.0,"enemies":"Chosen","floor":22.0,"turns":4.0},{"damage":28.0,"enemies":"Snake Plant","floor":24.0,"turns":5.0},{"damage":20.0,"enemies":"Centurion and Healer","floor":25.0,"turns":5.0},{"damage":9.0,"enemies":"Slaver and Parasite","floor":27.0,"turns":4.0},{"damage":7.0,"enemies":"Snecko","floor":29.0,"turns":4.0},{"damage":2.0,"enemies":"3 Cultists","floor":31.0,"turns":4.0},{"damage":25.0,"enemies":"Automaton","floor":33.0,"turns":11.0},{"damage":25,"enemies":"3 Darklings","floor":35,"turns":5},{"damage":6,"enemies":"3 Shapes","floor":36,"turns":5},{"damage":11,"enemies":"3 Darklings","floor":37,"turns":6},{"damage":26,"enemies":"4 Shapes","floor":38,"turns":5},{"damage":9,"enemies":"Sphere and 2 Shapes","floor":46,"turns":3}],"event_choices":[{"event_name":"Golden Wing","player_choice":"Card Removal","floor":2.0,"damage_taken":0.0},{"event_name":"Wheel of Change","player_choice":"Curse","floor":4.0,"damage_taken":0.0},{"event_name":"The Joust","player_choice":"Bet on Owner","floor":19.0,"damage_taken":0.0},{"event_name":"N\u0027loth","player_choice":"Ignored","floor":20.0,"damage_taken":0.0},{"event_name":"Transmorgrifier","player_choice":"Transform","floor":21.0,"damage_taken":0.0},{"event_name":"Mysterious Sphere","player_choice":"Ignore","floor":39,"damage_taken":0},{"event_name":"Upgrade Shrine","player_choice":"Upgraded","floor":44,"damage_taken":0}],"boss_relics":[{"not_picked":["Calling Bell","Snecko Eye"],"picked":"Sozu"}],"potions_floor_spawned":[1,7,10,16,18,22,24,25,27,29,31,33,35,36,37,38],"seed_played":"-1615230633873975035","killed_by":"Sphere and 2 Shapes","ascension_level":0,"is_trial":false}