{"path_per_floor":["M","$","?","?","T","E","R","E","T","M","E","$","M","M","R","B",null,"M","M","$","M","M","R","M","R","T","M","R","M","M","?","R","B",null,"M","?","M","$","?","R","$","M","T","M","M","M","R","?","R"],"character_chosen":"THE_SILENT","items_purchased":["Footwork","Apotheosis","Finesse","Blur","Strength Potion","Dexterity Potion"],"gold_per_floor":[113,1,1,76,99,125,125,152,230,244,274,74,85,102,102,202,202,212,226,29,47,61,61,72,72,95,115,115,132,148,73,73,176,206,220,265,279,97,0,0,0,18,18,33,46,64,64,64,64],"floor_reached":50,"campfire_rested":5,"playtime":3071,"current_hp_per_floor":[70,70,56,45,45,45,66,66,66,66,61,61,61,61,61,61,70,61,51,51,50,44,44,41,62,62,62,62,59,53,53,70,47,75,72,51,51,51,51,51,51,43,43,31,38,26,48,48,70],"items_purged":["Strike_G","Defend_G"],"gold":64,"score":542,"play_id":"3c99a4c9-4958-4138-a109-94895947e3d1","is_prod":false,"is_daily":false,"is_ascension_mode":false,"campfire_upgraded":1,"path_taken":["M","$","?","?","?","E","R","E","T","M","E","$","?","M","R","BOSS","M","M","$","M","M","R","M","R","T","?","R","M","M","?","R","BOSS","M","?","M","$","?","R","?","M","T","?","M","M","R","?","R","BOSS"],"build_version":"2018-02-22-PROD2","purchased_purges":4,"victory":false,"master_deck":["Defend_G","Defend_G+1","Defend_G","Defend_G","Strike_G+1","Strike_G+1","Survivor","Neutralize","Flying Knee","Footwork+1","Deadly Poison","Crippling Poison","Deflect","Leg Sweep","Apotheosis+1","Malaise","Terror","Glass Knife","Dagger Spray","Dagger Throw+1","Finesse","Backstab","Blur+1","Deflect","Backstab+1","Burst","All Out Attack","PiercingWail+1","Backstab","Blur","Footwork","Backflip+1","Terror+1","Backstab+1"],"max_hp_per_floor":[70,70,70,70,70,70,70,70,70,70,70,70,70,70,70,70,70,70,70,70,70,70,70,70,70,70,70,70,70,70,70,70,70,75,75,75,75,75,75,75,75,75,75,75,75,75,75,75,75],"relics":["Ring of the Snake","NeowsBlessing","Oddly Smooth Stone","Art of War","Happy Flower","Shuriken","Shovel","Question Card","Orichalcum","Dream Catcher","Vajra","Tiny House","Frozen Eye","Red Mask","Whetstone","Du-Vu Doll"],"card_choices":[{"not_picked":["Flechettes","Dagger Throw"],"picked":"Flying Knee"},{"not_picked":["Infinite Blades","PiercingWail"],"picked":"Deadly Poison"},{"not_picked":["Escape Plan","Sucker Punch"],"picked":"Crippling Poison"},{"not_picked":["Distraction","Deadly Poison"],"picked":"Deflect"},{"not_picked":["Cloak And Dagger","PiercingWail"],"picked":"Leg Sweep"},{"not_picked":["Infinite Blades","Endless Agony"],"picked":"Malaise"},{"not_picked":["Deadly Poison","Underhanded Strike"],"picked":"Terror"},{"not_picked":["Tools of the Trade","Unload"],"picked":"Glass Knife"},{"not_picked":["Predator","Dagger Throw","Infinite Blades"],"picked":"Dagger Spray"},{"not_picked":["Eviscerate","Caltrops","Underhanded Strike"],"picked":"Dagger Throw"},{"not_picked":["Reflex","PiercingWail","Die Die Die"],"picked":"Backstab"},{"not_picked":["Reflex","Underhanded Strike","Flying Knee"],"picked":"Blur"},{"not_picked":["Prepared","Dagger Throw","Flying Knee"],"picked":"Deflect"},{"not_picked":["Catalyst","Sucker Punch","Underhanded Strike"],"picked":"Backstab"},{"not_picked":["Phantasmal Killer","Storm of Steel","Night Terror"],"picked":"Burst"},{"not_picked":["Calculated Gamble","Poisoned Stab","Dagger Throw"],"picked":"All Out Attack"},{"not_picked":["Poisoned Stab","Cloak And Dagger","Flying Knee"],"picked":"PiercingWail"},{"not_picked":["Poisoned Stab","Infinite Blades","Crippling Poison"],"picked":"Backstab"},{"not_picked":["Setup","Blade Dance","PiercingWail"],"picked":"Footwork"},{"not_picked":["Poisoned Stab","Well Laid Plans","Masterful Stab"],"picked":"Backflip"},{"not_picked":["Reflex","Deflect","Flying Knee"],"picked":"Terror"},{"not_picked":["Predator","Setup","All Out Attack"],"picked":"Backstab"}],"player_experience":775669,"potions_floor_usage":[50],"damage_taken":[{"damage":0.0,"enemies":"Small Slimes","floor":1.0,"turns":1.0},{"damage":0.0,"enemies":"Gremlin Nob","floor":6.0,"turns":1.0},{"damage":0.0,"enemies":"3 Sentries","floor":8.0,"turns":1.0},{"damage":0.0,"enemies":"Jaw Worm","floor":10.0,"turns":5.0},{"damage":5.0,"enemies":"Lagavulin","floor":11.0,"turns":6.0},{"damage":0.0,"enemies":"2 Louse","floor":13.0,"turns":2.0},{"damage":0.0,"enemies":"Large Slime","floor":14.0,"turns":7.0},{"damage":0.0,"enemies":"The Guardian","floor":16.0,"turns":8.0},{"damage":9.0,"enemies":"Shell Parasite","floor":18.0,"turns":6.0},{"damage":10.0,"enemies":"Spheric Guardian","floor":19.0,"turns":6.0},{"damage":1.0,"enemies":"Centurion and Healer","floor":21.0,"turns":6.0},{"damage":6.0,"enemies":"3 Cultists","floor":22.0,"turns":5.0},{"damage":3.0,"enemies":"Chosen and Byrds","floor":24.0,"turns":6.0},{"damage":0.0,"enemies":"Centurion and Healer","floor":27.0,"turns":7.0},{"damage":3.0,"enemies":"Snecko","floor":29.0,"turns":7.0},{"damage":6.0,"enemies":"Slaver and Parasite","floor":30.0,"turns":5.0},{"damage":23.0,"enemies":"Automaton","floor":33.0,"turns":12.0},{"damage":3.0,"enemies":"3 Darklings","floor":35.0,"turns":5.0},{"damage":21.0,"enemies":"Mysterious Sphere","floor":36.0,"turns":4.0},{"damage":0.0,"enemies":"Orb Walker","floor":37.0,"turns":4.0},{"damage":8.0,"enemies":"Sphere and 2 Shapes","floor":42.0,"turns":8.0},{"damage":12.0,"enemies":"3 Darklings","floor":44.0,"turns":8.0},{"damage":8.0,"enemies":"Maw","floor":45.0,"turns":10.0},{"damage":12.0,"enemies":"4 Shapes","floor":46.0,"turns":6.0},{"damage":75,"enemies":"Donu and Deca","floor":50,"turns":12}],"event_choices":[{"event_name":"Shining Light","player_choice":"Entered Light","floor":3.0,"damage_taken":0.0},{"event_name":"World of Goop","player_choice":"Gather Gold","floor":4.0,"damage_taken":0.0},{"event_name":"Beggar","player_choice":"Gave Gold","floor":31.0,"damage_taken":0.0},{"event_name":"Mysterious Sphere","player_choice":"Fight","floor":36.0,"damage_taken":0.0},{"event_name":"Tomb of Lord Red Mask","player_choice":"Paid","floor":39.0,"damage_taken":0.0}],"boss_relics":[],"potions_floor_spawned":[1,8,10,14,22,29,30,33,44,45],"seed_played":"2864422070298078131","killed_by":"Donu and Deca","ascension_level":0,"is_trial":false}