{"path_per_floor":["M","M","?","M","?","E","$","R","T","M","M","E","$","?","R"],"character_chosen":"THE_SILENT","items_purchased":["Blur","Footwork","Molten Egg 2"],"gold_per_floor":[113,130,130,147,322,357,153,153,233,243,263,291,29,29,29],"floor_reached":16,"campfire_rested":0,"playtime":794,"current_hp_per_floor":[70,70,70,70,70,66,66,66,66,65,61,45,45,45,45],"items_purged":["Doubt"],"gold":29,"score":110,"play_id":"683a6916-a7ef-47b3-8a2b-0304830bf4ab","is_prod":false,"is_daily":false,"is_ascension_mode":false,"campfire_upgraded":2,"path_taken":["M","M","?","?","?","E","$","R","T","M","M","E","$","?","R","BOSS"],"build_version":"2018-02-22-PROD2","purchased_purges":1,"victory":false,"master_deck":["Defend_G+1","Defend_G+1","Defend_G","Defend_G","Defend_G","Strike_G","Strike_G","Strike_G","Strike_G","Strike_G","Survivor","Neutralize+1","Poisoned Stab","PiercingWail","Dagger Spray+1","Die Die Die","Blur","Footwork+1","Dodge and Roll","Outmaneuver"],"max_hp_per_floor":[70,70,70,70,70,70,70,70,70,70,70,70,70,65,65],"relics":["Ring of the Snake","NeowsBlessing","Smiling Mask","Bottled Lightning","War Paint","Molten Egg 2","Golden Idol"],"card_choices":[{"not_picked":["Acrobatics","Leg Sweep"],"picked":"Poisoned Stab"},{"not_picked":["Concentrate","Sucker Punch"],"picked":"PiercingWail"},{"not_picked":["Finisher","Terror"],"picked":"Dagger Spray"},{"not_picked":["Finisher","Predator"],"picked":"Die Die Die"},{"not_picked":["PiercingWail","Deadly Poison"],"picked":"Dodge and Roll"},{"not_picked":["Cloak And Dagger","Flying Knee"],"picked":"Outmaneuver"}],"player_experience":815440,"potions_floor_usage":[6,12,12,16],"damage_taken":[{"damage":0,"enemies":"Cultist","floor":1,"turns":1},{"damage":0,"enemies":"Jaw Worm","floor":2,"turns":1},{"damage":0,"enemies":"Small Slimes","floor":4,"turns":1},{"damage":4,"enemies":"3 Sentries","floor":6,"turns":8},{"damage":1,"enemies":"Blue Slaver","floor":10,"turns":5},{"damage":4,"enemies":"Exordium Thugs","floor":11,"turns":6},{"damage":31,"enemies":"Lagavulin","floor":12,"turns":11},{"damage":34,"enemies":"Hexaghost","floor":16,"turns":16}],"event_choices":[{"event_name":"Upgrade Shrine","player_choice":"Upgraded","floor":3,"damage_taken":0},{"event_name":"Liars Game","player_choice":"agreed","floor":5,"damage_taken":0},{"event_name":"Golden Idol","player_choice":"Lose Max HP","floor":14,"damage_taken":0}],"boss_relics":[],"potions_floor_spawned":[2,4,10,12],"seed_played":"-3084851341100386376","killed_by":"Hexaghost","ascension_level":0,"is_trial":false}