{"path_per_floor":["M","M","M","?","?","E","R","M","T","?","R","?","M","$","R","B",null,"M","?","$","M","$","R","E","M","T","R","M","R","M","M","R","B",null,"M","?","M","T","M","R","E","R","T","?","R","?","M","M","R","B"],"character_chosen":"THE_SILENT","items_purchased":["All Out Attack","War Paint","Block Potion","Regen Potion","Dash","Well Laid Plans"],"gold_per_floor":[115,128,146,321,321,350,350,361,443,443,443,443,458,95,95,214,214,214,214,3,3,3,3,3,3,3,3,3,3,3,3,3,3,3,3,0,0,0,0,0,0,0,0,0,0,0,0,0,0,0],"floor_reached":51,"campfire_rested":3,"playtime":2464,"current_hp_per_floor":[69,63,63,63,63,50,50,50,50,50,50,50,50,50,50,58,65,65,65,65,65,65,65,51,24,24,43,44,44,41,36,56,29,67,67,67,69,69,62,71,42,54,54,54,66,57,37,36,71,48],"items_purged":["Doubt","Strike_G"],"gold":0,"score":572,"play_id":"1b9d6449-8efd-468f-a898-402cbf5d8468","is_prod":false,"is_daily":false,"is_ascension_mode":false,"campfire_upgraded":8,"path_taken":["M","M","?","?","?","E","R","M","T","?","R","?","M","$","R","BOSS","M","?","?","M","$","R","E","M","T","R","M","R","M","M","R","BOSS","M","?","M","?","?","R","E","R","T","?","R","?","M","M","R","BOSS"],"build_version":"2018-02-22-PROD2","purchased_purges":2,"victory":true,"master_deck":["Defend_G+1","Defend_G","Defend_G","Defend_G","Defend_G","Strike_G","Strike_G","Strike_G","Survivor","Neutralize+1","Sucker Punch+1","Dash+1","Backflip","Quick Slash","Neutralize","Backstab","PiercingWail+1","Noxious Fumes+1","All Out Attack+1","Die Die Die+1","Bane+1","Dash","Well Laid Plans","Dodge and Roll","Outmaneuver","Terror+1","Dagger Spray+1","Backflip","Adrenaline","Leg Sweep+1","Envenom+1","Madness","Madness","Sucker Punch","Dagger Spray+1"],"max_hp_per_floor":[70,70,70,70,70,70,70,70,70,70,70,65,65,65,65,65,65,65,65,65,65,65,65,65,65,65,65,67,67,67,67,67,67,67,67,67,69,69,71,71,71,71,71,71,71,71,71,71,71,71],"relics":["Question Card","Frozen Eye","Paper Crane","Bloody Idol","War Paint","Ectoplasm","Ginger","Singing Bowl","Eternal Feather","Red Mask","Gambling Chip","Pen Nib","Mercury Hourglass"],"card_choices":[{"not_picked":["Flechettes","Reflex","Poisoned Stab"],"picked":"Sucker Punch"},{"not_picked":["Outmaneuver","Flying Knee","Quick Slash"],"picked":"Dash"},{"not_picked":["Dash","Accuracy","Deadly Poison"],"picked":"Backflip"},{"not_picked":["Deflect","Flying Knee","Underhanded Strike"],"picked":"Backstab"},{"not_picked":["Deflect","Slice","Dagger Throw"],"picked":"PiercingWail"},{"not_picked":["Dagger Throw","Dodge and Roll","Outmaneuver"],"picked":"Noxious Fumes"},{"not_picked":["Grand Finale","Venomology","Wraith Form"],"picked":"Die Die Die"},{"not_picked":["Quick Slash","Flying Knee","Deadly Poison"],"picked":"Bane"},{"not_picked":["Dash","Eviscerate","Underhanded Strike"],"picked":"Dodge and Roll"},{"not_picked":["Dodge and Roll","Underhanded Strike","Infinite Blades"],"picked":"Outmaneuver"},{"not_picked":["Dodge and Roll","Eviscerate","Riddle With Holes"],"picked":"Terror"},{"not_picked":["Slice","Underhanded Strike","Cloak And Dagger"],"picked":"Dagger Spray"},{"not_picked":["Tactician","Blade Dance","Slice"],"picked":"Backflip"},{"not_picked":["Doppelganger","Tactician","Corpse Explosion"],"picked":"Adrenaline"},{"not_picked":["Flechettes","Poisoned Stab","Outmaneuver"],"picked":"Leg Sweep"},{"not_picked":["Terror","Bouncing Flask","Distraction"],"picked":"Envenom"},{"not_picked":["Finisher","Slice","Terror"],"picked":"Sucker Punch"},{"not_picked":["Endless Agony","Distraction","Masterful Stab"],"picked":"Dagger Spray"}],"player_experience":778740,"potions_floor_usage":[48],"damage_taken":[{"damage":1.0,"enemies":"Cultist","floor":1.0,"turns":5.0},{"damage":6.0,"enemies":"Jaw Worm","floor":2.0,"turns":6.0},{"damage":0.0,"enemies":"Small Slimes","floor":3.0,"turns":4.0},{"damage":13.0,"enemies":"Gremlin Nob","floor":6.0,"turns":4.0},{"damage":0.0,"enemies":"3 Louse","floor":8.0,"turns":2.0},{"damage":0.0,"enemies":"Gremlin Gang","floor":13.0,"turns":4.0},{"damage":7.0,"enemies":"The Guardian","floor":16.0,"turns":10.0},{"damage":0.0,"enemies":"Chosen","floor":18.0,"turns":5.0},{"damage":0.0,"enemies":"3 Byrds","floor":21.0,"turns":5.0},{"damage":14.0,"enemies":"Slavers","floor":24.0,"turns":7.0},{"damage":27.0,"enemies":"Snake Plant","floor":25.0,"turns":5.0},{"damage":1.0,"enemies":"Snecko","floor":28.0,"turns":8.0},{"damage":3.0,"enemies":"Chosen and Byrds","floor":30.0,"turns":5.0},{"damage":5.0,"enemies":"3 Cultists","floor":31.0,"turns":5.0},{"damage":27.0,"enemies":"Collector","floor":33.0,"turns":8.0},{"damage":0.0,"enemies":"Orb Walker","floor":35.0,"turns":4.0},{"damage":0.0,"enemies":"3 Darklings","floor":37.0,"turns":5.0},{"damage":9.0,"enemies":"Maw","floor":39.0,"turns":8.0},{"damage":29.0,"enemies":"2 Orb Walkers","floor":41.0,"turns":6.0},{"damage":20,"enemies":"Sphere and 2 Shapes","floor":47,"turns":4},{"damage":1,"enemies":"3 Darklings","floor":48,"turns":4},{"damage":23,"enemies":"Awakened One","floor":50,"turns":22}],"event_choices":[{"event_name":"Liars Game","player_choice":"agreed","floor":4.0,"damage_taken":0.0},{"event_name":"Match and Keep!","player_choice":"2 cards matched","floor":5.0,"damage_taken":0.0},{"event_name":"Upgrade Shrine","player_choice":"Upgraded","floor":10.0,"damage_taken":0.0},{"event_name":"Golden Idol","player_choice":"Lose Max HP","floor":12.0,"damage_taken":0.0},{"event_name":"Forgotten Altar","player_choice":"Gave Idol","floor":19.0,"damage_taken":0.0},{"event_name":"Tomb of Lord Red Mask","player_choice":"Paid","floor":36.0,"damage_taken":0.0},{"event_name":"Winding Halls","player_choice":"Embrace Madness","floor":46,"damage_taken":0}],"boss_relics":[],"potions_floor_spawned":[2,3,13,25,28,31,33,35,41],"seed_played":"-6615413925939662103","ascension_level":0,"is_trial":false}