{"path_per_floor":["M","?","?","$","M","E","M","R","T","R","E","T","M","M","R","B",null,"M","$","?","T","M","R","M","R","T","M","M","M","$","$","R","B",null,"M","M","?","M","$","R","M","M","T","R","?","M","?","M","R","B"],"character_chosen":"THE_SILENT","items_purchased":["Blind","Backflip","Bag of Marbles"],"gold_per_floor":[112,112,62,62,78,111,124,124,147,147,173,173,190,201,201,305,305,321,101,26,26,43,43,63,63,63,80,95,114,114,114,114,218,218,234,244,244,257,0,0,13,23,23,23,23,33,33,47,47,47],"floor_reached":51,"campfire_rested":4,"playtime":3244,"current_hp_per_floor":[70,70,70,70,68,45,43,43,43,64,46,46,43,43,64,48,70,67,67,67,81,76,76,76,76,76,73,68,57,57,57,82,58,84,74,74,74,74,74,74,74,52,52,52,52,52,52,52,77,6],"items_purged":["Envenom","Defend_G"],"gold":47,"score":486,"play_id":"be91ab0d-e86f-473c-bdcc-db17ec31c2ba","is_prod":false,"is_daily":false,"is_ascension_mode":false,"campfire_upgraded":4,"path_taken":["M","?","?","$","?","E","M","R","T","R","E","?","M","M","R","BOSS","M","$","?","?","M","R","M","R","T","M","M","?","?","$","R","BOSS","M","M","?","M","$","R","M","M","T","R","?","M","?","?","R","BOSS"],"build_version":"2018-02-22-PROD2","purchased_purges":4,"victory":true,"master_deck":["Defend_G","Defend_G","Strike_G","Strike_G","Strike_G","Survivor","Neutralize+1","Sucker Punch","Venomology+1","Prepared","Leg Sweep","A Thousand Cuts+1","Caltrops+1","Dagger Throw+1","Outmaneuver+1","Setup+1","Terror","Blind+1","Backflip","Deflect","Backflip+1","Malaise","Slice","Die Die Die","Heel Hook+1","Blur","Footwork","All Out Attack+1","Prepared"],"max_hp_per_floor":[70,70,70,70,70,70,70,70,70,70,70,70,70,70,70,70,70,70,70,70,84,84,84,84,84,84,84,84,84,84,84,84,84,84,84,84,84,84,84,84,84,84,84,84,84,84,84,84,84,84],"relics":["Question Card","Mercury Hourglass","Vajra","Paper Crane","Unceasing Top","Astrolabe","Mango","Dead Branch","Cursed Key","Bag of Marbles","Peace Pipe"],"card_choices":[{"not_picked":["Expertise","Backflip","Cloak And Dagger"],"picked":"Outmaneuver"},{"not_picked":["Underhanded Strike","Poisoned Stab","Outmaneuver"],"picked":"Sucker Punch"},{"not_picked":["Endless Agony","Expertise","Deflect"],"picked":"Venomology"},{"not_picked":["Deadly Poison","Outmaneuver","Quick Slash"],"picked":"Prepared"},{"not_picked":["Blur","Expertise","Calculated Gamble"],"picked":"Leg Sweep"},{"not_picked":["Quick Slash","Cloak And Dagger","Flying Knee"],"picked":"A Thousand Cuts"},{"not_picked":["Dagger Throw","Slice","Deadly Poison"],"picked":"Caltrops"},{"not_picked":["Night Terror","Storm of Steel","Phantasmal Killer"],"picked":"Envenom"},{"not_picked":["Blade Dance","Underhanded Strike","Outmaneuver"],"picked":"Terror"},{"not_picked":["Bane","Deadly Poison","Prepared"],"picked":"Deflect"},{"not_picked":["Noxious Fumes","Riddle With Holes","Tactician"],"picked":"Backflip"},{"not_picked":["Deflect","Skewer","PiercingWail"],"picked":"Malaise"},{"not_picked":["Quick Slash","Infinite Blades","Dodge and Roll"],"picked":"Slice"},{"not_picked":["Corpse Explosion","Tactician","Burst"],"picked":"Die Die Die"},{"not_picked":["Cloak And Dagger","Outmaneuver","Skewer"],"picked":"Heel Hook"},{"not_picked":["Quick Slash","Dodge and Roll","Dash"],"picked":"Blur"},{"not_picked":["Sucker Punch","Phantasmal Killer","Dodge and Roll"],"picked":"Footwork"},{"not_picked":["Dagger Throw","Caltrops","Choke"],"picked":"All Out Attack"}],"player_experience":790757,"potions_floor_usage":[27,27,28,29,29,29,33,33,38,38,42,42,48,48,50,50,50],"damage_taken":[{"damage":0.0,"enemies":"Small Slimes","floor":1.0,"turns":5.0},{"damage":2.0,"enemies":"Cultist","floor":5.0,"turns":4.0},{"damage":23.0,"enemies":"Lagavulin","floor":6.0,"turns":7.0},{"damage":2.0,"enemies":"Jaw Worm","floor":7.0,"turns":4.0},{"damage":18.0,"enemies":"Gremlin Nob","floor":11.0,"turns":4.0},{"damage":3.0,"enemies":"Lots of Slimes","floor":13.0,"turns":2.0},{"damage":0.0,"enemies":"Exordium Thugs","floor":14.0,"turns":3.0},{"damage":16.0,"enemies":"Slime Boss","floor":16.0,"turns":8.0},{"damage":3.0,"enemies":"Shell Parasite","floor":18.0,"turns":7.0},{"damage":5.0,"enemies":"Chosen","floor":22.0,"turns":4.0},{"damage":0.0,"enemies":"Snake Plant","floor":24.0,"turns":5.0},{"damage":3,"enemies":"Centurion and Healer","floor":27,"turns":3},{"damage":5,"enemies":"Chosen and Byrds","floor":28,"turns":6},{"damage":11,"enemies":"Slaver and Parasite","floor":29,"turns":6},{"damage":24,"enemies":"Automaton","floor":33,"turns":12},{"damage":10,"enemies":"Orb Walker","floor":35,"turns":3},{"damage":0,"enemies":"3 Shapes","floor":36,"turns":5},{"damage":0,"enemies":"Maw","floor":38,"turns":6},{"damage":0,"enemies":"3 Darklings","floor":41,"turns":3},{"damage":22,"enemies":"Sphere and 2 Shapes","floor":42,"turns":4},{"damage":0,"enemies":"Maw","floor":46,"turns":7},{"damage":12,"enemies":"3 Darklings","floor":48,"turns":5},{"damage":71,"enemies":"Donu and Deca","floor":50,"turns":13}],"event_choices":[{"event_name":"Upgrade Shrine","player_choice":"Upgraded","floor":2.0,"damage_taken":0.0},{"event_name":"The Cleric","player_choice":"Card Removal","floor":3.0,"damage_taken":0.0},{"event_name":"Beggar","player_choice":"Gave Gold","floor":20.0,"damage_taken":0.0},{"event_name":"Tomb of Lord Red Mask","player_choice":"Ignored","floor":37,"damage_taken":0},{"event_name":"Match and Keep!","player_choice":"1 cards matched","floor":45,"damage_taken":0},{"event_name":"Mysterious Sphere","player_choice":"Ignore","floor":47,"damage_taken":0}],"boss_relics":[{"not_picked":["Pandora\u0027s Box","Philosopher\u0027s Stone"],"picked":"Cursed Key"}],"potions_floor_spawned":[1,13,14,16,18,27,29,36,46],"seed_played":"8559257559744935378","ascension_level":0,"is_trial":false}