{"path_per_floor":["M","?","?","M","$","R","E","?","T","R","M","E","R","E","R","B",null,"M","?","?","M","M","R","M","R","T","$","?","R","?","M","R","B",null,"M","M","M","?","M","R","M","R","T","M","R","M","M","M","R","B"],"character_chosen":"THE_SILENT","items_purchased":["Blur","Footwork","Glass Knife"],"gold_per_floor":[117,117,117,137,62,62,96,96,172,172,185,216,216,549,549,647,647,662,662,662,678,692,692,703,703,730,366,281,281,281,292,292,397,397,410,428,445,445,456,456,471,471,518,529,529,549,564,579,579,579],"floor_reached":51,"campfire_rested":3,"playtime":5522,"current_hp_per_floor":[70,75,68,68,68,68,27,27,27,49,51,62,62,52,76,42,82,82,82,82,71,65,65,69,69,69,69,69,69,69,75,75,55,82,72,76,76,76,79,79,77,77,77,77,77,74,76,65,82,20],"items_purged":["Strike_G","Bite"],"gold":579,"score":545,"play_id":"6ce87d2b-42fd-45c6-821e-829a653e0ea4","is_prod":false,"is_daily":false,"is_ascension_mode":false,"campfire_upgraded":9,"path_taken":["M","?","?","M","$","R","E","?","T","R","M","E","R","E","R","BOSS","M","?","?","M","M","R","M","R","T","$","?","R","?","M","R","BOSS","M","?","?","?","M","R","M","R","T","M","R","M","M","?","R","BOSS"],"build_version":"2018-02-15-PROD1","purchased_purges":5,"victory":true,"master_deck":["Defend_G","Defend_G","Defend_G","Defend_G","Survivor","Neutralize+1","Outmaneuver+1","Flying Knee","Prepared","Cloak And Dagger","All Out Attack+1","Infinite Blades","Unload","Noxious Fumes+1","Bite","Bite","Bite","Bite","Malaise+1","Flying Knee","PiercingWail","Blur+1","Footwork+1","Glass Knife+1","After Image+1","Deflect","Bane+1","Leg Sweep+1","Deflect","Slice+1","Masterful Stab+1","Phantasmal Killer+1","Masterful Stab+1","Prepared+1","Backstab+1"],"max_hp_per_floor":[70,75,75,75,75,75,75,75,75,75,75,82,82,82,82,82,82,82,82,82,82,82,82,82,82,82,82,82,82,82,82,82,82,82,82,82,82,82,82,82,82,82,82,82,82,82,82,82,82,82],"relics":["Ring of the Snake","Unceasing Top","Orichalcum","Toolbox","Strawberry","Old Coin","Sozu","Pen Nib","Lantern","Orrery","Dream Catcher"],"card_choices":[{"not_picked":["Riddle With Holes","Acrobatics"],"picked":"Outmaneuver"},{"not_picked":["Bane","PiercingWail"],"picked":"Flying Knee"},{"not_picked":["PiercingWail","Poisoned Stab"],"picked":"Prepared"},{"not_picked":["Blade Dance","Dagger Throw"],"picked":"Cloak And Dagger"},{"not_picked":["Acrobatics","Reflex"],"picked":"All Out Attack"},{"not_picked":["Wraith Form","Well Laid Plans"],"picked":"Infinite Blades"},{"not_picked":["Corpse Explosion","Doppelganger"],"picked":"Unload"},{"not_picked":["PiercingWail","Calculated Gamble"],"picked":"Noxious Fumes"},{"not_picked":["Noxious Fumes","Acrobatics"],"picked":"Malaise"},{"not_picked":["Poisoned Stab","Bane"],"picked":"Flying Knee"},{"not_picked":["Acrobatics","Dagger Spray"],"picked":"PiercingWail"},{"not_picked":["A Thousand Cuts","Corpse Explosion"],"picked":"After Image"},{"not_picked":["Acrobatics","Underhanded Strike"],"picked":"Deflect"},{"not_picked":["Bouncing Flask","Reflex"],"picked":"Bane"},{"not_picked":["Quick Slash","Caltrops"],"picked":"Leg Sweep"},{"not_picked":["Acrobatics","Prepared"],"picked":"Deflect"},{"not_picked":["Deadly Poison","Setup"],"picked":"Slice"},{"not_picked":["Footwork","Deflect"],"picked":"Masterful Stab"},{"not_picked":["Dagger Throw","Well Laid Plans"],"picked":"Phantasmal Killer"},{"not_picked":["PiercingWail","Dagger Throw"],"picked":"Masterful Stab"},{"not_picked":["Deadly Poison","Heel Hook"],"picked":"Prepared"},{"not_picked":["Dodge and Roll","Outmaneuver"],"picked":"Backstab"}],"player_experience":745329,"potions_floor_usage":[12,16,16],"damage_taken":[{"damage":0,"enemies":"Small Slimes","floor":1,"turns":5},{"damage":0,"enemies":"2 Louse","floor":4,"turns":4},{"damage":41,"enemies":"Gremlin Nob","floor":7,"turns":6},{"damage":0,"enemies":"Jaw Worm","floor":11,"turns":4},{"damage":13,"enemies":"Lagavulin","floor":12,"turns":7},{"damage":12,"enemies":"Gremlin Nob","floor":14,"turns":5},{"damage":36,"enemies":"Slime Boss","floor":16,"turns":14},{"damage":0,"enemies":"Chosen","floor":18,"turns":5},{"damage":21,"enemies":"2 Thieves","floor":21,"turns":4},{"damage":24,"enemies":"Centurion and Healer","floor":22,"turns":7},{"damage":18,"enemies":"Slaver and Parasite","floor":24,"turns":6},{"damage":2,"enemies":"Cultist and Chosen","floor":31,"turns":7},{"damage":36,"enemies":"Champ","floor":33,"turns":10},{"damage":10,"enemies":"3 Shapes","floor":35,"turns":5},{"damage":0,"enemies":"Orb Walker","floor":36,"turns":4},{"damage":2,"enemies":"4 Shapes","floor":37,"turns":3},{"damage":11,"enemies":"Maw","floor":39,"turns":7},{"damage":9,"enemies":"3 Darklings","floor":41,"turns":5},{"damage":0,"enemies":"Sphere and 2 Shapes","floor":44,"turns":2},{"damage":15,"enemies":"Maw","floor":46,"turns":7},{"damage":0,"enemies":"3 Darklings","floor":47,"turns":4},{"damage":17,"enemies":"Sphere and 2 Shapes","floor":48,"turns":6},{"damage":78,"enemies":"Donu and Deca","floor":50,"turns":14}],"event_choices":[{"event_name":"Big Fish","player_choice":"Donut","floor":2,"damage_taken":0},{"event_name":"Golden Wing","player_choice":"Card Removal","floor":3,"damage_taken":0},{"event_name":"Accursed Blacksmith","player_choice":"Rummage","floor":8,"damage_taken":0},{"event_name":"Vampires","player_choice":"Became a vampire (Vial)","floor":19,"damage_taken":0},{"event_name":"N\u0027loth","player_choice":"Ignored","floor":20,"damage_taken":0},{"event_name":"Addict","player_choice":"Obtained Relic","floor":28,"damage_taken":0},{"event_name":"The Lab","player_choice":"Got Potions","floor":30,"damage_taken":0},{"event_name":"Bonfire Elementals","player_choice":"BASIC","floor":38,"damage_taken":0}],"boss_relics":[{"not_picked":["Snecko Eye","Question Card"],"picked":"Sozu"},{"not_picked":["Calling Bell","Runic Dome"],"picked":"Orrery"}],"potions_floor_spawned":[4,11,12,16,24,33,35,46,48],"seed_played":"4457882605588458031","ascension_level":0,"is_trial":false}