{"path_per_floor":["M","M","M","M","M","R","M","R","T","?","E","R","$","?","R","B",null,"M","?","?","M","M","R","M","E","T","M","?","M","$","M","R","B",null,"M","$","?","M","T","R","M","R","T","M","R","M","M","$","R","B"],"character_chosen":"THE_SILENT","items_purchased":["Footwork","Dodge and Roll","Apotheosis","Tough Bandages","Caltrops","Blur"],"gold_per_floor":[115,131,147,161,172,172,192,192,192,267,295,295,14,14,14,117,117,132,132,132,143,161,161,171,204,227,237,337,354,35,49,49,154,154,171,99,99,111,111,111,126,126,126,141,141,161,174,36,36,36],"floor_reached":51,"campfire_rested":3,"playtime":4296,"current_hp_per_floor":[63,63,63,63,60,60,60,60,60,49,35,53,53,53,53,31,63,63,63,63,57,57,57,42,38,45,45,45,42,42,36,57,47,70,70,70,61,61,61,61,61,61,61,61,61,53,45,45,66,31],"items_purged":["Strike_G","Doubt"],"gold":36,"score":498,"play_id":"b9d7c7a4-2314-437b-b5f8-ba8bcb1b1241","is_prod":false,"is_daily":false,"is_ascension_mode":false,"campfire_upgraded":7,"path_taken":["M","M","M","M","M","R","M","R","T","?","E","R","$","?","R","BOSS","M","?","?","M","M","R","M","E","T","M","?","M","$","?","R","BOSS","M","$","?","M","?","R","M","R","T","M","R","?","M","$","R","BOSS"],"build_version":"2018-02-22-PROD2","purchased_purges":2,"victory":true,"master_deck":["Defend_G","Defend_G","Defend_G","Defend_G","Defend_G","Strike_G","Strike_G","Strike_G","Survivor","Neutralize","Dagger Throw","Dagger Spray","Malaise+1","Prepared+1","Storm of Steel","Calculated Gamble","Footwork+1","Dodge and Roll","Apotheosis+1","Burst+1","Cloak And Dagger+1","Leg Sweep","Quick Slash","Blade Dance+1","Dodge and Roll","Choke","PiercingWail+1","After Image+1","Escape Plan+1","Caltrops+1","Madness","Madness","Decay","Sucker Punch+1","Escape Plan+1","Blur"],"max_hp_per_floor":[63,63,63,63,63,63,63,63,63,63,63,63,63,63,63,63,63,63,63,63,63,63,63,63,63,70,70,70,70,70,70,70,70,70,70,70,70,70,70,70,70,70,70,70,70,70,70,70,70,70],"relics":["Ring of the Snake","Tingsha","Ninja Scroll","Meat on the Bone","Sozu","Letter Opener","Strawberry","Tough Bandages","Cursed Key","Frozen Egg 2","Torii"],"card_choices":[{"not_picked":["Bane","Dodge and Roll"],"picked":"Dagger Throw"},{"not_picked":["Cloak And Dagger","Catalyst"],"picked":"Dagger Spray"},{"not_picked":["Dagger Throw","Deadly Poison"],"picked":"Malaise"},{"not_picked":["Bouncing Flask","Deflect"],"picked":"Prepared"},{"not_picked":["Dagger Throw","Riddle With Holes"],"picked":"Storm of Steel"},{"not_picked":["Poisoned Stab","Quick Slash"],"picked":"Calculated Gamble"},{"not_picked":["Die Die Die","A Thousand Cuts"],"picked":"Burst"},{"not_picked":["Choke","Prepared"],"picked":"Cloak And Dagger"},{"not_picked":["Calculated Gamble","Sucker Punch"],"picked":"Quick Slash"},{"not_picked":["Underhanded Strike","Prepared"],"picked":"Blade Dance"},{"not_picked":["Malaise","Predator"],"picked":"Dodge and Roll"},{"not_picked":["Concentrate","Sucker Punch"],"picked":"Choke"},{"not_picked":["Infinite Blades","Dagger Throw"],"picked":"PiercingWail"},{"not_picked":["Phantasmal Killer","Grand Finale"],"picked":"After Image"},{"not_picked":["Outmaneuver","Dagger Throw"],"picked":"Escape Plan"},{"not_picked":["Dagger Spray","Masterful Stab"],"picked":"Sucker Punch"},{"not_picked":["Deadly Poison","Bouncing Flask"],"picked":"Escape Plan"}],"player_experience":823675,"potions_floor_usage":[5,11,22],"damage_taken":[{"damage":0,"enemies":"Cultist","floor":1,"turns":4},{"damage":0,"enemies":"Jaw Worm","floor":2,"turns":3},{"damage":0,"enemies":"2 Louse","floor":3,"turns":2},{"damage":0,"enemies":"Exordium Wildlife","floor":4,"turns":3},{"damage":3,"enemies":"Lots of Slimes","floor":5,"turns":4},{"damage":0,"enemies":"3 Louse","floor":7,"turns":2},{"damage":14,"enemies":"Lagavulin","floor":11,"turns":5},{"damage":34,"enemies":"Slime Boss","floor":16,"turns":9},{"damage":0,"enemies":"Chosen","floor":18,"turns":3},{"damage":6,"enemies":"Shell Parasite","floor":21,"turns":2},{"damage":0,"enemies":"Cultist and Chosen","floor":22,"turns":4},{"damage":15,"enemies":"Slaver and Parasite","floor":24,"turns":7},{"damage":4,"enemies":"Gremlin Leader","floor":25,"turns":8},{"damage":0,"enemies":"3 Cultists","floor":27,"turns":4},{"damage":3,"enemies":"Chosen and Byrds","floor":29,"turns":8},{"damage":6,"enemies":"Snake Plant","floor":31,"turns":5},{"damage":22,"enemies":"Champ","floor":33,"turns":17},{"damage":0,"enemies":"3 Shapes","floor":35,"turns":5},{"damage":0,"enemies":"3 Darklings","floor":38,"turns":5},{"damage":0,"enemies":"4 Shapes","floor":41,"turns":5},{"damage":0,"enemies":"Maw","floor":44,"turns":7},{"damage":8,"enemies":"3 Darklings","floor":46,"turns":7},{"damage":8,"enemies":"4 Shapes","floor":47,"turns":4},{"damage":47,"enemies":"Donu and Deca","floor":50,"turns":15}],"event_choices":[{"event_name":"World of Goop","player_choice":"Gather Gold","floor":10,"damage_taken":0},{"event_name":"Bonfire Elementals","player_choice":"BASIC","floor":14,"damage_taken":0},{"event_name":"The Library","player_choice":"Read","floor":19,"damage_taken":0},{"event_name":"Drug Dealer","player_choice":"Ignored","floor":20,"damage_taken":0},{"event_name":"Golden Shrine","player_choice":"Pray","floor":28,"damage_taken":0},{"event_name":"Winding Halls","player_choice":"Embrace Madness","floor":37,"damage_taken":0}],"boss_relics":[{"not_picked":["Snecko Eye","Tiny House"],"picked":"Sozu"},{"not_picked":["White Beast Statue","Velvet Choker"],"picked":"Cursed Key"}],"potions_floor_spawned":[3,7,16,18,27,29,31,33,44],"seed_played":"6772920988988301162","ascension_level":0,"is_trial":false}