{"path_per_floor":["M","M","?","M","?","E","R","?","T","R","M","$","M","E","R","B",null,"M","M","M","$","?","E","?","R","T","M","R","M","R","?","R","B",null,"M","?","$","M","?","R","?","R","T","R","$","M","R","M","R","B"],"character_chosen":"THE_SILENT","items_purchased":["Dagger Spray","Thread and Needle","Mummified Hand","Deflect","Infinite Blades","Regen Potion"],"gold_per_floor":[117,128,128,143,143,169,169,169,169,169,193,68,87,127,127,257,257,282,303,327,35,35,78,78,78,104,129,129,143,143,143,143,271,271,296,296,36,61,0,0,333,333,333,333,79,91,91,109,109,109],"floor_reached":51,"campfire_rested":0,"playtime":3188,"current_hp_per_floor":[70,70,63,62,62,62,68,51,65,71,68,68,68,76,82,77,94,92,90,74,74,74,58,58,68,68,53,63,53,63,63,73,35,94,84,72,72,64,64,76,76,88,88,94,94,71,83,76,88,34],"items_purged":["Strike_G","Well Laid Plans"],"gold":109,"score":548,"play_id":"74eec2e7-740b-4a73-82ee-e3cfb39d0f2f","is_prod":false,"is_daily":false,"is_ascension_mode":false,"campfire_upgraded":12,"path_taken":["M","M","?","M","?","E","R","?","T","R","M","$","M","E","R","BOSS","M","M","M","$","?","E","?","R","T","?","R","M","R","?","R","BOSS","M","?","$","M","?","R","?","R","T","R","?","M","R","M","R","BOSS"],"build_version":"2018-02-22-PROD2","purchased_purges":4,"victory":true,"master_deck":["Defend_G","Defend_G","Defend_G","Defend_G","Strike_G","Strike_G","Strike_G","Strike_G","Survivor","Neutralize+1","Leg Sweep+1","Backstab","Bouncing Flask+1","Accuracy+1","Dagger Spray+1","Infinite Blades+1","Glass Knife+1","Glass Knife+1","Blade Dance+1","Prepared","Outmaneuver","Accuracy+1","Backflip+1","Deflect+1","Storm of Steel+1","Calculated Gamble+1","Backflip+1","After Image+1","Madness","Madness","Escape Plan","Deflect+1","Infinite Blades","Dash+1"],"max_hp_per_floor":[70,70,70,70,70,70,70,70,84,84,84,84,84,94,94,94,94,94,94,94,94,94,94,94,94,94,94,94,94,94,94,94,94,94,94,94,94,94,94,94,94,94,94,94,94,94,94,94,94,94],"relics":["Eternal Feather","Ninja Scroll","Mango","Pear","Orrery","Thread and Needle","Pantograph","Bronze Scales","White Beast Statue","Mummified Hand","Red Mask","Anchor"],"card_choices":[{"not_picked":["Slice","Well Laid Plans"],"picked":"Leg Sweep"},{"not_picked":["Bane","Slice"],"picked":"Backstab"},{"not_picked":["Quick Slash","Reflex"],"picked":"Bouncing Flask"},{"not_picked":["Caltrops","Bane"],"picked":"Well Laid Plans"},{"not_picked":["Quick Slash","All Out Attack"],"picked":"Accuracy"},{"not_picked":["Cloak And Dagger","Heel Hook"],"picked":"Infinite Blades"},{"not_picked":["Expertise","Bouncing Flask"],"picked":"Glass Knife"},{"not_picked":["Bullet Time","Grand Finale"],"picked":"Glass Knife"},{"not_picked":["Unload","Deflect"],"picked":"Blade Dance"},{"not_picked":["Endless Agony","Bane"],"picked":"Prepared"},{"not_picked":["Sucker Punch","Prepared"],"picked":"Outmaneuver"},{"not_picked":["Deadly Poison","Prepared"],"picked":"Accuracy"},{"not_picked":["PiercingWail","Heel Hook"],"picked":"Backflip"},{"not_picked":["Slice","Prepared"],"picked":"Deflect"},{"not_picked":["Calculated Gamble","Caltrops"],"picked":"Storm of Steel"},{"not_picked":["Underhanded Strike","Bane"],"picked":"Calculated Gamble"},{"not_picked":["Concentrate","Deflect"],"picked":"Backflip"},{"not_picked":["Night Terror","Wraith Form"],"picked":"After Image"},{"not_picked":["Flying Knee","Choke"],"picked":"Escape Plan"},{"not_picked":["Skewer","Underhanded Strike"],"picked":"Dash"}],"player_experience":783600,"potions_floor_usage":[46,48,50,50,50],"damage_taken":[{"damage":0.0,"enemies":"2 Louse","floor":1.0,"turns":2.0},{"damage":0.0,"enemies":"Small Slimes","floor":2.0,"turns":4.0},{"damage":1.0,"enemies":"Cultist","floor":4.0,"turns":4.0},{"damage":15.0,"enemies":"3 Sentries","floor":6.0,"turns":8.0},{"damage":3.0,"enemies":"3 Louse","floor":11.0,"turns":2.0},{"damage":0.0,"enemies":"2 Fungi Beasts","floor":13.0,"turns":1.0},{"damage":2.0,"enemies":"Gremlin Nob","floor":14.0,"turns":4.0},{"damage":5.0,"enemies":"Slime Boss","floor":16.0,"turns":8.0},{"damage":2.0,"enemies":"Chosen","floor":18.0,"turns":3.0},{"damage":2.0,"enemies":"3 Byrds","floor":19.0,"turns":4.0},{"damage":16.0,"enemies":"Snake Plant","floor":20.0,"turns":6.0},{"damage":16.0,"enemies":"Gremlin Leader","floor":23.0,"turns":6.0},{"damage":15.0,"enemies":"Centurion and Healer","floor":27.0,"turns":5.0},{"damage":10.0,"enemies":"Snecko","floor":29.0,"turns":4.0},{"damage":59,"enemies":"Collector","floor":33,"turns":10},{"damage":10,"enemies":"3 Darklings","floor":35,"turns":6},{"damage":8,"enemies":"Orb Walker","floor":38,"turns":4},{"damage":23,"enemies":"4 Shapes","floor":46,"turns":8},{"damage":7,"enemies":"3 Darklings","floor":48,"turns":4},{"damage":69,"enemies":"Awakened One","floor":50,"turns":21}],"event_choices":[{"event_name":"Golden Wing","player_choice":"Card Removal","floor":3.0,"damage_taken":0.0},{"event_name":"Upgrade Shrine","player_choice":"Upgraded","floor":5.0,"damage_taken":0.0},{"event_name":"Golden Idol","player_choice":"Take Damage","floor":8.0,"damage_taken":0.0},{"event_name":"Addict","player_choice":"Ignored","floor":22.0,"damage_taken":0.0},{"event_name":"Drug Dealer","player_choice":"Ignored","floor":24.0,"damage_taken":0.0},{"event_name":"Cursed Tome","player_choice":"Ignored","floor":31.0,"damage_taken":0.0},{"event_name":"Winding Halls","player_choice":"Embrace Madness","floor":36,"damage_taken":0},{"event_name":"Tomb of Lord Red Mask","player_choice":"Paid","floor":39,"damage_taken":0},{"event_name":"The Moai Head","player_choice":"Gave Idol","floor":41,"damage_taken":0}],"boss_relics":[{"not_picked":["Question Card","Black Star"],"picked":"White Beast Statue"}],"potions_floor_spawned":[4,6,16,20,27,35,38,46,48],"seed_played":"1997950380639573106","ascension_level":0,"is_trial":false}