{"path_per_floor":["M","M","$","?","?","E","R","M","T","?","E","R","$","M","R","B",null,"M","M","?","?","$","E","R","M","T","R","M","R","M","?","R","B",null,"M","$","M","M","?","R","M","R","T","R","$","M","R","M","R","B"],"character_chosen":"THE_SILENT","items_purchased":["Die Die Die","Paper Crane","Vajra","Energy Potion"],"gold_per_floor":[119,131,62,62,62,91,91,104,104,104,136,136,61,78,78,175,175,185,200,300,300,44,77,77,87,110,110,128,128,147,147,147,243,243,261,5,16,30,30,30,47,47,70,70,18,35,35,51,51,51],"floor_reached":51,"campfire_rested":4,"playtime":3837,"current_hp_per_floor":[67,67,67,67,67,57,57,57,57,57,55,55,55,54,54,42,74,71,58,58,58,58,19,41,42,42,65,78,78,77,77,77,61,80,71,71,58,39,39,49,9,44,44,54,54,46,56,56,84,81],"items_purged":["Strike_G","Defend_G"],"gold":51,"score":475,"play_id":"c6ec0a58-66ff-47de-8a5c-1ff1e55b45c2","is_prod":false,"is_daily":false,"is_ascension_mode":false,"campfire_upgraded":8,"path_taken":["M","M","?","?","?","E","R","M","T","?","E","R","$","M","R","BOSS","M","M","?","?","$","E","R","?","T","R","M","R","M","?","R","BOSS","M","$","M","M","?","R","M","R","T","R","$","M","R","M","R","BOSS"],"build_version":"2018-02-15-PROD1","purchased_purges":2,"victory":true,"master_deck":["Defend_G+1","Defend_G+1","Strike_G+1","Strike_G+1","Survivor","Neutralize","Well Laid Plans","Footwork+1","Dagger Spray+1","Die Die Die+1","Predator+1","Terror+1","Die Die Die+1","Prepared","Backflip","Burst+1","Malaise+1","Footwork","Calculated Gamble","Flying Knee","Cloak And Dagger","PiercingWail+1","Backflip","Crippling Poison+1","Dagger Spray+1","Neutralize+1","Sucker Punch","Deflect+1","Heel Hook+1"],"max_hp_per_floor":[70,70,70,70,70,70,70,70,70,70,70,70,70,70,70,70,74,74,74,74,74,74,76,76,78,78,78,78,78,78,78,78,80,80,80,80,82,82,82,82,84,84,84,84,84,84,84,84,84,84],"relics":["Ring of the Snake","Singing Bowl","Ice Cream","Torii","Orrery","Paper Crane","Art of War","Orichalcum","Eternal Feather","Vajra","Whetstone"],"card_choices":[{"not_picked":["Deflect","Dagger Throw"],"picked":"Footwork"},{"not_picked":["Quick Slash","Prepared"],"picked":"Dagger Spray"},{"not_picked":["Deflect","PiercingWail"],"picked":"Predator"},{"not_picked":["Noxious Fumes","Outmaneuver"],"picked":"Terror"},{"not_picked":["Bouncing Flask","Bane"],"picked":"Prepared"},{"not_picked":["Deadly Poison","Caltrops"],"picked":"Backflip"},{"not_picked":["Storm of Steel","Unload"],"picked":"Burst"},{"not_picked":["Underhanded Strike","Slice"],"picked":"Malaise"},{"not_picked":["Deflect","Deadly Poison"],"picked":"Footwork"},{"not_picked":["Eviscerate","Sucker Punch"],"picked":"Calculated Gamble"},{"not_picked":["Quick Slash","Flechettes"],"picked":"Flying Knee"},{"not_picked":["Acrobatics","Outmaneuver"],"picked":"Cloak And Dagger"},{"not_picked":["Dodge and Roll","Bouncing Flask"],"picked":"PiercingWail"},{"not_picked":["Bane","Heel Hook"],"picked":"Backflip"},{"not_picked":["Dagger Spray","Acrobatics"],"picked":"Crippling Poison"},{"not_picked":["Dagger Throw","Prepared"],"picked":"Dagger Spray"},{"not_picked":["Burst","Catalyst"],"picked":"Deflect"},{"not_picked":["Reflex","Underhanded Strike"],"picked":"Heel Hook"}],"player_experience":755188,"potions_floor_usage":[41,48,50,50],"damage_taken":[{"damage":3.0,"enemies":"Cultist","floor":1.0,"turns":5.0},{"damage":0.0,"enemies":"Jaw Worm","floor":2.0,"turns":5.0},{"damage":10.0,"enemies":"3 Sentries","floor":6.0,"turns":5.0},{"damage":0.0,"enemies":"2 Louse","floor":8.0,"turns":2.0},{"damage":2.0,"enemies":"Gremlin Nob","floor":11.0,"turns":3.0},{"damage":1.0,"enemies":"Gremlin Gang","floor":14.0,"turns":2.0},{"damage":12.0,"enemies":"Hexaghost","floor":16.0,"turns":10.0},{"damage":3.0,"enemies":"Chosen","floor":18.0,"turns":5.0},{"damage":13.0,"enemies":"3 Byrds","floor":19.0,"turns":4.0},{"damage":41.0,"enemies":"Slavers","floor":23.0,"turns":6.0},{"damage":1.0,"enemies":"Snake Plant","floor":25.0,"turns":6.0},{"damage":1.0,"enemies":"Centurion and Healer","floor":28.0,"turns":6.0},{"damage":1.0,"enemies":"Snecko","floor":30.0,"turns":6.0},{"damage":18.0,"enemies":"Champ","floor":33.0,"turns":19.0},{"damage":9,"enemies":"3 Darklings","floor":35,"turns":7},{"damage":15,"enemies":"3 Shapes","floor":37,"turns":3},{"damage":19,"enemies":"3 Darklings","floor":38,"turns":5},{"damage":42,"enemies":"4 Shapes","floor":41,"turns":3},{"damage":8,"enemies":"Maw","floor":46,"turns":9},{"damage":0,"enemies":"3 Darklings","floor":48,"turns":4},{"damage":3,"enemies":"Time Eater","floor":50,"turns":16}],"event_choices":[{"event_name":"The Lab","player_choice":"Got Potions","floor":4.0,"damage_taken":0.0},{"event_name":"Bonfire Elementals","player_choice":"BASIC","floor":5.0,"damage_taken":0.0},{"event_name":"Transmorgrifier","player_choice":"Transform","floor":10.0,"damage_taken":0.0},{"event_name":"Golden Shrine","player_choice":"Pray","floor":20.0,"damage_taken":0.0},{"event_name":"Purifier","player_choice":"One Purge","floor":21.0,"damage_taken":0.0},{"event_name":"Back to Basics","player_choice":"Simplicity","floor":31.0,"damage_taken":0.0},{"event_name":"Match and Keep!","player_choice":"2 cards matched","floor":39,"damage_taken":0}],"boss_relics":[{"not_picked":["Lizard Tail","Velvet Choker"],"picked":"Eternal Feather"}],"potions_floor_spawned":[6,16,19,25,28,38,41,48],"seed_played":"2115354539920826622","ascension_level":0,"is_trial":false}