{"path_per_floor":["M","$","M","?","M","R","T","M","T","E","M","R","$","M","R","B",null,"M","$","?","M","?","R","?","M","T","R","M","M","?","E","R","B",null,"M","$","M","M","?","R","$","R","T","R","M","R","?","M","R","B"],"character_chosen":"THE_SILENT","items_purchased":["Oddly Smooth Stone","Noxious Fumes","Blind","Happy Flower","Terror"],"gold_per_floor":[212,69,79,29,48,48,48,66,93,124,134,134,54,73,73,174,174,189,16,16,34,34,34,34,50,50,50,67,84,84,111,111,210,210,229,82,99,111,211,211,77,77,77,77,92,92,92,105,105,105],"floor_reached":51,"campfire_rested":1,"playtime":3242,"current_hp_per_floor":[68,68,68,68,68,68,68,68,68,65,66,66,66,67,67,58,70,69,69,69,69,69,69,69,68,68,68,69,70,61,49,70,34,70,70,70,70,64,64,64,64,64,64,64,65,65,65,67,67,24],"items_purged":["Strike_G","Bite"],"gold":105,"score":492,"play_id":"75d30c6a-3610-4df5-b8f2-0b800f8a9f6f","local_time":"20180303235311","is_prod":false,"is_daily":false,"is_ascension_mode":false,"campfire_upgraded":7,"timestamp":1520117591,"path_taken":["M","$","?","?","M","R","?","M","T","E","?","R","$","M","R","BOSS","M","$","?","M","?","R","?","M","T","R","M","M","?","E","R","BOSS","M","$","M","M","?","R","$","R","T","R","M","R","?","M","R","BOSS"],"build_version":"2018-03-01-PROD1","purchased_purges":2,"victory":true,"master_deck":["Defend_G","Defend_G","Defend_G","Survivor","Neutralize+1","Bouncing Flask+1","Dash","Footwork+1","PiercingWail","Deflect","All Out Attack","Noxious Fumes+1","Quick Slash","A Thousand Cuts+1","Backflip+1","Blind+1","Backstab+1","Dagger Spray","Bite","Bite","Bite","Backflip+1","Flying Knee+1","Phantasmal Killer+1","Prepared","Dodge and Roll+1","Terror","Leg Sweep+1","Adrenaline"],"max_hp_per_floor":[70,70,70,70,70,70,70,70,70,70,70,70,70,70,70,70,70,70,70,70,70,70,70,70,70,70,70,70,70,70,70,70,70,70,70,70,70,70,70,70,70,70,70,70,70,70,70,70,70,70],"relics":["Ring of the Snake","Oddly Smooth Stone","Peace Pipe","Torii","White Beast Statue","Thread and Needle","Lantern","Question Card","Happy Flower","Snake Skull"],"card_choices":[{"not_picked":["PiercingWail","Well Laid Plans"],"picked":"Bouncing Flask"},{"not_picked":["Outmaneuver","Backflip"],"picked":"Dash"},{"not_picked":["Deadly Poison","Infinite Blades"],"picked":"Footwork"},{"not_picked":["Reflex","Prepared"],"picked":"PiercingWail"},{"not_picked":["Dash","Acrobatics"],"picked":"Deflect"},{"not_picked":["Sucker Punch","Cloak And Dagger"],"picked":"All Out Attack"},{"not_picked":["Setup","Underhanded Strike"],"picked":"Quick Slash"},{"not_picked":["Bullet Time","Wraith Form"],"picked":"A Thousand Cuts"},{"not_picked":["Distraction","Flying Knee"],"picked":"Backflip"},{"not_picked":["PiercingWail","Bouncing Flask"],"picked":"Backstab"},{"not_picked":["Masterful Stab","Underhanded Strike"],"picked":"Backflip"},{"not_picked":["Sucker Punch","Deadly Poison"],"picked":"Flying Knee"},{"not_picked":["Flying Knee","Deflect"],"picked":"Well Laid Plans"},{"not_picked":["Envenom","Corpse Explosion"],"picked":"Phantasmal Killer"},{"not_picked":["Crippling Poison","Dagger Spray","Eviscerate"],"picked":"Prepared"},{"not_picked":["Dagger Throw","Footwork","Flying Knee"],"picked":"Dodge and Roll"},{"not_picked":["Underhanded Strike","Crippling Poison","All Out Attack"],"picked":"Leg Sweep"},{"not_picked":["Prepared","Caltrops","Accuracy"],"picked":"Adrenaline"}],"player_experience":844587,"potions_floor_usage":[10,16,16,25,28,31,31,33,33,35,37,45,50,50,50],"damage_taken":[{"damage":2,"enemies":"Cultist","floor":1,"turns":6},{"damage":0,"enemies":"Jaw Worm","floor":3,"turns":5},{"damage":0,"enemies":"2 Louse","floor":5,"turns":3},{"damage":0,"enemies":"Large Slime","floor":8,"turns":7},{"damage":5,"enemies":"Lagavulin","floor":10,"turns":7},{"damage":1,"enemies":"Exordium Wildlife","floor":11,"turns":5},{"damage":1,"enemies":"Lots of Slimes","floor":14,"turns":3},{"damage":26,"enemies":"Hexaghost","floor":16,"turns":10},{"damage":1,"enemies":"Spheric Guardian","floor":18,"turns":4},{"damage":1,"enemies":"Shell Parasite","floor":21,"turns":5},{"damage":2,"enemies":"Snake Plant","floor":25,"turns":4},{"damage":7,"enemies":"Cultist and Chosen","floor":28,"turns":8},{"damage":1,"enemies":"Snecko","floor":29,"turns":6},{"damage":33,"enemies":"Slavers","floor":31,"turns":7},{"damage":50,"enemies":"Automaton","floor":33,"turns":13},{"damage":0,"enemies":"3 Shapes","floor":35,"turns":5},{"damage":0,"enemies":"Orb Walker","floor":37,"turns":3},{"damage":6,"enemies":"4 Shapes","floor":38,"turns":4},{"damage":1,"enemies":"Sphere and 2 Shapes","floor":45,"turns":5},{"damage":0,"enemies":"Maw","floor":48,"turns":9},{"damage":59,"enemies":"Awakened One","floor":50,"turns":23}],"event_choices":[{"event_name":"The Cleric","player_choice":"Card Removal","floor":4,"damage_taken":0},{"event_name":"Addict","player_choice":"Ignored","floor":20,"damage_taken":0},{"event_name":"The Library","player_choice":"Read","floor":22,"damage_taken":0},{"event_name":"Vampires","player_choice":"Became a vampire (Vial)","floor":24,"damage_taken":0},{"event_name":"Cursed Tome","player_choice":"Stopped","floor":30,"damage_taken":0},{"event_name":"Golden Shrine","player_choice":"Pray","floor":39,"damage_taken":0}],"boss_relics":[{"not_picked":["Lizard Tail","Tiny House"],"picked":"White Beast Statue"},{"not_picked":["Orrery","Runic Dome"],"picked":"Question Card"}],"potions_floor_spawned":[3,5,10,14,18,21,25,28,29,31,33,35,37,38,45,48],"seed_played":"3573282404331978333","ascension_level":0,"is_trial":false}