{"path_per_floor":["M","$","?","?","M","E","?","M","T","R","M","R","M","M","R","B",null,"M","?","$","?","M","R","$","R","T","$","M","R","M","?","R","B",null,"M","M","M","M"],"character_chosen":"THE_SILENT","items_purchased":["Quick Slash","Molten Egg 2","Snake Skull"],"gold_per_floor":[114,63,63,63,82,107,107,126,126,126,145,145,161,177,177,279,279,293,293,39,139,159,159,4,4,4,4,22,22,32,32,32,136,136,147,164,178,193],"floor_reached":39,"campfire_rested":0,"playtime":1980,"current_hp_per_floor":[70,70,56,56,56,52,52,49,49,49,49,49,49,49,49,39,70,68,68,68,68,61,61,61,61,61,61,57,57,57,57,57,33,70,52,29,25,18],"items_purged":[],"gold":193,"score":333,"play_id":"8acb3d33-da1b-48a9-b887-67a1da01f347","local_time":"20180304231021","is_prod":false,"is_daily":false,"is_ascension_mode":false,"campfire_upgraded":5,"timestamp":1520201421,"path_taken":["M","$","?","?","M","E","?","M","T","R","M","R","M","M","R","BOSS","M","?","?","?","M","R","$","R","T","?","M","R","?","?","R","BOSS","M","M","M","M","M"],"build_version":"2018-03-01-PROD1","purchased_purges":1,"victory":false,"master_deck":["Survivor","Neutralize+1","Escape Plan","Deflect","Dodge and Roll+1","Dagger Spray+1","Acrobatics+1","Calculated Gamble","Backflip+1","Outmaneuver","Slice","PiercingWail","Flechettes","Quick Slash","Dagger Throw","Quick Slash","Underhanded Strike","Noxious Fumes+1","Slice","Envenom+1","Footwork+1","A Thousand Cuts+1","Dodge and Roll+1","Deflect","Backstab+1"],"max_hp_per_floor":[70,70,70,70,70,70,70,70,70,70,70,70,70,70,70,70,70,70,70,70,70,70,70,70,70,70,70,70,70,70,70,70,70,70,70,70,70,70],"relics":["Pandora\u0027s Box","Toolbox","Shovel","Bottled Tornado","Sozu","Molten Egg 2","Shuriken","Snake Skull","Prayer Wheel","The Specimen"],"card_choices":[{"not_picked":["Catalyst","Outmaneuver"],"picked":"Flechettes"},{"not_picked":["Setup","Outmaneuver"],"picked":"Dagger Throw"},{"not_picked":["Bouncing Flask","Prepared"],"picked":"Quick Slash"},{"not_picked":["Cloak And Dagger","Skewer"],"picked":"Underhanded Strike"},{"not_picked":["Tactician","Acrobatics"],"picked":"Noxious Fumes"},{"not_picked":["Underhanded Strike","Well Laid Plans"],"picked":"Slice"},{"not_picked":["Glass Knife","Tactician"],"picked":"Envenom"},{"not_picked":["Noxious Fumes","Acrobatics"],"picked":"Footwork"},{"not_picked":["Quick Slash","Acrobatics"],"picked":"A Thousand Cuts"},{"not_picked":["Flying Knee","Deadly Poison"],"picked":"Dodge and Roll"},{"not_picked":["Predator","Deadly Poison"],"picked":"Deflect"},{"not_picked":["Expertise","Acrobatics"],"picked":"Backstab"}],"player_experience":851620,"potions_floor_usage":[6,16],"damage_taken":[{"damage":0,"enemies":"2 Louse","floor":1,"turns":3},{"damage":0,"enemies":"Small Slimes","floor":5,"turns":2},{"damage":4,"enemies":"3 Sentries","floor":6,"turns":3},{"damage":3,"enemies":"Jaw Worm","floor":8,"turns":2},{"damage":0,"enemies":"2 Fungi Beasts","floor":11,"turns":2},{"damage":0,"enemies":"Lots of Slimes","floor":13,"turns":2},{"damage":0,"enemies":"Large Slime","floor":14,"turns":4},{"damage":10,"enemies":"Hexaghost","floor":16,"turns":8},{"damage":2,"enemies":"3 Byrds","floor":18,"turns":4},{"damage":7,"enemies":"Chosen","floor":22,"turns":4},{"damage":4,"enemies":"Snecko","floor":28,"turns":4},{"damage":0,"enemies":"3 Cultists","floor":30,"turns":3},{"damage":24,"enemies":"Collector","floor":33,"turns":8},{"damage":18,"enemies":"Orb Walker","floor":35,"turns":4},{"damage":23,"enemies":"3 Darklings","floor":36,"turns":4},{"damage":4,"enemies":"4 Shapes","floor":37,"turns":6},{"damage":7,"enemies":"Sphere and 2 Shapes","floor":38,"turns":5},{"damage":25,"enemies":"3 Darklings","floor":39,"turns":2}],"event_choices":[{"event_name":"Shining Light","player_choice":"Entered Light","floor":3,"damage_taken":0},{"event_name":"Golden Wing","player_choice":"Ignored","floor":4,"damage_taken":0},{"event_name":"Transmorgrifier","player_choice":"Skipped","floor":7,"damage_taken":0},{"event_name":"Vampires","player_choice":"Ignored","floor":19,"damage_taken":0},{"event_name":"Golden Shrine","player_choice":"Pray","floor":21,"damage_taken":0},{"event_name":"Upgrade Shrine","player_choice":"Upgraded","floor":31,"damage_taken":0}],"boss_relics":[{"not_picked":["Astrolabe","Cursed Key"],"picked":"Sozu"},{"not_picked":["Snecko Eye","Question Card"],"picked":"The Specimen"}],"potions_floor_spawned":[5,13,33,37,38],"seed_played":"-5157342197891282155","killed_by":"3 Darklings","ascension_level":0,"is_trial":false}