{"path_per_floor":["M","M","M","?","?","E","R","?","T","M","R","M","?","$","R","B",null,"M","?","?","?","$","M","M","M","T","$","R","E","R","M","R","B",null,"M","?","M","$","?","R","M","R","T","M","M","M","M","?","R","B"],"character_chosen":"THE_SILENT","items_purchased":["Adrenaline","Choke","Noxious Fumes","Finisher"],"gold_per_floor":[119,132,152,152,152,178,178,178,178,192,192,209,209,48,48,148,148,164,164,164,164,128,140,155,170,170,20,20,53,53,73,73,173,173,189,189,204,104,0,0,12,12,37,56,75,88,99,146,146,146],"floor_reached":51,"campfire_rested":2,"playtime":2933,"current_hp_per_floor":[68,68,68,68,61,48,48,48,48,48,48,47,47,47,68,53,70,70,70,57,57,57,57,54,54,68,68,68,68,68,68,89,32,89,89,89,89,89,89,89,83,83,83,85,87,89,76,78,78,45],"items_purged":["Strike_G","Strike_G"],"gold":146,"score":694,"play_id":"f66ebaa7-1b14-42ce-b644-46bf2aefa44f","local_time":"20180317195231","is_prod":false,"is_daily":false,"is_ascension_mode":false,"campfire_upgraded":4,"timestamp":1521312751,"path_taken":["M","M","M","?","?","E","R","?","T","M","R","M","?","$","R","BOSS","M","?","?","?","$","M","M","M","T","$","R","E","R","M","R","BOSS","M","?","M","$","?","R","M","R","T","M","?","?","M","?","R","BOSS"],"build_version":"2018-03-15v2","purchased_purges":3,"victory":true,"master_deck":["Defend_G","Defend_G","Defend_G","Strike_G","Strike_G","Survivor","Neutralize+1","Backflip","Cloak And Dagger+1","Slice","Footwork+1","Slice","Dash","Adrenaline","Choke+1","After Image","PiercingWail","Noxious Fumes+1","Prepared","Calculated Gamble","Terror+1","Finisher","Cloak And Dagger+1","Footwork+1","Dodge and Roll+1","Slice+1"],"max_hp_per_floor":[70,70,70,70,70,70,70,70,70,70,70,70,70,70,70,70,70,70,70,75,75,75,75,75,75,89,89,89,89,89,89,89,89,89,89,89,89,89,89,89,89,89,89,89,89,89,89,89,89,89],"relics":["Ring of the Snake","Omamori","Girya","Cursed Key","Mango","Ginger","White Beast Statue","Red Mask","Blood Vial","Thread and Needle"],"card_choices":[{"not_picked":["Outmaneuver","Masterful Stab"],"picked":"Backflip"},{"not_picked":["Outmaneuver","Sucker Punch"],"picked":"Cloak And Dagger"},{"not_picked":["Backflip","Crippling Poison"],"picked":"Slice"},{"not_picked":["Deadly Poison","Dodge and Roll"],"picked":"Footwork"},{"not_picked":["Outmaneuver","Skewer"],"picked":"Slice"},{"not_picked":["Endless Agony","Reflex"],"picked":"Dash"},{"not_picked":["Doppelganger","Die Die Die"],"picked":"After Image"},{"not_picked":["Flechettes","Quick Slash"],"picked":"PiercingWail"},{"not_picked":["Concentrate","Calculated Gamble"],"picked":"Prepared"},{"not_picked":["Prepared","Bane"],"picked":"Calculated Gamble"},{"not_picked":["PiercingWail","Acrobatics"],"picked":"Terror"},{"not_picked":["Flechettes","Crippling Poison"],"picked":"Cloak And Dagger"},{"not_picked":["Bane","Finisher"],"picked":"Footwork"},{"not_picked":["Bouncing Flask","PiercingWail"],"picked":"Dodge and Roll"},{"not_picked":["Cloak And Dagger","Underhanded Strike"],"picked":"Slice"}],"player_experience":888747,"potions_floor_usage":[50,50,50],"damage_taken":[{"damage":2.0,"enemies":"Small Slimes","floor":1.0,"turns":5.0},{"damage":0.0,"enemies":"Jaw Worm","floor":2.0,"turns":6.0},{"damage":0.0,"enemies":"2 Louse","floor":3.0,"turns":3.0},{"damage":13.0,"enemies":"3 Sentries","floor":6.0,"turns":12.0},{"damage":0.0,"enemies":"2 Fungi Beasts","floor":10.0,"turns":4.0},{"damage":1.0,"enemies":"Exordium Wildlife","floor":12.0,"turns":5.0},{"damage":15.0,"enemies":"Slime Boss","floor":16.0,"turns":9.0},{"damage":0.0,"enemies":"Shell Parasite","floor":18.0,"turns":3.0},{"damage":0.0,"enemies":"Spheric Guardian","floor":23.0,"turns":3.0},{"damage":3.0,"enemies":"Slaver and Parasite","floor":24.0,"turns":8.0},{"damage":0.0,"enemies":"Snake Plant","floor":25.0,"turns":5.0},{"damage":0.0,"enemies":"Slavers","floor":29.0,"turns":6.0},{"damage":0.0,"enemies":"Centurion and Healer","floor":31.0,"turns":6.0},{"damage":57.0,"enemies":"Champ","floor":33.0,"turns":13.0},{"damage":0.0,"enemies":"Orb Walker","floor":35.0,"turns":4.0},{"damage":0.0,"enemies":"3 Shapes","floor":37.0,"turns":5.0},{"damage":6.0,"enemies":"3 Darklings","floor":41.0,"turns":6.0},{"damage":0.0,"enemies":"4 Shapes","floor":44.0,"turns":4.0},{"damage":0.0,"enemies":"Maw","floor":45.0,"turns":6.0},{"damage":0.0,"enemies":"3 Darklings","floor":46.0,"turns":4.0},{"damage":13.0,"enemies":"Sphere and 2 Shapes","floor":47.0,"turns":7.0},{"damage":0,"enemies":"Mysterious Sphere","floor":48,"turns":4},{"damage":65,"enemies":"Time Eater","floor":50,"turns":14}],"event_choices":[{"event_name":"Golden Idol","player_choice":"Ignored","floor":4.0,"damage_taken":0.0},{"event_name":"Golden Wing","player_choice":"Card Removal","floor":5.0,"damage_taken":0.0},{"event_name":"Living Wall","player_choice":"Forget","floor":8.0,"damage_taken":0.0},{"event_name":"Upgrade Shrine","player_choice":"Upgraded","floor":13.0,"damage_taken":0.0},{"event_name":"Cursed Tome","player_choice":"Ignored","floor":19.0,"damage_taken":0.0},{"event_name":"Forgotten Altar","player_choice":"Shed Blood","floor":20.0,"damage_taken":0.0},{"event_name":"Drug Dealer","player_choice":"Ignored","floor":21.0,"damage_taken":0.0},{"event_name":"Tomb of Lord Red Mask","player_choice":"Paid","floor":39.0,"damage_taken":0.0},{"event_name":"Mysterious Sphere","player_choice":"Fight","floor":48,"damage_taken":0}],"boss_relics":[],"potions_floor_spawned":[6,10,16,18,24,25,35,37,41,44,45,46,47,48],"seed_played":"-8629582721029995970","ascension_level":0,"is_trial":false}