{"path_per_floor":["M","M","?","?","?","E","R","M","T","M","$","M","?","M","R"],"character_chosen":"THE_SILENT","items_purchased":[],"gold_per_floor":[115,134,134,209,209,239,239,258,331,348,298,314,314,328,328,328],"floor_reached":16,"campfire_rested":1,"playtime":1252,"current_hp_per_floor":[69,63,68,57,57,50,50,50,50,50,50,32,32,28,50,50],"items_purged":["Strike_G"],"gold":328,"score":102,"play_id":"198bb439-bd4a-41bb-9abc-f2ebfb5e7634","local_time":"20180323191744","is_prod":false,"is_daily":false,"is_ascension_mode":false,"campfire_upgraded":1,"timestamp":1521829064,"path_taken":["M","M","?","?","?","E","R","M","T","M","$","M","?","?","R","BOSS"],"build_version":"2018-03-22","purchased_purges":1,"victory":false,"master_deck":["Defend_G","Defend_G","Defend_G","Defend_G","Strike_G","Strike_G","Strike_G","Strike_G","Survivor","Neutralize","Venomology","Deflect","Terror+1","Prepared","Outmaneuver","Dagger Throw","Bouncing Flask","Footwork"],"max_hp_per_floor":[70,70,75,75,75,75,75,75,75,75,75,75,75,75,75,75],"relics":["Ring of the Snake","Prayer Wheel","Smiling Mask"],"card_choices":[{"not_picked":["Slice","Skewer"],"picked":"Deflect","floor":1},{"not_picked":["Venomology","Backflip"],"picked":"Terror","floor":6},{"not_picked":["Deflect","Poisoned Stab"],"picked":"Prepared","floor":8},{"not_picked":["Catalyst","Deadly Poison"],"picked":"Outmaneuver","floor":9},{"not_picked":["Poisoned Stab","Slice"],"picked":"Dagger Throw","floor":10},{"not_picked":["Terror","Sucker Punch"],"picked":"Bouncing Flask","floor":12},{"not_picked":["Backflip","Dagger Spray"],"picked":"Footwork","floor":14}],"player_experience":910159,"potions_floor_usage":[2,6,6,6,10,10,12],"damage_taken":[{"damage":1,"enemies":"Cultist","floor":1,"turns":5},{"damage":6,"enemies":"Jaw Worm","floor":2,"turns":6},{"damage":7,"enemies":"Gremlin Nob","floor":6,"turns":5},{"damage":0,"enemies":"2 Louse","floor":8,"turns":3},{"damage":0,"enemies":"Large Slime","floor":10,"turns":5},{"damage":18,"enemies":"Exordium Wildlife","floor":12,"turns":6},{"damage":4,"enemies":"Blue Slaver","floor":14,"turns":3},{"damage":0,"enemies":"Hexaghost","floor":16,"turns":1}],"event_choices":[{"event_name":"Big Fish","player_choice":"Donut","floor":3,"damage_taken":0},{"event_name":"World of Goop","player_choice":"Gather Gold","floor":4,"damage_taken":0},{"event_name":"Bonfire Elementals","player_choice":"BASIC","floor":5,"damage_taken":0},{"event_name":"Accursed Blacksmith","player_choice":"Ignore","floor":13,"damage_taken":0}],"boss_relics":[],"potions_floor_spawned":[1,2,10],"seed_played":"-9061872684910934445","killed_by":"Hexaghost","ascension_level":0,"is_trial":false}