{"path_per_floor":["M","$","M","?","$","R","?","R","T","?","M","M","$","E","R","B",null,"M","?","?","$","M","R","M"],"character_chosen":"THE_SILENT","items_purchased":["Noxious Fumes","A Thousand Cuts","Pen Nib","Footwork"],"gold_per_floor":[219,67,78,78,78,78,78,78,78,378,403,421,31,70,70,199,199,214,214,314,109,122,122,141],"floor_reached":25,"campfire_rested":1,"playtime":1419,"current_hp_per_floor":[67,67,65,65,65,65,51,51,51,39,39,39,39,22,43,29,70,65,65,65,65,42,50,43],"items_purged":["Strike_G","Injury","Strike_G"],"gold":141,"score":199,"play_id":"a2c37017-29f8-4a3d-af26-6ef099a6a0b6","local_time":"20180316150009","is_prod":false,"is_daily":false,"is_ascension_mode":false,"campfire_upgraded":3,"timestamp":1521208809,"path_taken":["M","$","M","?","$","R","?","R","T","?","M","?","$","E","R","BOSS","M","?","?","$","?","R","M","E"],"build_version":"2018-03-15","purchased_purges":3,"victory":false,"master_deck":["Defend_G","Defend_G","Defend_G","Defend_G+1","Defend_G","Strike_G","Strike_G","Strike_G","Survivor+1","Neutralize","Dagger Spray+1","Noxious Fumes+1","Backflip","Prepared","Underhanded Strike","A Thousand Cuts+1","Backflip","Venomology","Flying Knee","Footwork","Malaise"],"max_hp_per_floor":[70,70,70,70,70,70,70,70,70,70,70,70,70,70,70,70,70,70,70,70,70,70,70,70],"relics":["Ring of the Snake","Golden Idol","Gambling Chip","Old Coin","Pen Nib","Kunai","Eternal Feather"],"card_choices":[{"not_picked":["Deflect","Cloak And Dagger"],"picked":"Dagger Spray"},{"not_picked":["Dagger Throw","Prepared"],"picked":"Backflip"},{"not_picked":["Dagger Throw","Acrobatics"],"picked":"Prepared"},{"not_picked":["Prepared","Dagger Throw"],"picked":"Underhanded Strike"},{"not_picked":["Tactician","Quick Slash"],"picked":"Backflip"},{"not_picked":["Phantasmal Killer","Burst"],"picked":"Venomology"},{"not_picked":["Prepared","Deflect"],"picked":"Flying Knee"},{"not_picked":["Bouncing Flask","Dodge and Roll"],"picked":"Malaise"}],"player_experience":869838,"potions_floor_usage":[25],"damage_taken":[{"damage":3.0,"enemies":"Jaw Worm","floor":1.0,"turns":4.0},{"damage":2.0,"enemies":"Small Slimes","floor":3.0,"turns":3.0},{"damage":0.0,"enemies":"2 Louse","floor":11.0,"turns":2.0},{"damage":0.0,"enemies":"2 Fungi Beasts","floor":12.0,"turns":3.0},{"damage":17.0,"enemies":"Gremlin Nob","floor":14.0,"turns":4.0},{"damage":14.0,"enemies":"Hexaghost","floor":16.0,"turns":9.0},{"damage":5.0,"enemies":"3 Byrds","floor":18.0,"turns":5.0},{"damage":23.0,"enemies":"Chosen","floor":22.0,"turns":5.0},{"damage":7.0,"enemies":"Centurion and Healer","floor":24.0,"turns":6.0},{"damage":30,"enemies":"Book of Stabbing","floor":25,"turns":9}],"event_choices":[{"event_name":"Golden Idol","player_choice":"Take Wound","floor":4.0,"damage_taken":0.0},{"event_name":"Shining Light","player_choice":"Entered Light","floor":7.0,"damage_taken":0.0},{"event_name":"Scrap Ooze","player_choice":"success","floor":10.0,"damage_taken":12.0},{"event_name":"The Woman in Blue","player_choice":"Bought 0 Potions","floor":19.0,"damage_taken":0.0},{"event_name":"Golden Shrine","player_choice":"Pray","floor":20.0,"damage_taken":0.0}],"boss_relics":[],"potions_floor_spawned":[12,14,22],"seed_played":"-5230052027868407500","killed_by":"Book of Stabbing","ascension_level":0,"is_trial":false}