{"path_per_floor":["M","M","?","?","M","E","R","E","T","M","R","$","R","?","R","B",null,"M","?","?","M","$","R","$","R","T","M","R","M","M","M","R","B",null,"M","?","$","M","?","R","M","R","T","?","M","M","R","?","R","B"],"character_chosen":"THE_SILENT","items_purchased":["Noxious Fumes","Backflip"],"gold_per_floor":[10,30,30,30,44,77,77,110,110,120,120,45,45,71,71,175,175,186,186,111,130,3,3,3,3,3,14,14,25,36,46,46,150,180,196,196,96,106,106,106,125,125,125,125,143,163,163,0,0,0],"floor_reached":51,"campfire_rested":2,"playtime":3375,"current_hp_per_floor":[82,82,82,82,82,43,68,29,29,29,54,54,54,53,53,32,84,84,84,84,84,84,84,84,84,84,76,76,68,68,67,67,46,89,69,69,69,69,69,69,69,69,69,89,88,82,82,82,82,63],"items_purged":["Strike_G","Strike_G"],"gold":0,"score":655,"play_id":"55f4c5c7-18f0-4777-b07e-6a5ae4f392a3","local_time":"20180323201519","is_prod":false,"is_daily":false,"is_ascension_mode":false,"campfire_upgraded":10,"timestamp":1521832519,"path_taken":["M","M","?","?","M","E","R","E","T","M","R","$","R","?","R","BOSS","M","?","?","M","$","R","$","R","T","?","R","M","M","?","R","BOSS","M","?","$","M","?","R","?","R","T","?","M","M","R","?","R","BOSS"],"build_version":"2018-03-22","purchased_purges":2,"victory":true,"master_deck":["Defend_G","Defend_G","Defend_G+1","Strike_G","Strike_G","Survivor","Neutralize","Blade Dance+1","Malaise+1","Finisher","Dagger Spray+1","Dagger Throw","Terror","Envenom+1","Accuracy+1","Noxious Fumes+1","Backflip+1","Bane+1","PiercingWail+1","Malaise+1","Leg Sweep+1","After Image+1","Backflip+1","Backstab+1","Writhe"],"max_hp_per_floor":[84,84,84,84,84,84,84,84,84,84,84,84,84,84,84,84,84,84,84,84,84,84,84,84,84,84,84,84,84,84,84,84,84,89,89,89,89,89,89,89,89,89,89,89,89,89,89,89,89,89],"relics":["Ring of the Snake","Tough Bandages","Torii","Ninja Scroll","Odd Mushroom","Sozu","Ice Cream","Tiny House","Ancient Tea Set","Red Mask"],"card_choices":[{"not_picked":["Eviscerate","Heel Hook"],"picked":"Blade Dance","floor":2.0},{"not_picked":["Dodge and Roll","Sucker Punch"],"picked":"Malaise","floor":5.0},{"not_picked":["PiercingWail","Predator"],"picked":"Finisher","floor":6.0},{"not_picked":["Poisoned Stab","Bane"],"picked":"Dagger Spray","floor":8.0},{"not_picked":["Deadly Poison","Deflect"],"picked":"Dagger Throw","floor":10.0},{"not_picked":["Dash","Poisoned Stab"],"picked":"Terror","floor":14.0},{"not_picked":["Die Die Die","Corpse Explosion"],"picked":"Envenom","floor":16.0},{"not_picked":["Reflex","Poisoned Stab"],"picked":"Accuracy","floor":18.0},{"not_picked":["Acrobatics","Distraction"],"picked":"Bane","floor":27.0},{"not_picked":["Dodge and Roll","Terror"],"picked":"PiercingWail","floor":29.0},{"not_picked":["Finisher","Riddle With Holes"],"picked":"Malaise","floor":30.0},{"not_picked":["Sucker Punch","Acrobatics"],"picked":"Leg Sweep","floor":31.0},{"not_picked":["A Thousand Cuts","Glass Knife"],"picked":"After Image","floor":33.0},{"not_picked":["Acrobatics","Sucker Punch"],"picked":"Backflip","floor":34.0},{"not_picked":["Flechettes","Predator"],"picked":"Backstab","floor":35.0}],"player_experience":911411,"potions_floor_usage":[],"damage_taken":[{"damage":2.0,"enemies":"Jaw Worm","floor":1.0,"turns":6.0},{"damage":0.0,"enemies":"2 Louse","floor":2.0,"turns":3.0},{"damage":0.0,"enemies":"Cultist","floor":5.0,"turns":3.0},{"damage":39.0,"enemies":"Gremlin Nob","floor":6.0,"turns":7.0},{"damage":39.0,"enemies":"Lagavulin","floor":8.0,"turns":7.0},{"damage":0.0,"enemies":"Large Slime","floor":10.0,"turns":3.0},{"damage":1.0,"enemies":"The Mushroom Lair","floor":14.0,"turns":3.0},{"damage":21.0,"enemies":"Slime Boss","floor":16.0,"turns":12.0},{"damage":0.0,"enemies":"3 Byrds","floor":18.0,"turns":4.0},{"damage":0.0,"enemies":"Chosen","floor":21.0,"turns":5.0},{"damage":8.0,"enemies":"Snake Plant","floor":27.0,"turns":5.0},{"damage":8.0,"enemies":"Cultist and Chosen","floor":29.0,"turns":5.0},{"damage":0.0,"enemies":"Snecko","floor":30.0,"turns":4.0},{"damage":1.0,"enemies":"Snake Plant","floor":31.0,"turns":5.0},{"damage":21.0,"enemies":"Automaton","floor":33.0,"turns":9.0},{"damage":20.0,"enemies":"3 Darklings","floor":35.0,"turns":5.0},{"damage":0.0,"enemies":"3 Shapes","floor":38.0,"turns":4.0},{"damage":0,"enemies":"Maw","floor":41,"turns":7},{"damage":1,"enemies":"Sphere and 2 Shapes","floor":45,"turns":8},{"damage":6,"enemies":"4 Shapes","floor":46,"turns":5},{"damage":19,"enemies":"Time Eater","floor":50,"turns":15}],"event_choices":[{"event_name":"Living Wall","player_choice":"Forget","floor":3.0,"damage_taken":0.0},{"event_name":"The Cleric","player_choice":"Leave","floor":4.0,"damage_taken":0.0},{"event_name":"Mushrooms","player_choice":"Fought Mushrooms","floor":14.0,"damage_taken":0.0},{"event_name":"The Lab","player_choice":"Got Potions","floor":19.0,"damage_taken":0.0},{"event_name":"Beggar","player_choice":"Gave Gold","floor":20.0,"damage_taken":0.0},{"event_name":"Mysterious Sphere","player_choice":"Ignore","floor":36.0,"damage_taken":0.0},{"event_name":"Winding Halls","player_choice":"Writhe","floor":44,"damage_taken":0},{"event_name":"Tomb of Lord Red Mask","player_choice":"Paid","floor":48,"damage_taken":0}],"boss_relics":[],"potions_floor_spawned":[5,6,16,18,30,31,33,38,41,46],"seed_played":"-2971273384589176703","ascension_level":0,"is_trial":false}