{"path_per_floor":["M","?","?","?","M","E","R","M","T","E","?","$","T","M","R","B",null,"M","$","M","?","M","R","?","M","T","R","M","E","?","M","R"],"character_chosen":"THE_SILENT","items_purchased":["Dagger Throw","Tough Bandages","Deflect"],"gold_per_floor":[115,115,65,65,85,128,128,142,192,230,230,131,158,171,171,297,297,318,53,66,66,77,77,77,96,96,96,113,143,143,159,159],"floor_reached":33,"campfire_rested":3,"playtime":2017,"current_hp_per_floor":[70,70,70,65,65,24,43,43,43,32,19,19,19,19,38,25,65,65,65,65,65,65,65,65,65,65,65,65,43,43,48,65],"items_purged":["Defend_G"],"gold":159,"score":275,"play_id":"2f833168-0e05-4d27-8f61-f95e5fbde1d1","local_time":"20180316143017","is_prod":false,"is_daily":false,"is_ascension_mode":false,"campfire_upgraded":2,"timestamp":1521207017,"path_taken":["M","?","?","?","M","E","R","?","T","E","?","$","?","?","R","BOSS","M","$","M","?","M","R","?","M","T","R","?","E","?","M","R","BOSS"],"build_version":"2018-03-15","purchased_purges":3,"victory":false,"master_deck":["Defend_G","Defend_G+1","Defend_G+1","Defend_G","Strike_G","Strike_G","Survivor+1","Neutralize","Sucker Punch+1","Masterful Stab","Dagger Spray+1","Adrenaline","Leg Sweep","Dagger Throw","Dash+1","Unload","Footwork+1","Deflect","All Out Attack","PiercingWail","Blur+1","Slice+1","Leg Sweep+1","Neutralize"],"max_hp_per_floor":[70,70,70,65,65,65,65,65,65,65,65,65,65,65,65,65,65,65,65,65,65,65,65,65,65,65,65,65,65,65,65,65],"relics":["Ring of the Snake","Bag of Marbles","Bloody Idol","Centennial Puzzle","War Paint","Happy Flower","Dream Catcher","Question Card","Tough Bandages","Calipers","Peace Pipe"],"card_choices":[{"not_picked":["Backflip","Underhanded Strike"],"picked":"Sucker Punch"},{"not_picked":["Quick Slash","Dagger Throw"],"picked":"Dagger Spray"},{"not_picked":["Predator","Outmaneuver"],"picked":"Adrenaline"},{"not_picked":["Flying Knee","Cloak And Dagger"],"picked":"Leg Sweep"},{"not_picked":["Skewer","Outmaneuver"],"picked":"Dash"},{"not_picked":["Doppelganger","Wraith Form"],"picked":"Unload"},{"not_picked":["Noxious Fumes","Expertise","Malaise"],"picked":"Footwork"},{"not_picked":["Outmaneuver","Dagger Throw","Backflip"],"picked":"All Out Attack"},{"not_picked":["Masterful Stab","Expertise","Dagger Spray"],"picked":"PiercingWail"},{"not_picked":["Dodge and Roll","Endless Agony","Deadly Poison"],"picked":"Blur"},{"not_picked":["Poisoned Stab","Acrobatics","Bouncing Flask"],"picked":"Slice"},{"not_picked":["Finisher","Acrobatics","Deflect"],"picked":"Leg Sweep"}],"player_experience":867821,"potions_floor_usage":[33],"damage_taken":[{"damage":0.0,"enemies":"Jaw Worm","floor":1.0,"turns":4.0},{"damage":0.0,"enemies":"2 Louse","floor":5.0,"turns":2.0},{"damage":41.0,"enemies":"Lagavulin","floor":6.0,"turns":11.0},{"damage":0.0,"enemies":"Small Slimes","floor":8.0,"turns":3.0},{"damage":11.0,"enemies":"Gremlin Nob","floor":10.0,"turns":4.0},{"damage":0.0,"enemies":"Gremlin Gang","floor":14.0,"turns":2.0},{"damage":13.0,"enemies":"Slime Boss","floor":16.0,"turns":11.0},{"damage":0.0,"enemies":"Spheric Guardian","floor":18.0,"turns":3.0},{"damage":0.0,"enemies":"Shell Parasite","floor":20.0,"turns":6.0},{"damage":0.0,"enemies":"Cultist and Chosen","floor":22.0,"turns":7.0},{"damage":0.0,"enemies":"Snecko","floor":25.0,"turns":5.0},{"damage":3.0,"enemies":"Centurion and Healer","floor":28.0,"turns":8.0},{"damage":27.0,"enemies":"Gremlin Leader","floor":29.0,"turns":8.0},{"damage":0.0,"enemies":"Cultist and Chosen","floor":31.0,"turns":4.0},{"damage":52,"enemies":"Collector","floor":33,"turns":26}],"event_choices":[{"event_name":"Living Wall","player_choice":"Change","floor":2.0,"damage_taken":0.0},{"event_name":"The Cleric","player_choice":"Card Removal","floor":3.0,"damage_taken":0.0},{"event_name":"Golden Idol","player_choice":"Lose Max HP","floor":4.0,"damage_taken":0.0},{"event_name":"Shining Light","player_choice":"Entered Light","floor":11.0,"damage_taken":0.0},{"event_name":"Forgotten Altar","player_choice":"Gave Idol","floor":21.0,"damage_taken":0.0},{"event_name":"Back to Basics","player_choice":"Elegance","floor":24.0,"damage_taken":0.0},{"event_name":"Match and Keep!","player_choice":"1 cards matched","floor":30.0,"damage_taken":0.0}],"boss_relics":[],"potions_floor_spawned":[5,6,14,16,22,29],"seed_played":"-7312845860799002103","killed_by":"Collector","ascension_level":0,"is_trial":false}