{"path_per_floor":["M","M","$","M","M","R","M","E","T","R","$","R","M","?","R","B",null,"M","?","M","?","M","M","R","M","T","R","?","M","E","$","R","B",null,"M","$","M","T","M","R","E","R","T","M","R","$","R","M","R","B"],"character_chosen":"THE_SILENT","items_purchased":["Caltrops","Dagger Spray","Block Potion","Ancient Tea Set","Catalyst"],"gold_per_floor":[17,36,36,48,65,65,78,106,129,129,53,53,65,65,65,167,197,164,164,175,100,117,130,130,142,142,142,142,153,185,91,91,186,186,205,130,148,148,168,168,194,194,221,232,232,14,14,26,26,26],"floor_reached":51,"campfire_rested":5,"playtime":2978,"current_hp_per_floor":[69,67,67,67,66,66,66,54,54,54,54,54,53,39,60,33,75,53,39,38,38,36,30,54,44,44,44,44,38,23,23,47,44,80,80,80,80,80,62,62,49,49,56,33,74,74,74,61,87,32],"items_purged":["Caltrops"],"gold":26,"score":699,"play_id":"6c4a981f-4a3a-4140-a7c0-963983b89c54","local_time":"20180329201943","is_prod":false,"is_daily":false,"is_ascension_mode":false,"campfire_upgraded":7,"timestamp":1522347583,"path_taken":["M","M","$","M","M","R","M","E","T","R","$","R","M","?","R","BOSS","M","?","?","?","?","M","R","?","T","R","?","M","E","$","R","BOSS","M","$","M","?","M","R","E","R","T","M","R","$","R","M","R","BOSS"],"build_version":"2018-03-22v2","purchased_purges":2,"victory":true,"master_deck":["Defend_G+1","Defend_G","Defend_G","Strike_G","Strike_G","Strike_G+1","Survivor","Neutralize+1","All Out Attack+1","Dagger Throw+1","Noxious Fumes+1","Leg Sweep","Footwork+1","Noxious Fumes+1","Burst+1","Leg Sweep","Prepared","Quick Slash","Cloak And Dagger+1","PiercingWail","Blur","Deflect","Footwork+1","Dagger Spray+1","Malaise+1","Deflect","Venomology+1","Dash","Catalyst+1","Outmaneuver+1","Flying Knee+1"],"max_hp_per_floor":[70,70,70,70,70,70,70,70,70,70,70,70,70,70,70,70,75,75,80,80,80,80,80,80,80,80,80,80,80,80,80,80,80,80,80,80,80,80,80,80,80,80,87,87,87,87,87,87,87,87],"relics":["Ring of the Snake","Frozen Egg 2","Omamori","Tiny House","Du-Vu Doll","Anchor","Black Star","Regal Pillow","Dream Catcher","Blood Vial","Strawberry","Ancient Tea Set"],"card_choices":[{"not_picked":["Deflect","Well Laid Plans"],"picked":"All Out Attack","floor":1.0},{"not_picked":["Deadly Poison","Underhanded Strike"],"picked":"Dagger Throw","floor":4.0},{"not_picked":["Catalyst","Bouncing Flask"],"picked":"Noxious Fumes","floor":5.0},{"not_picked":["Cloak And Dagger","Choke"],"picked":"Leg Sweep","floor":7.0},{"not_picked":["Leg Sweep","Well Laid Plans"],"picked":"Footwork","floor":8.0},{"not_picked":["Cloak And Dagger","Storm of Steel"],"picked":"Noxious Fumes","floor":13.0},{"not_picked":["Doppelganger","A Thousand Cuts"],"picked":"Burst","floor":16.0},{"not_picked":["Sucker Punch","Dagger Throw"],"picked":"Leg Sweep","floor":17.0},{"not_picked":["Acrobatics","Dodge and Roll"],"picked":"Prepared","floor":18.0},{"not_picked":["Noxious Fumes","Finisher"],"picked":"Quick Slash","floor":20.0},{"not_picked":["Crippling Poison","Phantasmal Killer"],"picked":"Cloak And Dagger","floor":22.0},{"not_picked":["Infinite Blades","Deadly Poison"],"picked":"PiercingWail","floor":23.0},{"not_picked":["Outmaneuver","Dagger Throw"],"picked":"Blur","floor":25.0},{"not_picked":["Bane","Choke"],"picked":"Deflect","floor":29.0},{"not_picked":["Expertise","Burst"],"picked":"Footwork","floor":30.0},{"not_picked":["Quick Slash","Backflip"],"picked":"Malaise","floor":35.0},{"not_picked":["Underhanded Strike","Poisoned Stab"],"picked":"Deflect","floor":37.0},{"not_picked":["Night Terror","Deadly Poison"],"picked":"Venomology","floor":41.0},{"not_picked":["Dagger Throw","Outmaneuver"],"picked":"Dash","floor":44.0},{"not_picked":["Noxious Fumes","Dagger Throw"],"picked":"Outmaneuver","floor":48},{"not_picked":["Acrobatics","Prepared"],"picked":"Flying Knee","floor":49}],"player_experience":954656,"potions_floor_usage":[50,50,50,50,50],"damage_taken":[{"damage":1.0,"enemies":"Jaw Worm","floor":1.0,"turns":5.0},{"damage":2.0,"enemies":"2 Louse","floor":2.0,"turns":2.0},{"damage":0.0,"enemies":"Cultist","floor":4.0,"turns":3.0},{"damage":1.0,"enemies":"Lots of Slimes","floor":5.0,"turns":2.0},{"damage":0.0,"enemies":"3 Louse","floor":7.0,"turns":1.0},{"damage":12.0,"enemies":"Lagavulin","floor":8.0,"turns":6.0},{"damage":1.0,"enemies":"Blue Slaver","floor":13.0,"turns":3.0},{"damage":27.0,"enemies":"The Guardian","floor":16.0,"turns":9.0},{"damage":22.0,"enemies":"2 Thieves","floor":18.0,"turns":5.0},{"damage":1.0,"enemies":"Spheric Guardian","floor":20.0,"turns":6.0},{"damage":2.0,"enemies":"Snake Plant","floor":22.0,"turns":5.0},{"damage":6.0,"enemies":"Slaver and Parasite","floor":23.0,"turns":8.0},{"damage":10.0,"enemies":"Centurion and Healer","floor":25.0,"turns":9.0},{"damage":6.0,"enemies":"Sentry and Sphere","floor":29.0,"turns":6.0},{"damage":15.0,"enemies":"Gremlin Leader","floor":30.0,"turns":7.0},{"damage":3.0,"enemies":"Champ","floor":33.0,"turns":15.0},{"damage":0.0,"enemies":"3 Shapes","floor":35.0,"turns":3.0},{"damage":0.0,"enemies":"3 Darklings","floor":37.0,"turns":5.0},{"damage":18.0,"enemies":"4 Shapes","floor":39.0,"turns":11.0},{"damage":13.0,"enemies":"Nemesis","floor":41.0,"turns":11.0},{"damage":25.0,"enemies":"Sphere and 2 Shapes","floor":44.0,"turns":11.0},{"damage":15,"enemies":"3 Darklings","floor":48,"turns":5},{"damage":55,"enemies":"Awakened One","floor":50,"turns":29}],"event_choices":[{"event_name":"Shining Light","player_choice":"Entered Light","floor":14.0,"damage_taken":0.0},{"event_name":"Forgotten Altar","player_choice":"Shed Blood","floor":19.0,"damage_taken":0.0},{"event_name":"Beggar","player_choice":"Gave Gold","floor":21.0,"damage_taken":0.0},{"event_name":"Back to Basics","player_choice":"Elegance","floor":28.0,"damage_taken":0.0}],"boss_relics":[],"potions_floor_spawned":[1,4,5,18,23,25,30,33,35,44,48],"seed_played":"8087619264742683440","ascension_level":0,"is_trial":false}