{"path_per_floor":["M","$","M","?","?","E","R","?","T","M","T","M","R","M","R","B",null,"M","?","?","?","M","R","?","M","T","?","$","M","R","M","R","B",null,"M","M","?","$","M","R","M","R","T","M","M","M","R","?","R","B"],"character_chosen":"THE_SILENT","items_purchased":["Dash","Caltrops","Mummified Hand"],"gold_per_floor":[114,34,54,54,54,88,88,88,114,125,175,189,189,209,209,308,308,321,321,321,236,253,253,203,221,221,250,138,148,148,160,160,265,265,284,295,517,172,188,188,208,208,259,278,292,312,312,361,361,361],"floor_reached":51,"campfire_rested":1,"playtime":2510,"current_hp_per_floor":[77,77,77,65,65,54,54,54,54,54,54,54,54,54,54,41,77,73,73,73,73,73,73,73,68,68,68,68,66,66,66,66,34,77,77,77,77,77,77,77,77,77,77,55,53,53,53,53,76,55],"items_purged":["Strike_G","Expertise"],"gold":361,"score":649,"play_id":"f32e4b08-7fbf-4da5-abd2-a69d5aca75b8","local_time":"20180415011347","is_prod":false,"is_daily":false,"chose_seed":false,"is_ascension_mode":false,"campfire_upgraded":9,"timestamp":1523747627,"path_taken":["M","$","M","?","?","E","R","?","T","M","?","M","R","M","R","BOSS","M","?","?","?","?","R","?","M","T","?","$","M","R","M","R","BOSS","M","M","?","$","M","R","M","R","T","M","M","M","R","?","R","BOSS"],"build_version":"2018-04-13","seed_source_timestamp":48037524803381,"purchased_purges":2,"victory":true,"master_deck":["Defend_G","Defend_G","Defend_G","Defend_G","Strike_G","Strike_G","Survivor","Neutralize+1","Flying Knee+1","Dash+1","Dagger Spray+1","Poisoned Stab+1","Adrenaline","PiercingWail","All Out Attack+1","Adrenaline","Escape Plan","Cloak And Dagger+1","Acrobatics","Footwork+1","Leg Sweep","Caltrops+1","Infinite Blades","Malaise+1","Glass Knife+1","All Out Attack+1","Cloak And Dagger+1","Well Laid Plans+1","Noxious Fumes+1","Blur+1","Backflip"],"max_hp_per_floor":[77,77,77,77,77,77,77,77,77,77,77,77,77,77,77,77,77,77,77,77,77,77,77,77,77,77,77,77,77,77,77,77,77,77,77,77,77,77,77,77,77,77,77,77,77,77,77,77,77,77],"relics":["Ring of the Snake","Bronze Scales","Mercury Hourglass","Happy Flower","Bag of Marbles","Ancient Tea Set","Kunai","Red Mask","Astrolabe","Mummified Hand","Whetstone","Girya"],"card_choices":[{"not_picked":["Escape Plan","Dagger Throw"],"picked":"Flying Knee","floor":1.0},{"not_picked":["Cloak And Dagger","Dodge and Roll"],"picked":"Dagger Spray","floor":3.0},{"not_picked":["Underhanded Strike","Crippling Poison"],"picked":"PiercingWail","floor":12.0},{"not_picked":["Deflect","Prepared"],"picked":"All Out Attack","floor":14.0},{"not_picked":["Tactician","Envenom"],"picked":"Adrenaline","floor":16.0},{"not_picked":["Slice","Deflect"],"picked":"Escape Plan","floor":18.0},{"not_picked":["Quick Slash","Setup"],"picked":"Acrobatics","floor":22.0},{"not_picked":["Blur","PiercingWail"],"picked":"Footwork","floor":25},{"not_picked":["Tools of the Trade","Deadly Poison"],"picked":"Leg Sweep","floor":27},{"not_picked":["Flying Knee","Backflip"],"picked":"Infinite Blades","floor":29},{"not_picked":["All Out Attack","Dagger Throw"],"picked":"Malaise","floor":31},{"not_picked":["Eviscerate","Choke"],"picked":"Cloak And Dagger","floor":35},{"not_picked":["Expertise","Dagger Throw"],"picked":"Well Laid Plans","floor":36},{"not_picked":["Deadly Poison","Poisoned Stab"],"picked":"Noxious Fumes","floor":39},{"not_picked":["Prepared","Glass Knife"],"picked":"Blur","floor":45},{"not_picked":["PiercingWail","Dagger Spray"],"picked":"Backflip","floor":46}],"player_experience":433226,"potions_floor_usage":[25,33,45,45,50,50],"damage_taken":[{"damage":0.0,"enemies":"Jaw Worm","floor":1.0,"turns":5.0},{"damage":0.0,"enemies":"Small Slimes","floor":3.0,"turns":4.0},{"damage":11.0,"enemies":"Gremlin Nob","floor":6.0,"turns":4.0},{"damage":0.0,"enemies":"Cultist","floor":10.0,"turns":3.0},{"damage":0.0,"enemies":"Looter","floor":12.0,"turns":1.0},{"damage":0.0,"enemies":"Large Slime","floor":14.0,"turns":2.0},{"damage":13.0,"enemies":"The Guardian","floor":16.0,"turns":9.0},{"damage":4.0,"enemies":"Spheric Guardian","floor":18.0,"turns":4.0},{"damage":0.0,"enemies":"3 Byrds","floor":22.0,"turns":2.0},{"damage":5,"enemies":"Sentry and Sphere","floor":25,"turns":3},{"damage":0,"enemies":"Masked Bandits","floor":27,"turns":2},{"damage":2,"enemies":"Slaver and Parasite","floor":29,"turns":6},{"damage":0,"enemies":"Cultist and Chosen","floor":31,"turns":4},{"damage":32,"enemies":"Collector","floor":33,"turns":13},{"damage":0,"enemies":"Flame Bruiser 1 Orb","floor":35,"turns":5},{"damage":0,"enemies":"3 Shapes","floor":36,"turns":3},{"damage":0,"enemies":"Sphere and 2 Shapes","floor":39,"turns":1},{"damage":0,"enemies":"Flame Bruiser 2 Orb","floor":41,"turns":3},{"damage":22,"enemies":"Spire Growth","floor":44,"turns":4},{"damage":2,"enemies":"Sphere and 2 Shapes","floor":45,"turns":4},{"damage":0,"enemies":"Flame Bruiser 2 Orb","floor":46,"turns":5},{"damage":0,"enemies":"Mysterious Sphere","floor":48,"turns":4},{"damage":36,"enemies":"Donu and Deca","floor":50,"turns":9}],"event_choices":[{"event_name":"Scrap Ooze","player_choice":"success","floor":4.0,"damage_taken":12.0},{"event_name":"Shining Light","player_choice":"Ignored","floor":5.0,"damage_taken":0.0},{"event_name":"Match and Keep!","player_choice":"2 cards matched","floor":8.0,"damage_taken":0.0},{"event_name":"The Library","player_choice":"Read","floor":19.0,"damage_taken":0.0},{"event_name":"The Woman in Blue","player_choice":"Bought 0 Potions","floor":20.0,"damage_taken":0.0},{"event_name":"Addict","player_choice":"Obtained Relic","floor":21.0,"damage_taken":0.0},{"event_name":"The Joust","player_choice":"Bet on Murderer","floor":24.0,"damage_taken":0.0},{"event_name":"Masked Bandits","player_choice":"Fought over 221 gold","floor":27,"damage_taken":0},{"event_name":"Tomb of Lord Red Mask","player_choice":"Wore Mask","floor":37,"damage_taken":0},{"event_name":"Mysterious Sphere","player_choice":"Fight","floor":48,"damage_taken":0}],"boss_relics":[{"not_picked":["White Beast Statue","Black Star"],"picked":"Astrolabe"}],"potions_floor_spawned":[1,10,12,18,27,36,39,44,48],"seed_played":"3407208852183717905","ascension_level":0,"is_trial":false}