{"path_per_floor":["M","$","?","?","$","E","R","M","T","?","?","M","M","E","R","B",null,"M","$","T","M","T","R","E","R","T","?","M","E"],"character_chosen":"IRONCLAD","items_purchased":["Finesse","Oddly Smooth Stone"],"gold_per_floor":[112,7,7,7,7,32,32,47,47,47,47,59,71,132,132,231,231,248,18,97,113,113,113,144,144,196,121,134,166],"floor_reached":30,"campfire_rested":3,"playtime":1957,"current_hp_per_floor":[67,67,67,67,67,37,37,39,39,39,39,44,41,24,45,17,72,36,36,36,28,28,49,19,40,40,40,32,12],"items_purged":["Regret"],"gold":166,"play_id":"4417818b-58a1-4080-96d6-304bf11d75f2","is_prod":false,"is_daily":false,"is_ascension_mode":false,"campfire_upgraded":1,"path_taken":["M","$","?","?","$","E","R","M","T","?","?","M","?","E","R","BOSS","M","$","?","M","?","R","E","R","T","?","M","E","?"],"build_version":"2018-01-25-PROD3","purchased_purges":2,"victory":false,"master_deck":["Strike_R","Strike_R","Strike_R","Strike_R","Defend_R","Defend_R","Defend_R","Defend_R","Bash","Burning Pact","Finesse","Metallicize+1","Offering","Heavy Blade","Seeing Red","Demon Form","Metallicize+1","Warcry+1","Cleave","Immolate"],"max_hp_per_floor":[72,72,72,72,72,72,72,72,72,72,72,72,72,72,72,72,72,72,72,72,72,72,72,72,72,72,72,72,72],"relics":["Burning Blood","Calipers","Gremlin Horn","Shuriken","Sundial","Omamori","Spirit Poop","Tiny Chest","Mark of Pain","Oddly Smooth Stone","Mummified Hand","Prayer Wheel","Ice Cream","Vajra","Happy Flower"],"card_choices":[{"not_picked":["Cleave","Reckless Charge"],"picked":"Burning Pact"},{"not_picked":["Clothesline","Cleave"],"picked":"Metallicize"},{"not_picked":["Shrug It Off","Warcry"],"picked":"Offering"},{"not_picked":["Seeing Red","Wild Strike"],"picked":"Heavy Blade"},{"not_picked":["Perfected Strike","Uppercut"],"picked":"Seeing Red"},{"not_picked":["Barricade","Berserk"],"picked":"Demon Form"},{"not_picked":["Second Wind","Twin Strike"],"picked":"Metallicize"},{"not_picked":["Iron Wave","Wild Strike"],"picked":"Warcry"},{"not_picked":["Havoc","Power Through"],"picked":"Cleave"},{"not_picked":["Havoc","Clash"],"picked":"Immolate"}],"player_experience":61016,"potions_floor_usage":[14,16,16,16,18,24,29],"damage_taken":[{"damage":11,"enemies":"Jaw Worm","floor":1,"turns":5},{"damage":36,"enemies":"Gremlin Nob","floor":6,"turns":5},{"damage":4,"enemies":"Blue Slaver","floor":8,"turns":7},{"damage":1,"enemies":"Small Slimes","floor":12,"turns":5},{"damage":9,"enemies":"3 Louse","floor":13,"turns":4},{"damage":38,"enemies":"3 Sentries","floor":14,"turns":8},{"damage":34,"enemies":"Slime Boss","floor":16,"turns":14},{"damage":42,"enemies":"Chosen","floor":18,"turns":6},{"damage":14,"enemies":"Spheric Guardian","floor":21,"turns":5},{"damage":36,"enemies":"Book of Stabbing","floor":24,"turns":5},{"damage":14,"enemies":"Centurion and Healer","floor":28,"turns":5},{"damage":26,"enemies":"Slavers","floor":29,"turns":4},{"damage":14,"enemies":"Snake Plant","floor":30,"turns":1}],"event_choices":[{"event_name":"Accursed Blacksmith","player_choice":"Rummage","floor":3,"damage_taken":0},{"event_name":"The Lab","player_choice":"Got Potions","floor":4,"damage_taken":0},{"event_name":"Big Fish","player_choice":"Box","floor":10,"damage_taken":0},{"event_name":"Bonfire Elementals","player_choice":"CURSE","floor":11,"damage_taken":0},{"event_name":"Beggar","player_choice":"Gave Gold","floor":27,"damage_taken":0}],"boss_relics":[{"not_picked":["Question Card","Runic Pyramid"],"picked":"Mark of Pain"}],"potions_floor_spawned":[1,13,14,16,21,28],"seed_played":"-5369787266506864000","killed_by":"Snake Plant","ascension_level":0,"is_trial":false}