{"path_per_floor":["M","?","?","M","?","R","$","M","T","M","$","$","M","?","R","B",null,"M","$","?","?","$","R","M","M","T","R","M","R","E","$","R","B",null,"M","$","M","$","?","R","M","M","T","R","?","M","R","M","R","B"],"character_chosen":"IRONCLAD","items_purchased":["Ancient Tea Set","Vajra","Whirlwind","Regen Potion"],"gold_per_floor":[110,185,185,204,379,379,149,166,243,256,156,3,21,21,21,140,140,158,87,12,12,12,12,25,49,49,49,69,69,103,103,103,229,229,249,124,138,87,0,0,23,38,38,38,38,63,63,86,86,86],"floor_reached":51,"campfire_rested":0,"playtime":2279,"current_hp_per_floor":[72,61,54,60,60,60,60,64,64,60,60,60,66,48,48,28,72,69,69,69,69,69,69,71,72,72,72,72,72,72,72,72,55,72,72,72,52,52,52,52,72,71,71,71,71,72,72,72,72,61],"items_purged":["Strike_R","Doubt","Doubt"],"gold":86,"play_id":"0499f369-1874-4681-9b65-c17cf822e112","is_prod":false,"is_daily":false,"is_ascension_mode":false,"campfire_upgraded":10,"path_taken":["M","?","?","?","?","R","$","M","T","M","?","$","?","?","R","BOSS","M","$","?","?","?","R","?","M","T","R","M","R","E","$","R","BOSS","M","$","M","?","?","R","M","M","T","R","?","M","R","M","R","BOSS"],"build_version":"2018-01-25-PROD3","purchased_purges":3,"victory":true,"master_deck":["Strike_R","Strike_R","Defend_R+1","Defend_R+1","Bash+1","Pommel Strike+1","Iron Wave+1","Offering+1","Whirlwind+1","Flex+1","Reaper+1","Offering+1","Spot Weakness+1","Warcry+1","Iron Wave+1"],"max_hp_per_floor":[72,72,72,72,72,72,72,72,72,72,72,72,72,72,72,72,72,72,72,72,72,72,72,72,72,72,72,72,72,72,72,72,72,72,72,72,72,72,72,72,72,72,72,72,72,72,72,72,72,72],"relics":["Burning Blood","Ancient Tea Set","Centennial Puzzle","Vajra","Golden Idol","Cursed Key","Calipers","War Paint","Question Card","Red Mask"],"card_choices":[{"not_picked":["Uppercut","Intimidate"],"picked":"Pommel Strike"},{"not_picked":["Intimidate","Clothesline"],"picked":"Iron Wave"},{"not_picked":["Shockwave","Flex"],"picked":"Offering"},{"not_picked":["Seeing Red","Sword Boomerang"],"picked":"Thunderclap"},{"not_picked":["Ghostly Armor","Hemokinesis"],"picked":"Reaper"},{"not_picked":["Barricade","Dark Embrace"],"picked":"Offering"},{"not_picked":["Clash","Second Wind","Feel No Pain"],"picked":"Spot Weakness"},{"not_picked":["Armaments","Flex","Sever Soul"],"picked":"Warcry"},{"not_picked":["Sword Boomerang","Headbutt","Havoc"],"picked":"Iron Wave"}],"player_experience":111357,"potions_floor_usage":[33,33,50,50,50],"damage_taken":[{"damage":2,"enemies":"2 Louse","floor":1,"turns":3},{"damage":0,"enemies":"Cultist","floor":4,"turns":4},{"damage":2,"enemies":"Blue Slaver","floor":8,"turns":4},{"damage":10,"enemies":"Looter","floor":10,"turns":3},{"damage":0,"enemies":"3 Louse","floor":13,"turns":3},{"damage":26,"enemies":"Slime Boss","floor":16,"turns":10},{"damage":9,"enemies":"2 Thieves","floor":18,"turns":3},{"damage":4,"enemies":"Chosen","floor":24,"turns":1},{"damage":4,"enemies":"Slaver and Parasite","floor":25,"turns":1},{"damage":4,"enemies":"Snake Plant","floor":28,"turns":2},{"damage":7,"enemies":"Slavers","floor":30,"turns":2},{"damage":38,"enemies":"Collector","floor":33,"turns":6},{"damage":19,"enemies":"3 Darklings","floor":35,"turns":2},{"damage":26,"enemies":"3 Shapes","floor":37,"turns":1},{"damage":6,"enemies":"Sphere and 2 Shapes","floor":41,"turns":1},{"damage":7,"enemies":"3 Darklings","floor":42,"turns":2},{"damage":19,"enemies":"4 Shapes","floor":46,"turns":1},{"damage":13,"enemies":"Maw","floor":48,"turns":6},{"damage":52,"enemies":"Time Eater","floor":50,"turns":6}],"event_choices":[{"event_name":"World of Goop","player_choice":"Gather Gold","floor":2,"damage_taken":0},{"event_name":"Golden Wing","player_choice":"Card Removal","floor":3,"damage_taken":0},{"event_name":"Liars Game","player_choice":"agreed","floor":5,"damage_taken":0},{"event_name":"Golden Idol","player_choice":"Take Damage","floor":14,"damage_taken":0},{"event_name":"Beggar","player_choice":"Gave Gold","floor":20,"damage_taken":0},{"event_name":"The Library","player_choice":"Read","floor":21,"damage_taken":0},{"event_name":"Tomb of Lord Red Mask","player_choice":"Paid","floor":39,"damage_taken":0}],"boss_relics":[{"not_picked":["Runic Pyramid","Runic Dome"],"picked":"Cursed Key"},{"not_picked":["Eternal Feather","Astrolabe"],"picked":"Question Card"}],"potions_floor_spawned":[4,16,24,28,37,41],"seed_played":"-8366651814711507016","ascension_level":0,"is_trial":false}