{"path_per_floor":["M","?","M","M","$","E","M","E","T","$","?","T","R","M","R","B",null,"M","?","?","$","M","E","M","E","T","?","E","?","E","M","R","B",null,"M","?","$","?","$","E","R","E","T","M","M","?","E","M","R","B"],"character_chosen":"IRONCLAD","items_purchased":["Flex","Jack Of All Trades","Berserk","Medical Kit","Self Forming Clay"],"gold_per_floor":[109,109,120,140,20,52,70,101,177,95,170,223,223,241,241,336,336,348,348,348,157,167,195,215,244,244,244,270,270,297,312,312,413,413,424,424,95,0,0,31,31,65,115,129,143,192,218,230,230,230],"floor_reached":51,"campfire_rested":1,"playtime":4918,"current_hp_per_floor":[46,34,40,44,44,34,52,55,55,55,44,44,44,50,50,44,80,51,51,51,51,64,57,67,48,48,48,52,62,55,61,61,59,90,73,73,73,73,73,53,53,57,57,57,49,36,46,43,70,23],"items_purged":["Writhe"],"gold":230,"play_id":"3c6d4965-3b21-499e-88c3-6f92f9284e9f","is_prod":false,"is_daily":false,"is_ascension_mode":false,"campfire_upgraded":4,"path_taken":["M","?","?","M","$","E","M","E","T","$","?","?","R","M","R","BOSS","M","?","?","$","M","E","M","E","T","?","E","?","E","?","R","BOSS","M","?","$","?","$","E","R","E","T","M","M","?","E","M","R","BOSS"],"build_version":"2018-01-25-PROD3","purchased_purges":1,"victory":true,"master_deck":["Strike_R+1","Strike_R+1","Strike_R+1","Strike_R+1","Defend_R+1","Defend_R+1","Defend_R+1","Defend_R+1","Rampage+1","Wild Strike+1","Armaments+1","Whirlwind","Flex","Jack Of All Trades+1","Spot Weakness","Disarm","Berserk","Shrug It Off+1","Metallicize+1","Inflame","Combust+1","Limit Break+1","Cleave+1","Demon Form","Headbutt+1","Heavy Blade+1","Heavy Blade+1","Barricade"],"max_hp_per_floor":[80,80,80,80,80,80,80,80,80,80,80,80,80,80,80,80,80,80,80,80,80,80,80,80,80,80,80,80,90,90,90,90,90,90,90,90,90,90,90,90,90,90,90,90,90,90,90,90,90,90],"relics":["Burning Blood","Mercury Hourglass","Meat on the Bone","Bag of Marbles","Matryoshka","Anchor","Vajra","Runic Pyramid","Medical Kit","Bottled Tornado","Oddly Smooth Stone","Whetstone","Bronze Scales","Dream Catcher","Pear","Paper Frog","Velvet Choker","Self Forming Clay","Red Mask","Ornamental Fan","Peace Pipe","Happy Flower","Ginger","Bottled Lightning"],"card_choices":[{"not_picked":["Headbutt","Infernal Blade"],"picked":"Armaments"},{"not_picked":["Sword Boomerang","Shrug It Off"],"picked":"Whirlwind"},{"not_picked":["Clothesline","Feed"],"picked":"Spot Weakness"},{"not_picked":["Wild Strike","Combust"],"picked":"Disarm"},{"not_picked":["Barricade","Offering"],"picked":"Reaper"},{"not_picked":["Bloodletting","Armaments"],"picked":"Shrug It Off"},{"not_picked":["Bloodletting","Warcry"],"picked":"Metallicize"},{"not_picked":["Hemokinesis","Clothesline"],"picked":"Combust"},{"not_picked":["Brutality","Fiend Fire"],"picked":"Limit Break"},{"not_picked":["Anger","Sever Soul"],"picked":"Cleave"},{"not_picked":["Dropkick","Sword Boomerang"],"picked":"Demon Form"},{"not_picked":["Spot Weakness","Brutality"],"picked":"Headbutt"},{"not_picked":["Rampage","Warcry"],"picked":"Heavy Blade"},{"not_picked":["Iron Wave","Disarm"],"picked":"Heavy Blade"},{"not_picked":["Battle Trance","Uppercut"],"picked":"Barricade"}],"player_experience":26513,"potions_floor_usage":[16,33,33,33,46,47,47],"damage_taken":[{"damage":0,"enemies":"Cultist","floor":1,"turns":3},{"damage":0,"enemies":"2 Louse","floor":3,"turns":2},{"damage":2,"enemies":"Blue Slaver","floor":4,"turns":3},{"damage":16,"enemies":"3 Sentries","floor":6,"turns":3},{"damage":0,"enemies":"2 Fungi Beasts","floor":7,"turns":2},{"damage":15,"enemies":"Gremlin Nob","floor":8,"turns":4},{"damage":0,"enemies":"Looter","floor":14,"turns":2},{"damage":24,"enemies":"Hexaghost","floor":16,"turns":9},{"damage":35,"enemies":"Spheric Guardian","floor":18,"turns":5},{"damage":3,"enemies":"3 Byrds","floor":22,"turns":4},{"damage":41,"enemies":"Gremlin Leader","floor":23,"turns":6},{"damage":2,"enemies":"Snake Plant","floor":24,"turns":4},{"damage":37,"enemies":"Book of Stabbing","floor":25,"turns":10},{"damage":14,"enemies":"Gremlin Leader","floor":28,"turns":7},{"damage":32,"enemies":"Book of Stabbing","floor":30,"turns":7},{"damage":13,"enemies":"Centurion and Healer","floor":31,"turns":8},{"damage":64,"enemies":"Collector","floor":33,"turns":10},{"damage":37,"enemies":"3 Darklings","floor":35,"turns":5},{"damage":26,"enemies":"Nemesis","floor":40,"turns":7},{"damage":14,"enemies":"Giant Head","floor":42,"turns":7},{"damage":18,"enemies":"3 Shapes","floor":44,"turns":3},{"damage":26,"enemies":"Sphere and 2 Shapes","floor":45,"turns":5},{"damage":31,"enemies":"Mysterious Sphere","floor":46,"turns":5},{"damage":8,"enemies":"2 Orb Walkers","floor":47,"turns":5},{"damage":21,"enemies":"3 Darklings","floor":48,"turns":4},{"damage":65,"enemies":"Time Eater","floor":50,"turns":6}],"event_choices":[{"event_name":"Scrap Ooze","player_choice":"success","floor":2,"damage_taken":12},{"event_name":"World of Goop","player_choice":"Gather Gold","floor":11,"damage_taken":0},{"event_name":"The Lab","player_choice":"Got Potions","floor":19,"damage_taken":0},{"event_name":"Back to Basics","player_choice":"Simplicity","floor":20,"damage_taken":0},{"event_name":"The Library","player_choice":"Read","floor":27,"damage_taken":0},{"event_name":"The Mausoleum","player_choice":"Yes","floor":29,"damage_taken":0},{"event_name":"Tomb of Lord Red Mask","player_choice":"Paid","floor":38,"damage_taken":0},{"event_name":"Mysterious Sphere","player_choice":"Fight","floor":46,"damage_taken":0}],"boss_relics":[{"not_picked":["White Beast Statue","Tiny House"],"picked":"Runic Pyramid"},{"not_picked":["Runic Dome","Orrery"],"picked":"Velvet Choker"}],"potions_floor_spawned":[3,4,7,16,18,22,23,28,31,40,44,45,47],"seed_played":"-8710956873133174322","ascension_level":0,"is_trial":false}