{"path_per_floor":["M","M","M","?","?","E","$","?","T","M","M","$","$","E","R","B",null,"M","M","M","?","M"],"character_chosen":"IRONCLAD","items_purchased":["Metallicize","Flex","Rampage"],"gold_per_floor":[118,135,148,148,148,183,183,183,235,246,258,180,60,85,85,183,183,193,204,219,219,230],"floor_reached":23,"campfire_rested":1,"playtime":1787,"current_hp_per_floor":[78,80,80,80,80,58,58,58,58,54,52,52,52,39,78,34,80,74,58,52,52,39],"items_purged":[],"gold":230,"play_id":"f7282dfb-4c30-4550-a792-8faf986919e9","is_prod":false,"is_daily":false,"is_ascension_mode":false,"campfire_upgraded":0,"path_taken":["M","M","M","?","?","E","$","?","T","?","M","?","$","E","R","BOSS","M","M","M","?","M","E"],"build_version":"2018-01-25-PROD3","purchased_purges":0,"victory":false,"master_deck":["Strike_R+1","Strike_R+1","Strike_R+1","Strike_R+1","Strike_R+1","Defend_R+1","Defend_R+1","Defend_R+1","Defend_R+1","Bash","Armaments+1","Headbutt","Limit Break","Disarm","Regret","Shrug It Off","Metallicize","Flex","Rampage","Metallicize","Demon Form","Pommel Strike","Metallicize","Demon Form"],"max_hp_per_floor":[80,80,80,80,80,80,80,80,80,80,80,80,80,80,80,80,80,80,80,80,80,80],"relics":["Burning Blood","Bag of Marbles","Matryoshka","Regal Pillow","Pen Nib","Oddly Smooth Stone","Lantern","Black Star"],"card_choices":[{"not_picked":["Dual Wield","Spot Weakness"],"picked":"Armaments"},{"not_picked":["Clothesline","Perfected Strike"],"picked":"Headbutt"},{"not_picked":["Bloodletting","Shockwave"],"picked":"Limit Break"},{"not_picked":["Clothesline","Shockwave"],"picked":"Disarm"},{"not_picked":["Blood for Blood","Wild Strike"],"picked":"Shrug It Off"},{"not_picked":["Flex","Perfected Strike"],"picked":"Metallicize"},{"not_picked":["Offering","Dark Embrace"],"picked":"Demon Form"},{"not_picked":["Iron Wave","Twin Strike"],"picked":"Pommel Strike"},{"not_picked":["Anger","Clash"],"picked":"Metallicize"},{"not_picked":["Shrug It Off","Flex"],"picked":"Demon Form"}],"player_experience":24726,"potions_floor_usage":[14,18,18,23,23,23],"damage_taken":[{"damage":8,"enemies":"Blue Slaver","floor":1,"turns":6},{"damage":1,"enemies":"Cultist","floor":2,"turns":3},{"damage":2,"enemies":"Jaw Worm","floor":3,"turns":4},{"damage":28,"enemies":"3 Sentries","floor":6,"turns":8},{"damage":10,"enemies":"Looter","floor":10,"turns":3},{"damage":8,"enemies":"2 Fungi Beasts","floor":11,"turns":5},{"damage":25,"enemies":"Gremlin Nob","floor":14,"turns":5},{"damage":50,"enemies":"Hexaghost","floor":16,"turns":11},{"damage":12,"enemies":"2 Thieves","floor":18,"turns":5},{"damage":22,"enemies":"Shell Parasite","floor":19,"turns":6},{"damage":12,"enemies":"Snecko","floor":20,"turns":8},{"damage":19,"enemies":"Snake Plant","floor":22,"turns":6},{"damage":48,"enemies":"Slavers","floor":23,"turns":5}],"event_choices":[{"event_name":"Living Wall","player_choice":"Grow","floor":4,"damage_taken":0},{"event_name":"The Cleric","player_choice":"Leave","floor":5,"damage_taken":0},{"event_name":"Big Fish","player_choice":"Box","floor":8,"damage_taken":0},{"event_name":"Back to Basics","player_choice":"Simplicity","floor":21,"damage_taken":0}],"boss_relics":[{"not_picked":["Question Card","Cursed Key"],"picked":"Black Star"}],"potions_floor_spawned":[2,6,11,16,18,19],"seed_played":"9125969565584547611","killed_by":"Slavers","ascension_level":0,"is_trial":false}