{"path_per_floor":["M","M","M","?","$","R","M","R","T","E","$","M","R","M","R","B",null,"M","?","$","?","?","R","?","R","T","M","M","R","M","?","R"],"character_chosen":"IRONCLAD","items_purchased":["Omamori","Heavy Blade"],"gold_per_floor":[109,127,137,212,65,65,84,84,107,142,22,42,42,53,53,149,149,166,91,91,91,6,6,6,6,30,41,56,56,75,75,75],"floor_reached":33,"campfire_rested":2,"playtime":1545,"current_hp_per_floor":[33,39,30,19,19,43,42,42,42,42,42,22,49,50,50,26,90,85,85,85,85,85,85,69,69,69,74,58,58,51,51,51],"items_purged":["Strike_R"],"gold":75,"play_id":"4b0810f0-3b84-4349-a792-44b08bb22590","is_prod":false,"is_daily":false,"is_ascension_mode":false,"campfire_upgraded":6,"path_taken":["M","?","?","?","?","R","M","R","T","E","$","?","R","M","R","BOSS","M","?","$","?","?","R","?","R","T","M","?","R","M","?","R","BOSS"],"build_version":"2018-01-25-PROD3","purchased_purges":2,"victory":false,"master_deck":["Strike_R","Defend_R+1","Defend_R+1","Defend_R","Bash+1","Demon Form+1","Pommel Strike+1","Infernal Blade+1","Heavy Blade+1","Impervious","Iron Wave+1"],"max_hp_per_floor":[80,80,80,80,80,80,80,80,80,90,90,90,90,90,90,90,90,90,90,90,90,90,90,90,90,90,90,90,90,90,90,90],"relics":["Black Blood","Omamori","Ancient Tea Set","Pear","Dodecahedron","Enchiridion","War Paint"],"card_choices":[{"not_picked":["Armaments","Body Slam"],"picked":"Demon Form"},{"not_picked":["Havoc","Warcry"],"picked":"Pommel Strike"},{"not_picked":["Battle Trance","Seeing Red"],"picked":"Infernal Blade"},{"not_picked":["Berserk","Brutality"],"picked":"Impervious"},{"not_picked":["Anger","Sever Soul"],"picked":"Iron Wave"}],"player_experience":117483,"potions_floor_usage":[7,12,28,33],"damage_taken":[{"damage":13,"enemies":"Blue Slaver","floor":1,"turns":5},{"damage":0,"enemies":"2 Louse","floor":2,"turns":2},{"damage":15,"enemies":"Jaw Worm","floor":3,"turns":4},{"damage":22,"enemies":"Red Slaver","floor":7,"turns":7},{"damage":16,"enemies":"Lagavulin","floor":10,"turns":6},{"damage":26,"enemies":"Exordium Thugs","floor":12,"turns":5},{"damage":5,"enemies":"3 Louse","floor":14,"turns":3},{"damage":49,"enemies":"Hexaghost","floor":16,"turns":9},{"damage":15,"enemies":"Chosen","floor":18,"turns":5},{"damage":5,"enemies":"2 Thieves","floor":27,"turns":4},{"damage":35,"enemies":"Slaver and Parasite","floor":28,"turns":7},{"damage":17,"enemies":"3 Cultists","floor":30,"turns":5},{"damage":63,"enemies":"Automaton","floor":33,"turns":6}],"event_choices":[{"event_name":"World of Goop","player_choice":"Gather Gold","floor":4,"damage_taken":0},{"event_name":"Beggar","player_choice":"Gave Gold","floor":19,"damage_taken":0},{"event_name":"Drug Dealer","player_choice":"Ignored","floor":21,"damage_taken":0},{"event_name":"Addict","player_choice":"Obtained Relic","floor":22,"damage_taken":0},{"event_name":"Cursed Tome","player_choice":"Obtained Book","floor":24,"damage_taken":0},{"event_name":"Back to Basics","player_choice":"Elegance","floor":31,"damage_taken":0}],"boss_relics":[{"not_picked":["Snecko Eye","Velvet Choker"],"picked":"Black Blood"}],"potions_floor_spawned":[2,3,16,18],"seed_played":"-2452205261816769486","killed_by":"Automaton","ascension_level":0,"is_trial":false}