{"path_per_floor":["M","M","$","M","?","R","E","R","T","?","E","R","M","M","R","B",null,"M","$","?","M","$","R"],"character_chosen":"IRONCLAD","items_purchased":["Finesse","Medical Kit","Gremlin Horn"],"gold_per_floor":[115,134,32,42,42,42,82,82,382,382,416,416,434,457,457,587,587,561,24,24,37,37,37],"floor_reached":24,"campfire_rested":2,"playtime":1772,"current_hp_per_floor":[72,78,78,80,60,60,33,57,57,50,25,49,57,59,59,27,80,55,55,55,44,44,44],"items_purged":["Writhe"],"gold":37,"play_id":"5f75e511-449a-40ec-b71e-f8b691f94703","is_prod":false,"is_daily":false,"is_ascension_mode":false,"campfire_upgraded":3,"path_taken":["M","M","$","M","?","R","E","R","T","?","E","R","?","M","R","BOSS","M","$","?","M","$","R","?"],"build_version":"2018-01-25-PROD3","purchased_purges":1,"victory":false,"master_deck":["Strike_R","Strike_R","Strike_R","Strike_R","Strike_R","Defend_R","Defend_R","Defend_R","Defend_R","Bash","Juggernaut+1","Armaments+1","Finesse","Combust","Seeing Red","Reaper","Juggernaut","Armaments+1"],"max_hp_per_floor":[80,80,80,80,80,80,80,80,80,80,80,80,80,80,80,80,80,80,80,80,80,80,80],"relics":["Burning Blood","Golden Idol","Omamori","Old Coin","Oddly Smooth Stone","Calling Bell","Anchor","Ancient Tea Set","Regal Pillow","Medical Kit","Gremlin Horn"],"card_choices":[{"not_picked":["Berserk","Feed"],"picked":"Juggernaut"},{"not_picked":["Anger","Cleave"],"picked":"Armaments"},{"not_picked":["Warcry","Intimidate"],"picked":"Combust"},{"not_picked":["Cleave","Uppercut"],"picked":"Seeing Red"},{"not_picked":["Dark Embrace","Flex"],"picked":"Reaper"},{"not_picked":["Reaper","Impervious"],"picked":"Juggernaut"},{"not_picked":["True Grit","Infernal Blade"],"picked":"Armaments"}],"player_experience":34708,"potions_floor_usage":[11,16,24],"damage_taken":[{"damage":14,"enemies":"2 Louse","floor":1,"turns":4},{"damage":0,"enemies":"Small Slimes","floor":2,"turns":4},{"damage":2,"enemies":"Blue Slaver","floor":4,"turns":5},{"damage":33,"enemies":"3 Sentries","floor":7,"turns":6},{"damage":31,"enemies":"Gremlin Nob","floor":11,"turns":4},{"damage":2,"enemies":"2 Fungi Beasts","floor":13,"turns":4},{"damage":4,"enemies":"Looter","floor":14,"turns":3},{"damage":42,"enemies":"Slime Boss","floor":16,"turns":11},{"damage":31,"enemies":"2 Thieves","floor":18,"turns":5},{"damage":23,"enemies":"3 Byrds","floor":21,"turns":6},{"damage":51,"enemies":"Sentry and Sphere","floor":24,"turns":7}],"event_choices":[{"event_name":"Golden Idol","player_choice":"Take Damage","floor":5,"damage_taken":0},{"event_name":"Golden Wing","player_choice":"Card Removal","floor":10,"damage_taken":0},{"event_name":"Beggar","player_choice":"Ignored","floor":20,"damage_taken":0}],"boss_relics":[{"not_picked":["Philosopher\u0027s Stone","Lizard Tail"],"picked":"Calling Bell"}],"potions_floor_spawned":[4,7,13,18],"seed_played":"3097261863572738537","killed_by":"Sentry and Sphere","ascension_level":0,"is_trial":false}