{"path_per_floor":["M","$","?","?","M","E","R","$","T","R","M","R","M","?","R","B",null,"M","?","?","$","M","M","E","?","T","?","E","?"],"character_chosen":"IRONCLAD","items_purchased":["Flex"],"gold_per_floor":[219,97,97,97,113,144,144,44,44,44,61,61,79,29,29,127,127,143,143,143,143,156,174,208,158,182,82,111,111],"floor_reached":30,"campfire_rested":0,"playtime":1472,"current_hp_per_floor":[79,79,79,79,80,61,61,61,61,61,67,67,73,73,73,30,87,81,65,50,50,64,36,12,12,12,12,14,14],"items_purged":["Strike_R","Strike_R"],"gold":111,"play_id":"43c75c60-b8a6-4d4b-a837-3801011e2bcc","is_prod":false,"is_daily":false,"is_ascension_mode":false,"campfire_upgraded":4,"path_taken":["M","$","?","?","M","E","R","?","T","R","M","R","M","?","R","BOSS","M","?","?","?","M","M","E","?","T","?","E","?","M"],"build_version":"2018-01-25-PROD3","purchased_purges":2,"victory":false,"master_deck":["Strike_R","Strike_R","Strike_R","Defend_R+1","Defend_R","Defend_R","Bash+1","Flex+1","Flex+1","Heavy Blade+1","Flex+1","Double Tap+1","Shrug It Off+1","Necronomicurse","Cleave+1","J.A.X.","Spot Weakness+1"],"max_hp_per_floor":[80,80,80,80,80,87,87,87,87,87,87,87,87,87,87,87,87,87,87,92,92,92,92,92,92,92,92,92,92],"relics":["Black Blood","Juzu Bracelet","Strawberry","Toolbox","Necronomicon","War Paint","Ancient Tea Set","Molten Egg"],"card_choices":[{"not_picked":["Havoc","Wild Strike"],"picked":"Flex"},{"not_picked":["Anger","Twin Strike"],"picked":"Heavy Blade"},{"not_picked":["Feel No Pain","Headbutt"],"picked":"Flex"},{"not_picked":["Bludgeon","Fiend Fire"],"picked":"Double Tap"},{"not_picked":["Flex","Headbutt"],"picked":"Shrug It Off"},{"not_picked":["True Grit","Armaments"],"picked":"Cleave"},{"not_picked":["Seeing Red","Shrug It Off"],"picked":"Spot Weakness"}],"player_experience":91345,"potions_floor_usage":[16,28,28],"damage_taken":[{"damage":7,"enemies":"Small Slimes","floor":1,"turns":6},{"damage":1,"enemies":"Jaw Worm","floor":5,"turns":4},{"damage":32,"enemies":"3 Sentries","floor":6,"turns":9},{"damage":0,"enemies":"Cultist","floor":11,"turns":2},{"damage":0,"enemies":"Exordium Wildlife","floor":13,"turns":2},{"damage":64,"enemies":"Hexaghost","floor":16,"turns":11},{"damage":16,"enemies":"3 Byrds","floor":18,"turns":5},{"damage":0,"enemies":"Spheric Guardian","floor":22,"turns":1},{"damage":38,"enemies":"Snecko","floor":23,"turns":7},{"damage":34,"enemies":"Gremlin Leader","floor":24,"turns":4},{"damage":14,"enemies":"Slavers","floor":28,"turns":3},{"damage":23,"enemies":"Slaver and Parasite","floor":30,"turns":1}],"event_choices":[{"event_name":"Big Fish","player_choice":"Box","floor":3,"damage_taken":0},{"event_name":"Fountain of Cleansing","player_choice":"Removed Curse","floor":4,"damage_taken":0},{"event_name":"The Cleric","player_choice":"Card Removal","floor":14,"damage_taken":0},{"event_name":"Cursed Tome","player_choice":"Obtained Book","floor":19,"damage_taken":0},{"event_name":"Forgotten Altar","player_choice":"Shed Blood","floor":20,"damage_taken":0},{"event_name":"The Joust","player_choice":"Bet on Owner","floor":25,"damage_taken":0},{"event_name":"Drug Dealer","player_choice":"Got JAXXED","floor":27,"damage_taken":0},{"event_name":"Upgrade Shrine","player_choice":"Upgraded","floor":29,"damage_taken":0}],"boss_relics":[{"not_picked":["Orrery","Calling Bell"],"picked":"Black Blood"}],"potions_floor_spawned":[6,11,16,24],"seed_played":"2906480275901693276","killed_by":"Slaver and Parasite","ascension_level":0,"is_trial":false}