{"path_per_floor":["M","M","?","?","$","R","E","R","T","M","M","T","R","$","R","B",null,"M","?","M","M","T","M","M","$","T","?","?","$","M","$","R","B",null,"M","?","M","?","T","R","M","R","T","M","$","M","$","M","R","B"],"character_chosen":"IRONCLAD","items_purchased":["Bag of Preparation","Heavy Blade","Swift Potion"],"gold_per_floor":[113,126,126,76,1,1,36,36,36,61,76,102,102,2,2,133,133,146,146,160,174,174,192,204,204,204,204,204,61,79,27,27,132,132,143,190,206,206,232,232,246,246,246,258,158,176,126,137,137,137],"floor_reached":51,"campfire_rested":0,"playtime":3078,"current_hp_per_floor":[80,80,60,60,60,60,46,46,46,52,57,57,57,57,57,62,80,80,80,77,70,70,66,65,65,65,65,65,65,50,50,50,42,80,80,80,79,69,74,74,74,74,74,80,80,80,80,80,80,33],"items_purged":["Strike_R","Defend_R","Clumsy","Madness"],"gold":137,"play_id":"1a79f414-9b9c-45ab-ada7-61943655968a","is_prod":false,"is_daily":false,"is_ascension_mode":false,"campfire_upgraded":5,"path_taken":["M","M","?","?","?","R","E","R","T","?","?","?","R","?","R","BOSS","M","?","?","M","?","M","M","$","T","?","?","$","?","?","R","BOSS","M","?","M","?","?","R","M","R","T","M","?","M","$","M","R","BOSS"],"build_version":"2018-01-25-PROD3","purchased_purges":5,"victory":true,"master_deck":["Strike_R+1","Strike_R+1","Defend_R+1","Bash+1","Spot Weakness+1","Battle Trance+1","Impervious","Warcry+1","Wild Strike+1","Inflame+1","Cleave+1","Shrug It Off+1","Infernal Blade","Double Tap","Heavy Blade+1","Madness","Infernal Blade+1"],"max_hp_per_floor":[80,80,80,80,80,80,80,80,80,80,80,80,80,80,80,80,80,80,80,80,80,80,80,80,80,80,80,80,80,80,80,80,80,80,80,80,80,80,80,80,80,80,80,80,80,80,80,80,80,80],"relics":["Burning Blood","Whetstone","Bloody Idol","Bottled Lightning","Red Skull","Regal Pillow","Astrolabe","Omamori","Frozen Eye","Bag of Preparation","Cursed Key","Shovel","Lantern","Pantograph","Smiling Mask","Oddly Smooth Stone","Prayer Wheel"],"card_choices":[{"not_picked":["Clothesline","Dark Embrace"],"picked":"Spot Weakness"},{"not_picked":["Rupture","Flame Barrier"],"picked":"Battle Trance"},{"not_picked":["Juggernaut","Double Tap"],"picked":"Impervious"},{"not_picked":["Rage","Entrench"],"picked":"Cleave"},{"not_picked":["Thunderclap","Armaments"],"picked":"Shrug It Off"},{"not_picked":["Armaments","Ghostly Armor"],"picked":"Double Tap"},{"not_picked":["Combust","Barricade"],"picked":"Infernal Blade"}],"player_experience":88267,"potions_floor_usage":[46,50,50,50],"damage_taken":[{"damage":1.0,"enemies":"Cultist","floor":1.0,"turns":3.0},{"damage":1.0,"enemies":"Jaw Worm","floor":2.0,"turns":3.0},{"damage":20.0,"enemies":"Gremlin Nob","floor":7.0,"turns":4.0},{"damage":0.0,"enemies":"2 Louse","floor":10.0,"turns":2.0},{"damage":1.0,"enemies":"2 Fungi Beasts","floor":11.0,"turns":5.0},{"damage":1.0,"enemies":"Slime Boss","floor":16.0,"turns":7.0},{"damage":2.0,"enemies":"Chosen","floor":18.0,"turns":3.0},{"damage":14.0,"enemies":"Shell Parasite","floor":20.0,"turns":3.0},{"damage":18.0,"enemies":"3 Cultists","floor":21.0,"turns":3.0},{"damage":15.0,"enemies":"Snecko","floor":23.0,"turns":4.0},{"damage":12.0,"enemies":"Centurion and Healer","floor":24.0,"turns":4.0},{"damage":26.0,"enemies":"Chosen and Byrds","floor":30.0,"turns":6.0},{"damage":19.0,"enemies":"Champ","floor":33.0,"turns":9.0},{"damage":0,"enemies":"Orb Walker","floor":35,"turns":2},{"damage":10,"enemies":"Mysterious Sphere","floor":36,"turns":4},{"damage":12,"enemies":"3 Shapes","floor":37,"turns":4},{"damage":11,"enemies":"Maw","floor":41,"turns":5},{"damage":4,"enemies":"3 Darklings","floor":44,"turns":4},{"damage":0,"enemies":"Sphere and 2 Shapes","floor":46,"turns":4},{"damage":6,"enemies":"Maw","floor":48,"turns":5},{"damage":53,"enemies":"Awakened One","floor":50,"turns":15}],"event_choices":[{"event_name":"Golden Idol","player_choice":"Take Damage","floor":3.0,"damage_taken":0.0},{"event_name":"The Cleric","player_choice":"Card Removal","floor":4.0,"damage_taken":0.0},{"event_name":"Forgotten Altar","player_choice":"Gave Idol","floor":19.0,"damage_taken":0.0},{"event_name":"Wheel of Change","player_choice":"Curse","floor":27.0,"damage_taken":0.0},{"event_name":"The Library","player_choice":"Read","floor":28.0,"damage_taken":0.0},{"event_name":"Mysterious Sphere","player_choice":"Fight","floor":36,"damage_taken":0},{"event_name":"Winding Halls","player_choice":"Embrace Madness","floor":38,"damage_taken":0}],"boss_relics":[{"not_picked":["Black Star","Snecko Eye"],"picked":"Cursed Key"}],"potions_floor_spawned":[10,11,16,18,23,37,46,48],"seed_played":"-3359067438501282851","ascension_level":0,"is_trial":false}