{"path_per_floor":["M","?","M","M","$","R","?","R","T","M","?","M","M","M","R","B",null,"M","$","?","$","?","R","?","R","T","$","M","M","M","E","R","B",null,"M","$","?","?","M","E","R","E","T","M"],"character_chosen":"IRONCLAD","items_purchased":["Gambling Chip","Juggernaut","Offering","Molten Egg","War Paint"],"gold_per_floor":[115,290,302,314,22,22,22,22,75,86,86,100,125,143,143,268,268,293,218,218,76,76,76,76,76,376,65,83,94,111,143,143,246,246,257,4,4,0,13,40,40,70,70,82],"floor_reached":45,"campfire_rested":1,"playtime":7073,"current_hp_per_floor":[87,87,75,75,75,75,75,75,75,79,58,46,46,45,45,29,87,87,87,87,87,87,87,87,87,87,87,75,54,61,35,61,64,87,87,87,87,87,86,74,74,37,37,13],"items_purged":["Doubt","Bash"],"gold":82,"play_id":"20904a49-2747-4df7-9e25-b3a285de8570","is_prod":false,"is_daily":false,"is_ascension_mode":false,"campfire_upgraded":6,"path_taken":["M","?","M","M","$","R","?","R","T","M","?","M","?","M","R","BOSS","M","$","?","?","?","R","?","R","T","?","M","?","M","E","R","BOSS","M","$","?","?","M","E","R","E","T","?","M"],"build_version":"2018-01-25-PROD3","purchased_purges":2,"victory":false,"master_deck":["Strike_R+1","Defend_R","Defend_R","Defend_R+1","Defend_R","Metallicize+1","Metallicize+1","Metallicize+1","Rampage+1","Barricade+1","Double Tap+1","Metallicize+1","Juggernaut","Offering+1","Dual Wield+1","Fiend Fire+1","Fiend Fire+1","Barricade+1","Burning Pact+1"],"max_hp_per_floor":[87,87,87,87,87,87,87,87,87,87,87,87,87,87,87,87,87,87,87,87,87,87,87,87,87,87,87,87,87,87,87,87,87,87,87,87,87,87,87,87,87,87,87,87],"relics":["Burning Blood","Strawberry","Gambling Chip","Pen Nib","Bloody Idol","Question Card","Old Coin","Molten Egg","Kunai","Astrolabe","War Paint","Red Mask","Whetstone","Blue Candle","Regal Pillow"],"card_choices":[{"not_picked":["True Grit","Burning Pact"],"picked":"Metallicize"},{"not_picked":["Clothesline","Sword Boomerang"],"picked":"Metallicize"},{"not_picked":["Searing Blow","Feel No Pain"],"picked":"Metallicize"},{"not_picked":["Evolve","Clash"],"picked":"Rampage"},{"not_picked":["Wild Strike","Corruption"],"picked":"Barricade"},{"not_picked":["Feed","Dark Embrace"],"picked":"Double Tap"},{"not_picked":["Anger","Feel No Pain","Burning Pact"],"picked":"Dual Wield"},{"not_picked":["Double Tap","Berserk","Barricade"],"picked":"Fiend Fire"},{"not_picked":["True Grit","Thunderclap","Shrug It Off"],"picked":"Burning Pact"}],"player_experience":76631,"potions_floor_usage":[16,28,31,40,42],"damage_taken":[{"damage":1,"enemies":"Cultist","floor":1,"turns":4},{"damage":18,"enemies":"Blue Slaver","floor":3,"turns":6},{"damage":6,"enemies":"Jaw Worm","floor":4,"turns":5},{"damage":2,"enemies":"2 Fungi Beasts","floor":10,"turns":5},{"damage":18,"enemies":"Exordium Thugs","floor":12,"turns":5},{"damage":6,"enemies":"Looter","floor":13,"turns":3},{"damage":7,"enemies":"Exordium Wildlife","floor":14,"turns":9},{"damage":22,"enemies":"The Guardian","floor":16,"turns":16},{"damage":6,"enemies":"3 Byrds","floor":18,"turns":9},{"damage":28,"enemies":"2 Thieves","floor":28,"turns":4},{"damage":32,"enemies":"Slaver and Parasite","floor":29,"turns":8},{"damage":4,"enemies":"Centurion and Healer","floor":30,"turns":8},{"damage":37,"enemies":"Gremlin Leader","floor":31,"turns":11},{"damage":8,"enemies":"Champ","floor":33,"turns":95},{"damage":10,"enemies":"3 Shapes","floor":35,"turns":8},{"damage":12,"enemies":"Orb Walker","floor":39,"turns":8},{"damage":23,"enemies":"Nemesis","floor":40,"turns":16},{"damage":48,"enemies":"Giant Head","floor":42,"turns":15},{"damage":35,"enemies":"3 Darklings","floor":44,"turns":51},{"damage":20,"enemies":"4 Shapes","floor":45,"turns":4}],"event_choices":[{"event_name":"Liars Game","player_choice":"agreed","floor":2,"damage_taken":0},{"event_name":"Transmorgrifier","player_choice":"Transform","floor":7,"damage_taken":0},{"event_name":"Golden Idol","player_choice":"Take Damage","floor":11,"damage_taken":0},{"event_name":"The Library","player_choice":"Read","floor":20,"damage_taken":0},{"event_name":"Forgotten Altar","player_choice":"Gave Idol","floor":22,"damage_taken":0},{"event_name":"Purifier","player_choice":"One Purge","floor":24,"damage_taken":0},{"event_name":"Tomb of Lord Red Mask","player_choice":"Paid","floor":38,"damage_taken":0}],"boss_relics":[{"not_picked":["Eternal Feather","Snecko Eye"],"picked":"Question Card"},{"not_picked":["Runic Dome","Orrery"],"picked":"Astrolabe"}],"potions_floor_spawned":[3,14,18,28,31,35],"seed_played":"-9029413702649013564","killed_by":"4 Shapes","ascension_level":0,"is_trial":false}