{"path_per_floor":["M","?","?","$","M","E","R","M","T","$","?","M","R","M","R","B",null,"M","M","?","?","$","R","M","R","T","E","?","R","E","M","R","B",null,"M","?","$","?","$","R","M","R","T","R","M","?","E","?","R"],"character_chosen":"IRONCLAD","items_purchased":["Combust","Toolbox","Anchor","Blood for Blood"],"gold_per_floor":[116,116,116,8,23,51,51,66,66,66,131,143,143,154,154,255,255,270,290,290,290,34,34,46,46,46,77,77,77,105,116,116,218,218,238,238,38,38,2,2,21,21,45,45,63,0,331,331,331],"floor_reached":50,"campfire_rested":2,"playtime":2985,"current_hp_per_floor":[75,59,59,59,55,41,41,38,38,38,38,30,30,26,50,14,80,70,66,66,56,56,56,52,52,52,56,62,62,61,55,55,41,80,73,63,63,63,63,63,60,60,60,60,73,73,43,43,67],"items_purged":["Normality","Normality"],"gold":331,"play_id":"6956f662-d6b4-4a60-9f80-d76f997f8b80","is_prod":false,"is_daily":false,"is_ascension_mode":false,"campfire_upgraded":9,"path_taken":["M","?","?","$","M","E","R","M","T","$","?","?","R","M","R","BOSS","M","M","?","?","$","R","M","R","T","E","?","R","E","M","R","BOSS","M","?","?","?","?","R","M","R","T","R","M","?","E","?","R","BOSS"],"build_version":"2018-01-25-PROD3","purchased_purges":3,"victory":false,"master_deck":["Defend_R+1","Defend_R","Defend_R+1","Defend_R","Bash","Combust+1","Blood for Blood","Inflame+1","Heavy Blade+1","Reaper","Reaper","Rupture+1","Combust+1","Bludgeon+1","Bite_R","Bite_R","Bite_R","Bite_R","Bite_R","Dual Wield+1","Double Tap+1","Clumsy","Finesse","Berserk+1","Parasite","Pain","Madness+1","Madness+1","Blood for Blood","Bloodletting+1","Infernal Blade+1"],"max_hp_per_floor":[80,80,80,80,80,80,80,80,80,80,80,80,80,80,80,80,80,80,80,80,56,56,56,56,56,56,56,62,62,62,62,62,62,80,80,80,80,80,80,80,80,80,80,80,80,80,80,80,80],"relics":["Burning Blood","Happy Flower","Orichalcum","Darkstone Periapt","Smiling Mask","Lizard Tail","Toolbox","Du-Vu Doll","Lantern","Ancient Tea Set","Calling Bell","Dodecahedron","Shuriken","Torii","Anchor","Juzu Bracelet","Red Mask","Old Coin"],"card_choices":[{"not_picked":["Flame Barrier","Cleave"],"picked":"Blood for Blood"},{"not_picked":["Power Through","Flex"],"picked":"Inflame"},{"not_picked":["Iron Wave","Uppercut"],"picked":"Heavy Blade"},{"not_picked":["Metallicize","Sentinel"],"picked":"Reaper"},{"not_picked":["Brutality","Fiend Fire"],"picked":"Reaper"},{"not_picked":["Heavy Blade","Anger"],"picked":"Rupture"},{"not_picked":["Flex","Iron Wave"],"picked":"Combust"},{"not_picked":["Twin Strike","Sentinel"],"picked":"Dual Wield"},{"not_picked":["Fiend Fire","Reaper"],"picked":"Berserk"},{"not_picked":["Perfected Strike","Searing Blow"],"picked":"Twin Strike"},{"not_picked":["Havoc","Perfected Strike"],"picked":"Bloodletting"},{"not_picked":["Clash","Perfected Strike"],"picked":"Infernal Blade"}],"player_experience":53890,"potions_floor_usage":[11,11,16,18,33,33,33,45,45,50,50,50],"damage_taken":[{"damage":11,"enemies":"Jaw Worm","floor":1,"turns":3},{"damage":10,"enemies":"Small Slimes","floor":5,"turns":3},{"damage":20,"enemies":"Lagavulin","floor":6,"turns":5},{"damage":9,"enemies":"Blue Slaver","floor":8,"turns":4},{"damage":18,"enemies":"Lagavulin Event","floor":11,"turns":6},{"damage":14,"enemies":"2 Fungi Beasts","floor":12,"turns":3},{"damage":10,"enemies":"Large Slime","floor":14,"turns":4},{"damage":49,"enemies":"The Guardian","floor":16,"turns":10},{"damage":21,"enemies":"Chosen","floor":18,"turns":5},{"damage":20,"enemies":"Shell Parasite","floor":19,"turns":6},{"damage":22,"enemies":"Centurion and Healer","floor":24,"turns":6},{"damage":21,"enemies":"Gremlin Leader","floor":27,"turns":6},{"damage":43,"enemies":"Slavers","floor":30,"turns":5},{"damage":26,"enemies":"Snecko","floor":31,"turns":4},{"damage":100,"enemies":"Automaton","floor":33,"turns":8},{"damage":13,"enemies":"Orb Walker","floor":35,"turns":3},{"damage":13,"enemies":"3 Shapes","floor":41,"turns":5},{"damage":47,"enemies":"Maw","floor":45,"turns":8},{"damage":42,"enemies":"2 Orb Walkers","floor":47,"turns":5},{"damage":136,"enemies":"Donu and Deca","floor":50,"turns":7}],"event_choices":[{"event_name":"Shining Light","player_choice":"Entered Light","floor":2,"damage_taken":0},{"event_name":"Accursed Blacksmith","player_choice":"Rummage","floor":3,"damage_taken":0},{"event_name":"Dead Adventurer","player_choice":"Searched \u00272\u0027 times","floor":11,"damage_taken":0},{"event_name":"Transmorgrifier","player_choice":"Transform","floor":20,"damage_taken":0},{"event_name":"Vampires","player_choice":"Became a vampire","floor":21,"damage_taken":0},{"event_name":"Match and Keep!","player_choice":"3 cards matched","floor":28,"damage_taken":0},{"event_name":"Winding Halls","player_choice":"Embrace Madness","floor":36,"damage_taken":0},{"event_name":"The Lab","player_choice":"Got Potions","floor":38,"damage_taken":0},{"event_name":"Tomb of Lord Red Mask","player_choice":"Paid","floor":46,"damage_taken":0}],"boss_relics":[{"not_picked":["Runic Dome","Sozu"],"picked":"Lizard Tail"},{"not_picked":["Mark of Pain","Question Card"],"picked":"Calling Bell"}],"potions_floor_spawned":[5,6,12,16,24,27,31,41,45,47],"seed_played":"-7342786543200309256","killed_by":"Donu and Deca","ascension_level":0,"is_trial":false}