{"path_per_floor":["M","M","M","M","?","E","M","R","T","?","M","$","?","E","R","B",null,"M","M","M","?","M","R","E","M","T","M","?","M"],"character_chosen":"IRONCLAD","items_purchased":["Pen Nib"],"gold_per_floor":[115,133,144,159,159,187,201,201,281,281,296,139,139,170,170,267,267,251,265,277,277,296,296,324,335,335,347,347,366],"floor_reached":30,"campfire_rested":1,"playtime":2539,"current_hp_per_floor":[71,67,68,70,70,35,37,37,37,12,13,13,13,9,33,27,80,75,75,69,69,65,65,32,34,34,26,26,22],"items_purged":[],"gold":366,"play_id":"3501052f-d7d8-4fb1-bc39-321e212e25c0","is_prod":false,"is_daily":false,"is_ascension_mode":false,"campfire_upgraded":2,"path_taken":["M","M","M","?","?","E","M","R","T","?","M","$","?","E","R","BOSS","M","M","M","?","M","R","E","M","T","M","?","M","E"],"build_version":"2018-01-25-PROD3","purchased_purges":0,"victory":false,"master_deck":["Strike_R","Strike_R","Strike_R","Strike_R","Strike_R","Defend_R","Defend_R","Defend_R","Defend_R","Bash","Offering","Flex+1","Shrug It Off","Limit Break+1","Shrug It Off","Disarm","Impervious","Flex+1","Heavy Blade+1","Flex+1","Heavy Blade","Inflame","Warcry+1"],"max_hp_per_floor":[80,80,80,80,80,80,80,80,80,80,80,80,80,80,80,80,80,80,80,80,80,80,80,80,80,80,80,80,80],"relics":["Burning Blood","Self Forming Clay","Kunai","Vajra","Pen Nib","Orichalcum","Anchor","Black Star","Calipers","Toxic Egg","Prayer Wheel","Ginger"],"card_choices":[{"not_picked":["Clash","Blood for Blood"],"picked":"Flex"},{"not_picked":["Clothesline","Dropkick"],"picked":"Shrug It Off"},{"not_picked":["Body Slam","Cleave"],"picked":"Limit Break"},{"not_picked":["Clothesline","Blood for Blood"],"picked":"Shrug It Off"},{"not_picked":["Body Slam","Fiend Fire"],"picked":"Disarm"},{"not_picked":["Bludgeon","Juggernaut"],"picked":"Impervious"},{"not_picked":["Intimidate","Thunderclap"],"picked":"Flex"},{"not_picked":["Pommel Strike","Flex"],"picked":"Heavy Blade"},{"not_picked":["Bludgeon","Shrug It Off"],"picked":"Flex"},{"not_picked":["Iron Wave","Shrug It Off"],"picked":"Heavy Blade"},{"not_picked":["Bloodletting","Sever Soul"],"picked":"Warcry"}],"player_experience":18961,"potions_floor_usage":[6,14,14,16,30,30,30],"damage_taken":[{"damage":15,"enemies":"Blue Slaver","floor":1,"turns":6},{"damage":10,"enemies":"Jaw Worm","floor":2,"turns":3},{"damage":5,"enemies":"Cultist","floor":3,"turns":3},{"damage":4,"enemies":"2 Fungi Beasts","floor":4,"turns":3},{"damage":41,"enemies":"3 Sentries","floor":6,"turns":9},{"damage":4,"enemies":"Looter","floor":7,"turns":2},{"damage":5,"enemies":"3 Louse","floor":11,"turns":3},{"damage":10,"enemies":"Lagavulin","floor":14,"turns":8},{"damage":12,"enemies":"The Guardian","floor":16,"turns":6},{"damage":11,"enemies":"2 Thieves","floor":18,"turns":5},{"damage":6,"enemies":"Shell Parasite","floor":19,"turns":6},{"damage":12,"enemies":"Snecko","floor":20,"turns":5},{"damage":10,"enemies":"Centurion and Healer","floor":22,"turns":8},{"damage":39,"enemies":"Slavers","floor":24,"turns":9},{"damage":4,"enemies":"Snake Plant","floor":25,"turns":3},{"damage":14,"enemies":"3 Cultists","floor":27,"turns":4},{"damage":10,"enemies":"Centurion and Healer","floor":29,"turns":5},{"damage":28,"enemies":"Gremlin Leader","floor":30,"turns":6}],"event_choices":[{"event_name":"Upgrade Shrine","player_choice":"Upgraded","floor":5,"damage_taken":0},{"event_name":"Scrap Ooze","player_choice":"success","floor":10,"damage_taken":25},{"event_name":"Wheel of Change","player_choice":"Relic","floor":13,"damage_taken":0},{"event_name":"The Mausoleum","player_choice":"Yes","floor":21,"damage_taken":0},{"event_name":"The Library","player_choice":"Read","floor":28,"damage_taken":0}],"boss_relics":[{"not_picked":["Black Blood","Question Card"],"picked":"Black Star"}],"potions_floor_spawned":[2,4,6,7,11,16,18,20,25],"seed_played":"2365108602841761363","killed_by":"Gremlin Leader","ascension_level":0,"is_trial":false}