{"path_per_floor":["M","?","M","?","M","R","E","M","T","M","E","M","R","$","R","B",null,"M","?","M","$","?","E","?","R","T","R","?","M","R","E","R","B",null,"M","M","$","M","M","R","M","?","T","M","R","$","?","?","R"],"character_chosen":"IRONCLAD","items_purchased":["Bag of Preparation","Flex"],"gold_per_floor":[115,115,139,139,154,154,192,217,217,238,269,282,282,12,12,143,143,162,162,186,86,86,113,13,13,40,40,40,50,50,84,84,186,186,197,213,88,98,117,117,137,137,160,177,177,27,27,80,80],"floor_reached":50,"campfire_rested":3,"playtime":2262,"current_hp_per_floor":[78,58,56,40,48,48,35,39,39,40,28,24,48,48,48,35,80,80,64,70,70,70,77,77,77,80,80,80,67,67,43,80,58,80,62,56,56,75,72,72,71,71,83,70,70,70,70,62,87],"items_purged":["Strike_R","Strike_R","Normality","Regret"],"gold":80,"play_id":"b5bec715-8092-456c-9adb-1355d7ddc06d","is_prod":false,"is_daily":false,"is_ascension_mode":false,"campfire_upgraded":7,"path_taken":["M","?","?","?","M","R","E","M","T","?","E","M","R","$","R","BOSS","M","?","?","$","?","E","?","R","T","R","?","M","R","E","R","BOSS","M","M","$","M","M","R","M","?","T","M","R","$","?","?","R","BOSS"],"build_version":"2018-01-25-PROD3","purchased_purges":4,"victory":false,"master_deck":["Strike_R+1","Strike_R+1","Strike_R+1","Defend_R+1","Defend_R+1","Defend_R+1","Defend_R+1","Bash+1","Whirlwind+1","Flex+1","Inflame+1","Flex+1","Limit Break+1","Necronomicurse","Demon Form+1","J.A.X.+1","Pommel Strike+1"],"max_hp_per_floor":[80,80,80,80,80,80,80,80,80,80,80,80,80,80,80,80,80,80,80,80,80,80,80,80,80,80,80,80,80,80,80,80,80,80,80,80,80,80,80,80,80,80,87,87,87,87,87,87,87],"relics":["Burning Blood","Bloody Idol","Whetstone","Gremlin Horn","War Paint","Bag of Preparation","Black Star","Necronomicon","Regal Pillow","Omamori","Blood Vial","Magic Flower","Champion Belt","Calling Bell","Ornamental Fan","Meat on the Bone","Kunai","Strawberry","Ginger"],"card_choices":[{"not_picked":["Iron Wave","Rampage"],"picked":"Whirlwind"},{"not_picked":["Body Slam","Shockwave"],"picked":"Flex"},{"not_picked":["Burning Pact","Iron Wave"],"picked":"Inflame"},{"not_picked":["Juggernaut","Immolate"],"picked":"Limit Break"},{"not_picked":["Twin Strike","Heavy Blade"],"picked":"Demon Form"},{"not_picked":["Clothesline","Warcry"],"picked":"Pommel Strike"}],"player_experience":51134,"potions_floor_usage":[5,23,31,33,38,50,50],"damage_taken":[{"damage":8,"enemies":"2 Louse","floor":1,"turns":3},{"damage":8,"enemies":"Small Slimes","floor":3,"turns":4},{"damage":13,"enemies":"Blue Slaver","floor":5,"turns":7},{"damage":19,"enemies":"3 Sentries","floor":7,"turns":3},{"damage":2,"enemies":"Gremlin Gang","floor":8,"turns":2},{"damage":5,"enemies":"Looter","floor":10,"turns":2},{"damage":18,"enemies":"Lagavulin","floor":11,"turns":3},{"damage":10,"enemies":"2 Fungi Beasts","floor":12,"turns":3},{"damage":19,"enemies":"Slime Boss","floor":16,"turns":7},{"damage":5,"enemies":"Spheric Guardian","floor":18,"turns":3},{"damage":0,"enemies":"Chosen","floor":20,"turns":2},{"damage":4,"enemies":"Slavers","floor":23,"turns":2},{"damage":24,"enemies":"Snake Plant","floor":29,"turns":3},{"damage":46,"enemies":"Book of Stabbing","floor":31,"turns":4},{"damage":36,"enemies":"Champ","floor":33,"turns":7},{"damage":50,"enemies":"3 Shapes","floor":35,"turns":6},{"damage":23,"enemies":"Orb Walker","floor":36,"turns":3},{"damage":3,"enemies":"Sphere and 2 Shapes","floor":38,"turns":2},{"damage":38,"enemies":"4 Shapes","floor":39,"turns":2},{"damage":36,"enemies":"3 Darklings","floor":41,"turns":3},{"damage":30,"enemies":"Maw","floor":44,"turns":6},{"damage":25,"enemies":"Mysterious Sphere","floor":48,"turns":2},{"damage":100,"enemies":"Donu and Deca","floor":50,"turns":5}],"event_choices":[{"event_name":"Golden Idol","player_choice":"Take Damage","floor":2,"damage_taken":0},{"event_name":"Shining Light","player_choice":"Entered Light","floor":4,"damage_taken":0},{"event_name":"Cursed Tome","player_choice":"Obtained Book","floor":19,"damage_taken":0},{"event_name":"Forgotten Altar","player_choice":"Gave Idol","floor":22,"damage_taken":0},{"event_name":"Drug Dealer","player_choice":"Got JAXXED","floor":24,"damage_taken":0},{"event_name":"Accursed Blacksmith","player_choice":"Forge","floor":28,"damage_taken":0},{"event_name":"Tomb of Lord Red Mask","player_choice":"Ignored","floor":42,"damage_taken":0},{"event_name":"Upgrade Shrine","player_choice":"Skipped","floor":47,"damage_taken":0},{"event_name":"Mysterious Sphere","player_choice":"Fight","floor":48,"damage_taken":0}],"boss_relics":[{"not_picked":["Mark of Pain","Runic Cube"],"picked":"Black Star"},{"not_picked":["Black Blood","Question Card"],"picked":"Calling Bell"}],"potions_floor_spawned":[3,7,8,18,23,36,38],"seed_played":"5228289931861510718","killed_by":"Donu and Deca","ascension_level":0,"is_trial":false}