{"path_per_floor":["M","$","M","$","M","R","M","R","T","?","M","R","?","?","R","B",null,"M","$","M","?","?","R"],"character_chosen":"IRONCLAD","items_purchased":["Iron Wave","Juzu Bracelet","Thunderclap","Limit Break"],"gold_per_floor":[419,143,153,1,14,14,28,28,28,28,40,40,215,215,215,319,319,329,68,86,86,11,11],"floor_reached":24,"campfire_rested":1,"playtime":1072,"current_hp_per_floor":[65,65,71,71,66,66,56,56,56,42,38,38,38,38,59,36,72,45,45,19,19,19,19],"items_purged":["Strike_R","Strike_R","Defend_R"],"gold":11,"play_id":"cf2f309f-9ee1-4395-b4b5-5a2d2798d129","is_prod":false,"is_daily":false,"is_ascension_mode":false,"campfire_upgraded":4,"path_taken":["M","$","M","?","M","R","M","R","T","?","M","R","?","?","R","BOSS","M","$","M","?","?","R","M"],"build_version":"2018-01-25-PROD3","purchased_purges":3,"victory":false,"master_deck":["Strike_R","Strike_R","Strike_R","Defend_R+1","Defend_R","Defend_R","Bash","Heavy Blade+1","Iron Wave+1","Spot Weakness+1","Thunderclap+1","Pommel Strike+1","Feed","Limit Break+1"],"max_hp_per_floor":[72,72,72,72,72,72,72,72,72,72,72,72,72,72,72,72,72,75,75,75,75,75,75],"relics":["Burning Blood","Old Coin","Juzu Bracelet","Toxic Egg","Question Card","Mummified Hand"],"card_choices":[{"not_picked":["Searing Blow","True Grit"],"picked":"Heavy Blade"},{"not_picked":["Hemokinesis","Battle Trance"],"picked":"Spot Weakness"},{"not_picked":["Evolve","Feel No Pain"],"picked":"Pommel Strike"},{"not_picked":["Exhume","Dark Embrace"],"picked":"Feed"}],"player_experience":113636,"potions_floor_usage":[24,24,24],"damage_taken":[{"damage":13,"enemies":"Blue Slaver","floor":1,"turns":5},{"damage":0,"enemies":"Small Slimes","floor":3,"turns":3},{"damage":11,"enemies":"Jaw Worm","floor":5,"turns":5},{"damage":16,"enemies":"Exordium Thugs","floor":7,"turns":5},{"damage":10,"enemies":"Looter","floor":11,"turns":3},{"damage":29,"enemies":"Slime Boss","floor":16,"turns":8},{"damage":36,"enemies":"3 Byrds","floor":18,"turns":5},{"damage":32,"enemies":"Chosen","floor":20,"turns":8},{"damage":26,"enemies":"3 Cultists","floor":24,"turns":3}],"event_choices":[{"event_name":"Shining Light","player_choice":"Entered Light","floor":10,"damage_taken":0},{"event_name":"Liars Game","player_choice":"agreed","floor":13,"damage_taken":0},{"event_name":"Living Wall","player_choice":"Forget","floor":14,"damage_taken":0},{"event_name":"The Mausoleum","player_choice":"Yes","floor":21,"damage_taken":0},{"event_name":"Beggar","player_choice":"Gave Gold","floor":22,"damage_taken":0}],"boss_relics":[{"not_picked":["Velvet Choker","Tiny House"],"picked":"Question Card"}],"potions_floor_spawned":[1,16,20],"seed_played":"-6736195108434053","killed_by":"3 Cultists","ascension_level":0,"is_trial":false}