{"path_per_floor":["M","?","M","?","T","R","M","R","T","M","M","$","R","M","R","B",null,"M","?","?","$","?","R","M","R","T","?","E","T","?","M","R","B",null,"M","M","M","M","?","R","E","M","T","R"],"character_chosen":"IRONCLAD","items_purchased":["Whirlwind","Ancient Tea Set"],"gold_per_floor":[113,113,125,125,148,148,164,164,209,220,231,3,3,18,18,119,119,134,134,134,59,59,59,75,75,75,75,110,135,135,145,145,245,245,257,269,286,300,300,300,333,352,379,379],"floor_reached":45,"campfire_rested":3,"playtime":2978,"current_hp_per_floor":[80,80,78,78,78,78,80,80,80,76,74,74,74,71,71,10,80,66,56,47,47,47,47,56,56,56,56,16,16,16,21,37,17,56,56,53,41,14,14,36,38,12,12,34],"items_purged":["Exhume"],"gold":379,"play_id":"e8f9709a-53c5-4d6d-8a97-09fbbdc61c44","is_prod":false,"is_daily":false,"is_ascension_mode":false,"campfire_upgraded":6,"path_taken":["M","?","?","?","?","R","M","R","T","M","?","$","R","M","R","BOSS","M","?","?","$","?","R","M","R","T","?","E","?","?","?","R","BOSS","M","?","?","M","?","R","E","M","T","R","M"],"build_version":"2018-02-01-PROD3","purchased_purges":1,"victory":false,"master_deck":["Defend_R","Defend_R","Defend_R","Defend_R","Bash+1","Flex+1","Heavy Blade+1","Whirlwind+1","Pummel+1","Limit Break+1","Bite","Bite","Bite","Bite","Bite+1","Flex+1","Demon Form","Limit Break+1"],"max_hp_per_floor":[80,80,80,80,80,80,80,80,80,80,80,80,80,80,80,80,80,80,56,56,56,56,56,56,56,56,56,56,56,56,56,56,56,56,56,56,56,56,56,56,56,56,56,56],"relics":["Burning Blood","Dream Catcher","Whetstone","Ancient Tea Set","Lizard Tail","Dead Branch","Thread and Needle","Bag of Preparation","Eternal Feather","Blood Vial","Juzu Bracelet"],"card_choices":[{"not_picked":["Feel No Pain","Shrug It Off"],"picked":"Flex"},{"not_picked":["Rage","Anger"],"picked":"Heavy Blade"},{"not_picked":["Infernal Blade","Heavy Blade"],"picked":"Pummel"},{"not_picked":["Double Tap","Feed"],"picked":"Limit Break"},{"not_picked":["Cleave","Flex"],"picked":"Demon Form"},{"not_picked":["Bludgeon","Fiend Fire"],"picked":"Limit Break"}],"player_experience":128308,"potions_floor_usage":[28,28,33,33,38,41],"damage_taken":[{"damage":1.0,"enemies":"Jaw Worm","floor":1.0,"turns":6.0},{"damage":8.0,"enemies":"Blue Slaver","floor":3.0,"turns":5.0},{"damage":3.0,"enemies":"Small Slimes","floor":7.0,"turns":3.0},{"damage":10.0,"enemies":"Exordium Wildlife","floor":10.0,"turns":4.0},{"damage":8.0,"enemies":"3 Louse","floor":11.0,"turns":5.0},{"damage":9.0,"enemies":"Large Slime","floor":14.0,"turns":6.0},{"damage":67.0,"enemies":"Hexaghost","floor":16.0,"turns":8.0},{"damage":20.0,"enemies":"2 Thieves","floor":18.0,"turns":3.0},{"damage":5,"enemies":"Shell Parasite","floor":24,"turns":2},{"damage":74,"enemies":"Slavers","floor":28,"turns":8},{"damage":7,"enemies":"Snecko","floor":31,"turns":4},{"damage":56,"enemies":"Champ","floor":33,"turns":10},{"damage":9,"enemies":"Orb Walker","floor":35,"turns":3},{"damage":31,"enemies":"3 Darklings","floor":36,"turns":10},{"damage":23,"enemies":"Sphere and 2 Shapes","floor":37,"turns":5},{"damage":42,"enemies":"Maw","floor":38,"turns":6},{"damage":78,"enemies":"Giant Head","floor":41,"turns":8},{"damage":38,"enemies":"4 Shapes","floor":42,"turns":5},{"damage":51,"enemies":"Sphere and 2 Shapes","floor":45,"turns":7}],"event_choices":[{"event_name":"The Lab","player_choice":"Got Potions","floor":2.0,"damage_taken":0.0},{"event_name":"Living Wall","player_choice":"Grow","floor":4.0,"damage_taken":0.0},{"event_name":"Vampires","player_choice":"Became a vampire","floor":19.0,"damage_taken":0.0},{"event_name":"Cursed Tome","player_choice":"Stopped","floor":20.0,"damage_taken":0.0},{"event_name":"Beggar","player_choice":"Ignored","floor":22.0,"damage_taken":0.0},{"event_name":"Drug Dealer","player_choice":"Ignored","floor":27,"damage_taken":0},{"event_name":"Duplicator","player_choice":"One dupe","floor":30,"damage_taken":0},{"event_name":"Upgrade Shrine","player_choice":"Upgraded","floor":39,"damage_taken":0}],"boss_relics":[{"not_picked":["Question Card","Calling Bell"],"picked":"Eternal Feather"}],"potions_floor_spawned":[1,7,10,24,31,33,38,41,42],"seed_played":"7299787518164457386","killed_by":"Sphere and 2 Shapes","ascension_level":0,"is_trial":false}