{"path_per_floor":["M","?","?","M","?","R","T","M","T","M","R","E","R","$","R","B",null,"M","$","M","M","?","R","M","M","T","?","M","R","E","M","R","B",null,"M","M","?"],"character_chosen":"IRONCLAD","items_purchased":["Reaper","Deep Breath"],"gold_per_floor":[115,115,290,302,302,302,302,321,321,333,333,360,360,125,125,223,223,239,189,209,227,227,227,237,251,297,297,317,317,346,360,360,456,456,474,490,490],"floor_reached":38,"campfire_rested":2,"playtime":2264,"current_hp_per_floor":[76,73,73,77,77,77,77,69,69,75,75,38,38,38,38,21,80,49,49,37,17,17,41,29,51,51,51,33,58,78,58,58,49,95,95,85,85],"items_purged":["Doubt","Decay"],"gold":490,"play_id":"edc28561-4d22-4490-a129-3ae6e47cf487","is_prod":false,"is_daily":false,"is_ascension_mode":false,"campfire_upgraded":5,"path_taken":["M","?","?","M","?","R","?","M","T","?","R","E","R","$","R","BOSS","M","$","M","?","?","R","M","?","T","?","M","R","E","?","R","BOSS","M","M","?","?"],"build_version":"2018-01-25-PROD3","purchased_purges":2,"victory":false,"master_deck":["Strike_R","Strike_R","Strike_R","Strike_R","Strike_R","Defend_R","Defend_R","Defend_R","Defend_R","Berserk","Cleave+1","Whirlwind+1","Shrug It Off+1","Reaper+1","Deep Breath","Demon Form+1","Warcry+1","Thunderclap","Bash","Shrug It Off+1","Injury","Iron Wave","Spot Weakness+1"],"max_hp_per_floor":[80,80,80,80,80,80,80,80,80,80,80,80,80,80,80,80,80,82,82,82,82,82,82,82,84,84,84,86,86,93,93,93,95,95,97,99,99],"relics":["Black Blood","Pen Nib","Ice Cream","Smiling Mask","Singing Bowl","Question Card","Prayer Wheel","Strawberry"],"card_choices":[{"not_picked":["Intimidate","Heavy Blade"],"picked":"Cleave"},{"not_picked":["Rupture","Body Slam"],"picked":"Whirlwind"},{"not_picked":["Heavy Blade","Metallicize"],"picked":"Shrug It Off"},{"not_picked":["Bludgeon","Brutality"],"picked":"Demon Form"},{"not_picked":["True Grit","Flame Barrier","Battle Trance"],"picked":"Warcry"},{"not_picked":["Perfected Strike","Clash","Metallicize"],"picked":"Thunderclap"},{"not_picked":["Evolve","Clash","Reckless Charge"],"picked":"Shrug It Off"},{"not_picked":["Disarm","Berserk","Entrench"],"picked":"Iron Wave"},{"not_picked":["Wild Strike","Thunderclap","Shrug It Off"],"picked":"Spot Weakness"}],"player_experience":114708,"potions_floor_usage":[16,20,21,25,28,30,33],"damage_taken":[{"damage":10,"enemies":"Jaw Worm","floor":1,"turns":5},{"damage":2,"enemies":"2 Louse","floor":4,"turns":3},{"damage":14,"enemies":"Small Slimes","floor":8,"turns":3},{"damage":0,"enemies":"2 Fungi Beasts","floor":10,"turns":1},{"damage":43,"enemies":"Gremlin Nob","floor":12,"turns":5},{"damage":33,"enemies":"Slime Boss","floor":16,"turns":7},{"damage":50,"enemies":"Shell Parasite","floor":18,"turns":9},{"damage":30,"enemies":"2 Thieves","floor":20,"turns":3},{"damage":26,"enemies":"Snake Plant","floor":21,"turns":4},{"damage":32,"enemies":"Centurion and Healer","floor":24,"turns":6},{"damage":5,"enemies":"Snecko","floor":25,"turns":4},{"damage":36,"enemies":"Snake Plant","floor":28,"turns":7},{"damage":39,"enemies":"Gremlin Leader","floor":30,"turns":7},{"damage":26,"enemies":"Centurion and Healer","floor":31,"turns":7},{"damage":44,"enemies":"Champ","floor":33,"turns":10},{"damage":30,"enemies":"3 Shapes","floor":35,"turns":7},{"damage":85,"enemies":"3 Darklings","floor":36,"turns":5},{"damage":92,"enemies":"Maw","floor":38,"turns":9}],"event_choices":[{"event_name":"Scrap Ooze","player_choice":"success","floor":2,"damage_taken":3},{"event_name":"Liars Game","player_choice":"agreed","floor":3,"damage_taken":0},{"event_name":"Wheel of Change","player_choice":"Curse","floor":5,"damage_taken":0},{"event_name":"Match and Keep!","player_choice":"1 cards matched","floor":22,"damage_taken":0},{"event_name":"Accursed Blacksmith","player_choice":"Forge","floor":27,"damage_taken":0}],"boss_relics":[{"not_picked":["Calling Bell","Runic Cube"],"picked":"Question Card"},{"not_picked":["Cursed Key","Black Star"],"picked":"Black Blood"}],"potions_floor_spawned":[1,12,16,18,24,25,30,33,35],"seed_played":"7937679440502761516","killed_by":"Maw","ascension_level":0,"is_trial":false}