{"path_per_floor":["M","?","?","M","$","E","M","T","T","R","$","?","R","M","R","B",null,"M","?","?","?","M","R","?","R","T","R","M","R","M","M","R","B",null,"M","?","?","?","M","R","M","$","T","M","R","?","R","M","R","B"],"character_chosen":"IRONCLAD","items_purchased":["Rampage"],"gold_per_floor":[110,110,60,73,36,66,86,86,86,86,11,11,11,29,29,133,133,150,50,50,50,70,70,70,70,70,70,81,81,95,112,112,212,212,224,224,224,224,241,241,253,153,153,169,169,169,169,188,188,188],"floor_reached":51,"campfire_rested":4,"playtime":1149,"current_hp_per_floor":[80,80,80,80,80,80,80,80,80,80,80,77,77,80,80,72,80,80,80,64,64,67,67,52,77,87,87,76,76,79,81,81,74,95,95,95,95,95,62,62,34,34,34,25,53,53,81,63,91,26],"items_purged":["Strike_R","Strike_R"],"gold":188,"score":568,"play_id":"0a9c53d9-86d2-41da-b255-f354ebb16e00","is_prod":false,"is_daily":false,"is_ascension_mode":false,"campfire_upgraded":8,"path_taken":["M","?","?","M","$","E","M","?","T","R","$","?","R","M","R","BOSS","M","?","?","?","M","R","?","R","T","R","M","R","M","M","R","BOSS","M","?","?","?","M","R","M","$","T","M","R","?","R","M","R","BOSS"],"build_version":"2018-02-15-PROD1","purchased_purges":2,"victory":true,"master_deck":["Strike_R","Defend_R","Defend_R","Defend_R","Bash+1","Flex+1","Rampage+1","Whirlwind+1","Limit Break+1","Seeing Red+1","J.A.X.+1","Seeing Red+1","Whirlwind+1","Limit Break+1","Evolve+1"],"max_hp_per_floor":[80,80,80,80,80,80,80,80,80,80,80,80,80,80,80,80,80,80,80,80,80,80,80,85,85,95,95,95,95,95,95,95,95,95,95,95,95,95,95,95,95,95,95,95,95,95,95,95,95,95],"relics":["Burning Blood","NeowsBlessing","Anchor","Dream Catcher","Thread and Needle","Blue Candle","Velvet Choker","Nilry\u0027s Codex","Pear","Sozu","Magic Flower"],"card_choices":[{"not_picked":["Feel No Pain","Twin Strike"],"picked":"Flex"},{"not_picked":["Feed","Bloodletting"],"picked":"Whirlwind"},{"not_picked":["Dark Embrace","Fiend Fire"],"picked":"Limit Break"},{"not_picked":["Anger","Headbutt"],"picked":"Seeing Red"},{"not_picked":["Iron Wave","Sword Boomerang"],"picked":"Seeing Red"},{"not_picked":["Shockwave","Sever Soul"],"picked":"Whirlwind"},{"not_picked":["Immolate","Exhume"],"picked":"Limit Break"},{"not_picked":["Rage","Headbutt"],"picked":"Evolve"}],"player_experience":210997,"potions_floor_usage":[16,30,33],"damage_taken":[{"damage":0,"enemies":"Jaw Worm","floor":1,"turns":1},{"damage":0,"enemies":"Cultist","floor":4,"turns":1},{"damage":0,"enemies":"3 Sentries","floor":6,"turns":2},{"damage":0,"enemies":"2 Louse","floor":7,"turns":2},{"damage":0,"enemies":"Large Slime","floor":14,"turns":3},{"damage":14,"enemies":"The Guardian","floor":16,"turns":10},{"damage":0,"enemies":"2 Thieves","floor":18,"turns":2},{"damage":3,"enemies":"3 Byrds","floor":22,"turns":4},{"damage":17,"enemies":"Snecko","floor":28,"turns":4},{"damage":3,"enemies":"Chosen and Byrds","floor":30,"turns":2},{"damage":4,"enemies":"Centurion and Healer","floor":31,"turns":3},{"damage":13,"enemies":"Champ","floor":33,"turns":6},{"damage":3,"enemies":"Orb Walker","floor":35,"turns":3},{"damage":39,"enemies":"3 Darklings","floor":39,"turns":4},{"damage":34,"enemies":"Maw","floor":41,"turns":5},{"damage":18,"enemies":"Sphere and 2 Shapes","floor":44,"turns":2},{"damage":27,"enemies":"4 Shapes","floor":48,"turns":4},{"damage":74,"enemies":"Time Eater","floor":50,"turns":7}],"event_choices":[{"event_name":"The Lab","player_choice":"Got Potions","floor":2,"damage_taken":0},{"event_name":"The Cleric","player_choice":"Card Removal","floor":3,"damage_taken":0},{"event_name":"Scrap Ooze","player_choice":"success","floor":12,"damage_taken":3},{"event_name":"Drug Dealer","player_choice":"Got JAXXED","floor":19,"damage_taken":0},{"event_name":"Cursed Tome","player_choice":"Obtained Book","floor":20,"damage_taken":0},{"event_name":"Vampires","player_choice":"Ignored","floor":21,"damage_taken":0},{"event_name":"Forgotten Altar","player_choice":"Shed Blood","floor":24,"damage_taken":0},{"event_name":"Tomb of Lord Red Mask","player_choice":"Ignored","floor":36,"damage_taken":0},{"event_name":"Purifier","player_choice":"One Purge","floor":37,"damage_taken":0},{"event_name":"Accursed Blacksmith","player_choice":"Ignore","floor":46,"damage_taken":0}],"boss_relics":[{"not_picked":["Calling Bell","Philosopher\u0027s Stone"],"picked":"Velvet Choker"},{"not_picked":["White Beast Statue","Tiny House"],"picked":"Sozu"}],"potions_floor_spawned":[1,7,14,16,18,22,30,31,39,44],"seed_played":"-1140179473635826977","ascension_level":0,"is_trial":false}