{"path_per_floor":["M","M","$","M","M","R","?","R","T","?","M","?","R","E","R","B",null,"M","?","$","?","M","R","?","M","T","?","M","$","M","M","R"],"character_chosen":"IRONCLAD","items_purchased":["Spot Weakness","Omamori","Heavy Blade"],"gold_per_floor":[118,137,58,69,82,82,82,82,108,108,121,121,121,155,155,254,254,264,264,42,42,52,52,52,70,119,119,130,6,26,39,39],"floor_reached":33,"campfire_rested":0,"playtime":1777,"current_hp_per_floor":[80,80,80,70,61,61,61,61,61,61,67,67,67,52,52,55,80,75,75,75,56,56,56,56,56,56,56,56,56,50,47,47],"items_purged":["Regret","Iron Wave"],"gold":39,"play_id":"213c03cb-1074-40d1-824a-1bb71f8ddd58","is_prod":false,"is_daily":false,"is_ascension_mode":false,"campfire_upgraded":6,"path_taken":["M","M","$","M","M","R","?","R","T","?","M","?","R","E","R","BOSS","M","?","$","?","M","R","?","M","T","?","?","$","M","M","R","BOSS"],"build_version":"2018-02-01-PROD3","purchased_purges":2,"victory":false,"master_deck":["Defend_R+1","Defend_R+1","Defend_R+1","Bash+1","Pommel Strike+1","Spot Weakness+1","Iron Wave+1","Cleave+1","Infernal Blade+1","Bite","Bite","Bite","Bite","Bite","Iron Wave+1","Heavy Blade+1","Evolve+1"],"max_hp_per_floor":[80,80,80,80,80,80,80,80,80,80,80,80,80,80,80,80,80,80,80,80,56,56,56,56,56,56,56,56,56,56,56,56],"relics":["Black Blood","Ancient Tea Set","Lantern","Letter Opener","Pen Nib","Omamori","War Paint"],"card_choices":[{"not_picked":["Body Slam","Wild Strike"],"picked":"Pommel Strike"},{"not_picked":["Flex","Feel No Pain"],"picked":"Iron Wave"},{"not_picked":["Anger","Disarm"],"picked":"Cleave"},{"not_picked":["Wild Strike","Perfected Strike"],"picked":"Iron Wave"},{"not_picked":["Brutality","Armaments"],"picked":"Evolve"}],"player_experience":131286,"potions_floor_usage":[22,22,33,33],"damage_taken":[{"damage":5,"enemies":"Jaw Worm","floor":1,"turns":4},{"damage":5,"enemies":"Small Slimes","floor":2,"turns":4},{"damage":16,"enemies":"Blue Slaver","floor":4,"turns":4},{"damage":15,"enemies":"Large Slime","floor":5,"turns":6},{"damage":0,"enemies":"3 Louse","floor":11,"turns":1},{"damage":21,"enemies":"Lagavulin","floor":14,"turns":5},{"damage":3,"enemies":"Slime Boss","floor":16,"turns":6},{"damage":15,"enemies":"Chosen","floor":18,"turns":4},{"damage":4,"enemies":"2 Thieves","floor":22,"turns":3},{"damage":11,"enemies":"Snake Plant","floor":25,"turns":3},{"damage":13,"enemies":"Centurion and Healer","floor":28,"turns":6},{"damage":24,"enemies":"3 Cultists","floor":30,"turns":6},{"damage":15,"enemies":"Snake Plant","floor":31,"turns":3},{"damage":57,"enemies":"Collector","floor":33,"turns":6}],"event_choices":[{"event_name":"Living Wall","player_choice":"Grow","floor":7,"damage_taken":0},{"event_name":"Transmorgrifier","player_choice":"Transform","floor":10,"damage_taken":0},{"event_name":"Big Fish","player_choice":"Box","floor":12,"damage_taken":0},{"event_name":"Back to Basics","player_choice":"Simplicity","floor":19,"damage_taken":0},{"event_name":"Vampires","player_choice":"Became a vampire","floor":21,"damage_taken":0},{"event_name":"The Library","player_choice":"Read","floor":24,"damage_taken":0},{"event_name":"Purifier","player_choice":"One Purge","floor":27,"damage_taken":0}],"boss_relics":[{"not_picked":["Sozu","Question Card"],"picked":"Black Blood"}],"potions_floor_spawned":[1,5,18,22,30],"seed_played":"547309611742623829","killed_by":"Collector","ascension_level":0,"is_trial":false}