{"path_per_floor":["M","M","?","$","?","R","M","M","T","R","$","R","?","E","R","B",null,"M","$","M","M","M","R","$","M","T","M","M","R","M","$","R"],"character_chosen":"IRONCLAD","items_purchased":["Seeing Red","Whetstone","Flash of Steel","Blood for Blood"],"gold_per_floor":[114,127,127,52,52,52,69,83,83,83,14,14,14,43,43,139,139,151,8,27,42,59,59,59,79,124,136,153,153,173,36,36],"floor_reached":33,"campfire_rested":0,"playtime":1513,"current_hp_per_floor":[80,79,63,63,63,63,67,65,65,65,65,65,65,66,66,28,80,68,68,55,48,11,11,11,13,13,9,36,36,32,32,32],"items_purged":["Strike_R"],"gold":36,"score":249,"play_id":"d2b9596e-1455-4595-9100-83cbc204988e","is_prod":false,"is_daily":false,"is_ascension_mode":false,"campfire_upgraded":4,"path_taken":["M","M","?","$","?","R","M","M","T","R","?","R","?","E","R","BOSS","M","?","M","M","?","R","$","?","T","M","?","R","M","$","R","BOSS"],"build_version":"2018-02-08-PROD1","purchased_purges":1,"victory":false,"master_deck":["Strike_R+1","Strike_R","Strike_R+1","Defend_R","Defend_R","Defend_R","Defend_R","Bash+1","Shrug It Off+1","Cleave+1","Seeing Red+1","Fiend Fire+1","Ghostly Armor+1","Entrench","Flex+1","Impervious","Bloodletting+1","Infernal Blade","Flash of Steel","Blood for Blood"],"max_hp_per_floor":[80,80,80,80,80,80,80,80,80,80,80,80,80,80,80,80,80,80,80,80,80,80,80,80,80,80,80,80,80,80,80,80],"relics":["Burning Blood","Prayer Wheel","Ginger","Shovel","Unceasing Top","Lizard Tail","Whetstone","Oddly Smooth Stone","Dream Catcher","Anchor"],"card_choices":[{"not_picked":["Pummel","Havoc"],"picked":"Shrug It Off"},{"not_picked":["Body Slam","Fiend Fire"],"picked":"Cleave"},{"not_picked":["Sword Boomerang","Body Slam"],"picked":"Fiend Fire"},{"not_picked":["Heavy Blade","Clash"],"picked":"Ghostly Armor"},{"not_picked":["Cleave","Whirlwind"],"picked":"Entrench"},{"not_picked":["Armaments","True Grit"],"picked":"Flex"},{"not_picked":["Heavy Blade","Hemokinesis"],"picked":"Impervious"},{"not_picked":["Warcry","Flex"],"picked":"Bloodletting"},{"not_picked":["Cleave","Flex"],"picked":"Infernal Blade"}],"player_experience":173888,"potions_floor_usage":[27,28,28,28,30],"damage_taken":[{"damage":1,"enemies":"Cultist","floor":1,"turns":3},{"damage":7,"enemies":"2 Louse","floor":2,"turns":3},{"damage":2,"enemies":"Small Slimes","floor":7,"turns":3},{"damage":8,"enemies":"Red Slaver","floor":8,"turns":3},{"damage":5,"enemies":"Gremlin Nob","floor":14,"turns":3},{"damage":44,"enemies":"The Guardian","floor":16,"turns":15},{"damage":18,"enemies":"Chosen","floor":18,"turns":4},{"damage":19,"enemies":"2 Thieves","floor":20,"turns":4},{"damage":13,"enemies":"Centurion and Healer","floor":21,"turns":8},{"damage":43,"enemies":"Sentry and Sphere","floor":22,"turns":22},{"damage":4,"enemies":"Snake Plant","floor":25,"turns":4},{"damage":10,"enemies":"Snecko","floor":27,"turns":9},{"damage":22,"enemies":"Chosen and Byrds","floor":28,"turns":12},{"damage":10,"enemies":"Slaver and Parasite","floor":30,"turns":8},{"damage":39,"enemies":"Champ","floor":33,"turns":9}],"event_choices":[{"event_name":"Shining Light","player_choice":"Entered Light","floor":3,"damage_taken":0},{"event_name":"The Lab","player_choice":"Got Potions","floor":5,"damage_taken":0},{"event_name":"Wheel of Change","player_choice":"Card Removal","floor":13,"damage_taken":0}],"boss_relics":[{"not_picked":["Runic Dome","Sozu"],"picked":"Lizard Tail"}],"potions_floor_spawned":[1,7,18,27,28],"seed_played":"-1388391903264185090","killed_by":"Champ","ascension_level":0,"is_trial":false}