{"path_per_floor":["M","?","M","$","M","R","?","R","T","M","$","M","R","M","R","B",null,"M","M","?","?","?","R","M","E","T","?","T","M","M","M","R"],"character_chosen":"IRONCLAD","items_purchased":["Lantern"],"gold_per_floor":[114,114,129,54,65,65,65,65,143,158,15,32,32,46,46,149,149,169,187,187,187,277,277,297,327,327,242,316,336,354,374,374],"floor_reached":33,"campfire_rested":2,"playtime":696,"current_hp_per_floor":[83,76,81,81,84,84,84,84,84,90,90,90,90,91,91,49,94,89,73,73,73,49,77,58,44,44,44,44,42,47,47,80],"items_purged":["Strike_R"],"gold":374,"score":309,"play_id":"28861a04-6fc0-496c-91ea-21b1fac2b662","is_prod":false,"is_daily":false,"is_ascension_mode":false,"campfire_upgraded":4,"path_taken":["M","?","M","?","M","R","?","R","T","M","$","?","R","M","R","BOSS","M","M","?","?","?","R","M","E","T","?","?","M","M","M","R","BOSS"],"build_version":"2018-02-15-PROD1","purchased_purges":1,"victory":false,"master_deck":["Strike_R","Strike_R+1","Strike_R","Strike_R","Defend_R","Defend_R","Defend_R","Defend_R","Bash+1","Feed+1","Cleave+1","Metallicize+1","Inflame+1","Warcry+1","Mind Blast","Clumsy","Doubt"],"max_hp_per_floor":[83,83,86,86,86,86,86,86,86,90,90,90,90,94,94,94,94,94,94,94,94,94,94,94,101,101,101,101,105,109,113,113],"relics":["Burning Blood","Oddly Smooth Stone","Gremlin Horn","Lantern","Cursed Key","Juzu Bracelet","Strawberry","Mercury Hourglass","Art of War","The Courier"],"card_choices":[{"not_picked":["Ghostly Armor","Disarm"],"picked":"Cleave"},{"not_picked":["True Grit","Cleave"],"picked":"Metallicize"},{"not_picked":["Searing Blow","Disarm"],"picked":"Inflame"},{"not_picked":["Headbutt","Clothesline"],"picked":"Warcry"}],"player_experience":212146,"potions_floor_usage":[16,16,25,30,30,33],"damage_taken":[{"damage":0,"enemies":"2 Louse","floor":1,"turns":2},{"damage":4,"enemies":"Small Slimes","floor":3,"turns":3},{"damage":3,"enemies":"Cultist","floor":5,"turns":4},{"damage":0,"enemies":"3 Louse","floor":10,"turns":2},{"damage":0,"enemies":"Large Slime","floor":12,"turns":5},{"damage":9,"enemies":"Exordium Wildlife","floor":14,"turns":4},{"damage":48,"enemies":"Slime Boss","floor":16,"turns":12},{"damage":11,"enemies":"Chosen","floor":18,"turns":4},{"damage":22,"enemies":"Spheric Guardian","floor":19,"turns":4},{"damage":25,"enemies":"Snake Plant","floor":24,"turns":5},{"damage":27,"enemies":"Book of Stabbing","floor":25,"turns":5},{"damage":12,"enemies":"Centurion and Healer","floor":29,"turns":6},{"damage":5,"enemies":"Chosen and Byrds","floor":30,"turns":4},{"damage":10,"enemies":"Snecko","floor":31,"turns":4},{"damage":87,"enemies":"Collector","floor":33,"turns":5}],"event_choices":[{"event_name":"Scrap Ooze","player_choice":"success","floor":2,"damage_taken":7},{"event_name":"Living Wall","player_choice":"Grow","floor":7,"damage_taken":0},{"event_name":"The Mausoleum","player_choice":"Yes","floor":20,"damage_taken":0},{"event_name":"Upgrade Shrine","player_choice":"Upgraded","floor":21,"damage_taken":0},{"event_name":"Knowing Skull","player_choice":"GOLD CARD ","floor":22,"damage_taken":0},{"event_name":"Addict","player_choice":"Obtained Relic","floor":27,"damage_taken":0}],"boss_relics":[{"not_picked":["White Beast Statue","Lizard Tail"],"picked":"Cursed Key"}],"potions_floor_spawned":[3,5,10,18,19,25],"seed_played":"-4513405430041328095","killed_by":"Collector","ascension_level":0,"is_trial":false}