{"path_per_floor":["M","$","M","?","M","E","M","R","T","M","?","M","M","$","R","B",null,"M","?","M"],"character_chosen":"IRONCLAD","items_purchased":["Spot Weakness","Regen Potion"],"gold_per_floor":[113,38,50,50,65,95,115,115,142,153,153,166,177,48,48,145,145,156,156,174],"floor_reached":21,"campfire_rested":2,"playtime":614,"current_hp_per_floor":[75,75,62,62,51,13,9,33,33,24,24,17,6,6,30,10,80,49,49,24],"items_purged":["Strike_R"],"gold":174,"score":183,"play_id":"2c22e97f-4390-4af5-b194-eab66c872ff4","is_prod":false,"is_daily":false,"is_ascension_mode":false,"campfire_upgraded":0,"path_taken":["M","$","M","?","?","E","M","R","T","M","?","M","?","$","R","BOSS","M","?","M","?"],"build_version":"2018-02-15-PROD1","purchased_purges":1,"victory":false,"master_deck":["Strike_R","Strike_R+1","Strike_R+1","Strike_R","Defend_R","Defend_R","Defend_R","Bash+1","True Grit","Headbutt","Metallicize","Flex","Pommel Strike","Spot Weakness","Inflame","Decay","Whirlwind"],"max_hp_per_floor":[80,80,80,80,80,80,80,80,80,80,80,80,80,80,80,80,80,80,80,80],"relics":["Runic Cube","Blood Vial","Whetstone","Runic Dome"],"card_choices":[{"not_picked":["Shrug It Off","Heavy Blade"],"picked":"True Grit"},{"not_picked":["Anger","Heavy Blade"],"picked":"Headbutt"},{"not_picked":["Clothesline","Armaments"],"picked":"Metallicize"},{"not_picked":["Iron Wave","Armaments"],"picked":"Flex"},{"not_picked":["Twin Strike","Thunderclap"],"picked":"Pommel Strike"},{"not_picked":["Clash","Evolve"],"picked":"Inflame"},{"not_picked":["Headbutt","Sword Boomerang"],"picked":"Whirlwind"}],"player_experience":213564,"potions_floor_usage":[6,7,16,16,20],"damage_taken":[{"damage":5,"enemies":"Small Slimes","floor":1,"turns":3},{"damage":13,"enemies":"Cultist","floor":3,"turns":5},{"damage":11,"enemies":"Jaw Worm","floor":5,"turns":3},{"damage":38,"enemies":"Lagavulin","floor":6,"turns":6},{"damage":15,"enemies":"Lots of Slimes","floor":7,"turns":5},{"damage":11,"enemies":"3 Louse","floor":10,"turns":5},{"damage":9,"enemies":"Exordium Thugs","floor":12,"turns":6},{"damage":13,"enemies":"Exordium Wildlife","floor":13,"turns":5},{"damage":37,"enemies":"The Guardian","floor":16,"turns":12},{"damage":31,"enemies":"3 Byrds","floor":18,"turns":5},{"damage":27,"enemies":"2 Thieves","floor":20,"turns":4},{"damage":30,"enemies":"Snake Plant","floor":21,"turns":4}],"event_choices":[{"event_name":"Bonfire Elementals","player_choice":"BASIC","floor":4,"damage_taken":0},{"event_name":"Living Wall","player_choice":"Grow","floor":11,"damage_taken":0},{"event_name":"Forgotten Altar","player_choice":"Smashed Altar","floor":19,"damage_taken":0}],"boss_relics":[{"not_picked":["Philosopher\u0027s Stone","Eternal Feather"],"picked":"Runic Dome"}],"potions_floor_spawned":[1,3,5,16],"seed_played":"1846468615541012663","killed_by":"Snake Plant","ascension_level":0,"is_trial":false}