{"path_per_floor":["M","T","M","?","?","R","$","E","T","R","$","R","M","E","R","B",null,"M","?","?","?","M","R","M","$","T","R","M","R","M","?","R","B",null,"M","?","?"],"character_chosen":"IRONCLAD","items_purchased":["Toolbox","Juzu Bracelet","Tiny Chest"],"gold_per_floor":[110,181,199,374,374,374,49,75,156,156,4,4,21,50,50,148,148,162,162,162,162,150,150,169,52,52,52,66,66,80,80,80,178,178,193,193,248],"floor_reached":38,"campfire_rested":1,"playtime":2487,"current_hp_per_floor":[75,75,78,78,78,78,78,64,64,64,64,64,72,49,49,36,80,68,75,59,59,50,50,39,39,39,65,57,57,32,32,32,10,87,73,73,14],"items_purged":["Regret"],"gold":248,"play_id":"50a4f6fe-4c5d-4cc0-9742-24f8dc567760","is_prod":false,"is_daily":false,"is_ascension_mode":true,"campfire_upgraded":7,"path_taken":["M","?","M","?","?","R","$","E","T","R","?","R","M","E","R","BOSS","M","?","?","?","M","R","M","$","T","R","M","R","M","?","R","BOSS","M","?","?","M"],"build_version":"2018-02-01-PROD3","purchased_purges":1,"victory":false,"master_deck":["Defend_R","Defend_R","Defend_R","Defend_R","Bash+1","Thunderclap+1","Inflame+1","Thunderclap","Doubt","Burning Pact","Rupture+1","Double Tap","Warcry","Shockwave","Seeing Red+1","Uppercut+1","Iron Wave","Shrug It Off+1","Bite","Bite","Bite","Bite","Bite","Cleave+1","Sentinel+1","Juggernaut+1","Dropkick+1","Decay","Limit Break","Regret","Parasite","Pain","Armaments+1"],"max_hp_per_floor":[80,80,80,80,80,80,80,80,80,80,80,80,80,80,80,80,80,80,87,87,87,87,87,87,87,87,87,87,87,87,87,87,87,87,91,91,91],"relics":["Burning Blood","Letter Opener","Champion Belt","Toolbox","Blue Candle","Juzu Bracelet","Pantograph","Orrery","Strawberry","Nilry\u0027s Codex","Tiny Chest","Frozen Eye","Calling Bell","Kunai","Singing Bowl","Vajra","Torii"],"card_choices":[{"not_picked":["Havoc","Armaments"],"picked":"Thunderclap"},{"not_picked":["Flex","Body Slam"],"picked":"Inflame"},{"not_picked":["Flame Barrier","Flex"],"picked":"Thunderclap"},{"not_picked":["Feel No Pain","Pummel"],"picked":"Burning Pact"},{"not_picked":["Fiend Fire","Fire Breathing"],"picked":"Rupture"},{"not_picked":["Barricade","Berserk"],"picked":"Double Tap"},{"not_picked":["Intimidate","Twin Strike"],"picked":"Warcry"},{"not_picked":["Clash","Body Slam"],"picked":"Shockwave"},{"not_picked":["Combust","Clothesline"],"picked":"Seeing Red"},{"not_picked":["Reckless Charge","Anger"],"picked":"Uppercut"},{"not_picked":["Warcry","Wild Strike"],"picked":"Iron Wave"},{"not_picked":["Havoc","Anger"],"picked":"Shrug It Off"},{"not_picked":["Anger","Sword Boomerang"],"picked":"Cleave"},{"not_picked":["Iron Wave","Dual Wield"],"picked":"Sentinel"},{"not_picked":["Power Through","Cleave"],"picked":"Juggernaut"},{"not_picked":["Rage","Flex"],"picked":"Dropkick"},{"not_picked":["Double Tap","Juggernaut"],"picked":"Limit Break"},{"not_picked":["Intimidate","Thunderclap"],"picked":"Armaments"}],"player_experience":152398,"potions_floor_usage":[14,14,30,30,33,38,38],"damage_taken":[{"damage":11,"enemies":"Blue Slaver","floor":1,"turns":4},{"damage":3,"enemies":"Jaw Worm","floor":3,"turns":4},{"damage":20,"enemies":"Gremlin Nob","floor":8,"turns":4},{"damage":0,"enemies":"Small Slimes","floor":13,"turns":2},{"damage":31,"enemies":"Lagavulin","floor":14,"turns":7},{"damage":46,"enemies":"The Guardian","floor":16,"turns":11},{"damage":18,"enemies":"3 Byrds","floor":18,"turns":5},{"damage":17,"enemies":"2 Thieves","floor":22,"turns":4},{"damage":21,"enemies":"Snake Plant","floor":24,"turns":4},{"damage":26,"enemies":"Snecko","floor":28,"turns":6},{"damage":39,"enemies":"Cultist and Chosen","floor":30,"turns":6},{"damage":69,"enemies":"Automaton","floor":33,"turns":11},{"damage":30,"enemies":"3 Shapes","floor":35,"turns":5},{"damage":71,"enemies":"Mysterious Sphere","floor":37,"turns":5},{"damage":37,"enemies":"Orb Walker","floor":38,"turns":5}],"event_choices":[{"event_name":"Liars Game","player_choice":"agreed","floor":4,"damage_taken":0},{"event_name":"Big Fish","player_choice":"Box","floor":5,"damage_taken":0},{"event_name":"The Mausoleum","player_choice":"Yes","floor":19,"damage_taken":0},{"event_name":"Cursed Tome","player_choice":"Obtained Book","floor":20,"damage_taken":0},{"event_name":"Vampires","player_choice":"Became a vampire (Vial)","floor":21,"damage_taken":0},{"event_name":"Forgotten Altar","player_choice":"Smashed Altar","floor":31,"damage_taken":0},{"event_name":"Tomb of Lord Red Mask","player_choice":"Ignored","floor":36,"damage_taken":0},{"event_name":"Mysterious Sphere","player_choice":"Fight","floor":37,"damage_taken":0}],"boss_relics":[{"not_picked":["Runic Pyramid","White Beast Statue"],"picked":"Orrery"},{"not_picked":["Runic Dome","Black Blood"],"picked":"Calling Bell"}],"potions_floor_spawned":[3,8,14,24,28,33,37],"seed_played":"-8988460384546045825","killed_by":"Orb Walker","ascension_level":1,"is_trial":false}