{"path_per_floor":["M","$","M","?","M","R","?","$","T","E","M","M","R","?","R","B",null,"M","M"],"character_chosen":"IRONCLAD","items_purchased":["Flash of Steel","Flash of Steel"],"gold_per_floor":[116,19,30,105,125,125,125,37,83,118,136,150,150,150,150,247,247,257,271],"floor_reached":20,"campfire_rested":0,"playtime":1115,"current_hp_per_floor":[73,73,79,68,73,73,61,61,61,55,54,57,57,41,41,21,86,74,26],"items_purged":[],"gold":271,"play_id":"d0821209-ee57-4f61-8af3-77d9c5aae219","is_prod":false,"is_daily":false,"is_ascension_mode":false,"campfire_upgraded":3,"path_taken":["M","$","?","?","M","R","?","?","T","E","?","M","R","?","R","BOSS","M","M","M"],"build_version":"2018-02-01-PROD3","purchased_purges":0,"victory":false,"master_deck":["Strike_R","Strike_R","Strike_R+1","Strike_R+1","Defend_R","Defend_R","Defend_R","Defend_R","Bash","Havoc","Seeing Red+1","Flash of Steel+1","Iron Wave","Flash of Steel+1","Seeing Red","Iron Wave"],"max_hp_per_floor":[80,80,80,80,80,80,80,80,80,80,82,84,84,84,84,86,86,88,88],"relics":["Black Blood","Pantograph","Singing Bowl","Calipers"],"card_choices":[{"not_picked":["Wild Strike","Clothesline"],"picked":"Seeing Red"},{"not_picked":["True Grit","Heavy Blade"],"picked":"Iron Wave"},{"not_picked":["Metallicize","Body Slam"],"picked":"Seeing Red"},{"not_picked":["Cleave","Thunderclap"],"picked":"Iron Wave"}],"player_experience":134843,"potions_floor_usage":[16,16,20],"damage_taken":[{"damage":13,"enemies":"Blue Slaver","floor":1,"turns":6},{"damage":0,"enemies":"Small Slimes","floor":3,"turns":3},{"damage":1,"enemies":"2 Louse","floor":5,"turns":2},{"damage":12,"enemies":"3 Sentries","floor":10,"turns":9},{"damage":9,"enemies":"2 Fungi Beasts","floor":11,"turns":3},{"damage":5,"enemies":"Looter","floor":12,"turns":3},{"damage":53,"enemies":"The Guardian","floor":16,"turns":7},{"damage":24,"enemies":"Chosen","floor":18,"turns":5},{"damage":58,"enemies":"Spheric Guardian","floor":19,"turns":8},{"damage":50,"enemies":"Chosen and Byrds","floor":20,"turns":7}],"event_choices":[{"event_name":"World of Goop","player_choice":"Gather Gold","floor":4,"damage_taken":0},{"event_name":"Scrap Ooze","player_choice":"success","floor":7,"damage_taken":12},{"event_name":"Shining Light","player_choice":"Entered Light","floor":14,"damage_taken":0}],"boss_relics":[{"not_picked":["Ectoplasm","Question Card"],"picked":"Black Blood"}],"potions_floor_spawned":[3,11,12],"seed_played":"-1857805358304394576","killed_by":"Chosen and Byrds","ascension_level":0,"is_trial":false}