{"path_per_floor":["M","?","?","?","M","R","E","R","T","M","$","M","R","M","R","B",null,"M","?","M","?","?","R","E","R","T","M","$","R","M","M","R"],"character_chosen":"IRONCLAD","items_purchased":["Omamori","Panache","Flex"],"gold_per_floor":[110,110,285,285,299,299,329,329,356,369,13,26,26,44,44,148,148,166,91,110,10,10,10,37,37,61,74,27,27,37,54,54],"floor_reached":33,"campfire_rested":1,"playtime":1369,"current_hp_per_floor":[84,67,67,67,73,73,65,65,65,69,69,75,75,74,74,61,87,64,64,56,56,56,56,49,49,49,41,41,41,36,18,44],"items_purged":[],"gold":54,"play_id":"ee271b7b-ea33-472c-8dfa-aba92e4f3c6f","is_prod":false,"is_daily":false,"is_ascension_mode":false,"campfire_upgraded":7,"path_taken":["M","?","?","?","?","R","E","R","T","M","$","M","R","M","R","BOSS","M","?","M","?","?","R","E","R","T","M","$","R","?","M","R","BOSS"],"build_version":"2018-02-01-PROD3","purchased_purges":0,"victory":false,"master_deck":["Strike_R+1","Strike_R+1","Defend_R","Defend_R","Defend_R","Bash+1","Immolate+1","Doubt","Cleave+1","Spot Weakness+1","Panache+1","Offering+1","Uppercut+1","Disarm+1","Flex+1","Feel No Pain+1","Iron Wave+1","J.A.X.+1","Iron Wave+1","Flex","Evolve+1","Flex+1"],"max_hp_per_floor":[87,87,87,87,87,87,87,87,87,87,87,87,87,87,87,87,87,87,87,87,87,87,87,87,87,87,87,87,87,87,87,87],"relics":["Burning Blood","Strawberry","Lantern","Bag of Marbles","Omamori","Astrolabe","Whetstone","Pen Nib"],"card_choices":[{"not_picked":["Sever Soul","Searing Blow"],"picked":"Immolate"},{"not_picked":["Warcry","Wild Strike"],"picked":"Cleave"},{"not_picked":["Iron Wave","Heavy Blade"],"picked":"Spot Weakness"},{"not_picked":["Juggernaut","Double Tap"],"picked":"Offering"},{"not_picked":["Anger","Clash"],"picked":"Feel No Pain"},{"not_picked":["Pommel Strike","Sentinel"],"picked":"Iron Wave"},{"not_picked":["Inflame","Burning Pact"],"picked":"Iron Wave"},{"not_picked":["Warcry","Heavy Blade"],"picked":"Evolve"},{"not_picked":["Sever Soul","Twin Strike"],"picked":"Flex"}],"player_experience":135958,"potions_floor_usage":[7,16,33,33],"damage_taken":[{"damage":9,"enemies":"Jaw Worm","floor":1,"turns":4},{"damage":0,"enemies":"Small Slimes","floor":5,"turns":4},{"damage":14,"enemies":"Gremlin Nob","floor":7,"turns":3},{"damage":2,"enemies":"Blue Slaver","floor":10,"turns":2},{"damage":0,"enemies":"Exordium Wildlife","floor":12,"turns":2},{"damage":7,"enemies":"Large Slime","floor":14,"turns":5},{"damage":19,"enemies":"Slime Boss","floor":16,"turns":8},{"damage":29,"enemies":"Spheric Guardian","floor":18,"turns":4},{"damage":14,"enemies":"2 Thieves","floor":20,"turns":3},{"damage":13,"enemies":"Gremlin Leader","floor":24,"turns":6},{"damage":14,"enemies":"Snake Plant","floor":27,"turns":4},{"damage":11,"enemies":"Slaver and Parasite","floor":30,"turns":4},{"damage":24,"enemies":"Sentry and Sphere","floor":31,"turns":5},{"damage":59,"enemies":"Champ","floor":33,"turns":6}],"event_choices":[{"event_name":"Shining Light","player_choice":"Entered Light","floor":2,"damage_taken":0},{"event_name":"Liars Game","player_choice":"agreed","floor":3,"damage_taken":0},{"event_name":"Living Wall","player_choice":"Grow","floor":4,"damage_taken":0},{"event_name":"Beggar","player_choice":"Gave Gold","floor":19,"damage_taken":0},{"event_name":"Drug Dealer","player_choice":"Got JAXXED","floor":21,"damage_taken":0},{"event_name":"Vampires","player_choice":"Ignored","floor":22,"damage_taken":0}],"boss_relics":[{"not_picked":["Mark of Pain","Runic Dome"],"picked":"Astrolabe"}],"potions_floor_spawned":[1,5,16,20,31],"seed_played":"4124819100029832996","killed_by":"Champ","ascension_level":0,"is_trial":false}