{"path_per_floor":["M","?","M","?","M","E","R","M","T","$","M","R","M","?","R","B",null],"character_chosen":"IRONCLAD","items_purchased":[],"gold_per_floor":[109,109,129,129,147,182,182,195,195,120,137,137,148,172,172,268,268],"floor_reached":18,"campfire_rested":1,"playtime":345,"current_hp_per_floor":[80,80,80,64,70,62,62,50,50,50,52,52,53,46,70,34,80],"items_purged":["Strike_R"],"gold":268,"score":162,"play_id":"8c7ae5ad-e490-462f-aba9-41c40a46fc4d","is_prod":false,"is_daily":false,"is_ascension_mode":false,"campfire_upgraded":2,"path_taken":["M","?","M","?","M","E","R","M","T","$","M","R","?","?","R","BOSS","M"],"build_version":"2018-02-15-PROD1","purchased_purges":1,"victory":false,"master_deck":["Strike_R","Strike_R","Strike_R","Defend_R","Defend_R","Defend_R","Defend_R+1","Bash+1","Pommel Strike+1","Sword Boomerang+1","Battle Trance","Iron Wave","Pummel","Demon Form"],"max_hp_per_floor":[80,80,80,80,80,80,80,80,80,80,80,80,80,80,80,80,80],"relics":["Black Blood","Letter Opener","Mercury Hourglass","Odd Mushroom"],"card_choices":[{"not_picked":["Anger","Perfected Strike"],"picked":"Pommel Strike"},{"not_picked":["Uppercut","Power Through"],"picked":"Sword Boomerang"},{"not_picked":["Heavy Blade","Shrug It Off"],"picked":"Battle Trance"},{"not_picked":["Perfected Strike","Warcry"],"picked":"Iron Wave"},{"not_picked":["Bludgeon","Flame Barrier"],"picked":"Pummel"},{"not_picked":["Reaper","Impervious"],"picked":"Demon Form"}],"player_experience":213219,"potions_floor_usage":[6,16,16],"damage_taken":[{"damage":3,"enemies":"Jaw Worm","floor":1,"turns":5},{"damage":6,"enemies":"Cultist","floor":3,"turns":3},{"damage":0,"enemies":"2 Louse","floor":5,"turns":3},{"damage":14,"enemies":"Gremlin Nob","floor":6,"turns":3},{"damage":18,"enemies":"Exordium Wildlife","floor":8,"turns":5},{"damage":4,"enemies":"Blue Slaver","floor":11,"turns":2},{"damage":5,"enemies":"Red Slaver","floor":13,"turns":2},{"damage":13,"enemies":"The Mushroom Lair","floor":14,"turns":3},{"damage":42,"enemies":"Hexaghost","floor":16,"turns":7},{"damage":5,"enemies":"3 Byrds","floor":18,"turns":2}],"event_choices":[{"event_name":"The Lab","player_choice":"Got Potions","floor":2,"damage_taken":0},{"event_name":"Shining Light","player_choice":"Entered Light","floor":4,"damage_taken":0},{"event_name":"Mushrooms","player_choice":"Fought Mushrooms","floor":14,"damage_taken":0}],"boss_relics":[{"not_picked":["Tiny House","Pandora\u0027s Box"],"picked":"Black Blood"}],"potions_floor_spawned":[5,8,11,16],"seed_played":"1615296578383035767","killed_by":"3 Byrds","ascension_level":0,"is_trial":false}