{"path_per_floor":["M","M","?","$","M","E","$","?","T","E","R","M","?","M","R","B",null,"M","?","M","?","?","E","R","M","T","$","M","?","R","$","R","B",null,"M","M","?","?","$","E","M","E","T","$","$","R","M","?","R","B"],"character_chosen":"IRONCLAD","items_purchased":["Corruption","Inflame","True Grit","Bottled Tornado","Dual Wield","Red Skull","Inflame","Omamori"],"gold_per_floor":[115,133,133,65,88,121,4,104,131,169,169,183,183,204,204,324,324,343,343,368,368,368,409,409,434,484,93,112,27,27,27,27,155,155,175,196,529,529,225,253,268,297,297,30,30,30,48,48,48,48],"floor_reached":51,"campfire_rested":1,"playtime":2034,"current_hp_per_floor":[79,79,59,59,58,42,42,42,42,28,52,52,45,45,45,37,80,77,77,80,80,80,59,59,44,51,51,64,64,64,64,64,47,87,87,78,78,78,78,87,87,84,84,84,84,84,86,75,75,62],"items_purged":["Strike_R","Strike_R"],"gold":48,"score":681,"play_id":"865c2f79-fa61-42d0-b2fd-3450099886d1","is_prod":false,"is_daily":false,"is_ascension_mode":false,"campfire_upgraded":3,"path_taken":["M","?","?","$","?","E","$","?","T","E","R","?","?","M","R","BOSS","M","?","M","?","?","E","R","?","T","$","M","?","R","$","R","BOSS","M","M","?","?","?","E","M","E","T","?","$","R","?","?","R","BOSS"],"build_version":"2018-02-22-PROD2","purchased_purges":2,"victory":true,"master_deck":["Strike_R","Strike_R","Strike_R","Defend_R","Defend_R","Defend_R","Bash","Armaments","Armaments","Corruption","Whirlwind+1","Inflame+1","True Grit","Entrench","Seeing Red","Heavy Blade","Reaper","Iron Wave+1","Reaper","Carnage+1","Armaments+1","Dual Wield","Demon Form+1","Uppercut+1","Offering","Shockwave","Shrug It Off+1","Inflame+1","Evolve+1","Madness","Madness"],"max_hp_per_floor":[80,80,80,80,80,80,80,80,80,80,80,80,80,80,80,80,80,80,80,80,80,80,80,80,80,87,87,87,87,87,87,87,87,87,87,87,87,87,87,87,87,87,87,87,87,87,87,87,87,87],"relics":["Snecko Eye","Ornamental Fan","Lantern","Bag of Preparation","Black Star","Girya","Ginger","Strawberry","Bottled Tornado","Pen Nib","Mark of Pain","Red Skull","Smiling Mask","Mercury Hourglass","Blood Vial","Bronze Scales","Kunai","Omamori"],"card_choices":[{"not_picked":["Fire Breathing","Twin Strike"],"picked":"Armaments"},{"not_picked":["Iron Wave","Flex"],"picked":"Armaments"},{"not_picked":["Anger","Cleave"],"picked":"Whirlwind"},{"not_picked":["Headbutt","Perfected Strike"],"picked":"Entrench"},{"not_picked":["Battle Trance","Headbutt"],"picked":"Seeing Red"},{"not_picked":["Twin Strike","Warcry"],"picked":"Heavy Blade"},{"not_picked":["Exhume","Juggernaut"],"picked":"Reaper"},{"not_picked":["Heavy Blade","Clothesline"],"picked":"Iron Wave"},{"not_picked":["Disarm","Dropkick"],"picked":"Carnage"},{"not_picked":["Fire Breathing","Inflame"],"picked":"Armaments"},{"not_picked":["Barricade","Dark Embrace"],"picked":"Demon Form"},{"not_picked":["Shrug It Off","Anger"],"picked":"Uppercut"},{"not_picked":["Exhume","Perfected Strike"],"picked":"Offering"},{"not_picked":["Wild Strike","Anger"],"picked":"Shockwave"},{"not_picked":["Wild Strike","Fiend Fire"],"picked":"Shrug It Off"},{"not_picked":["Body Slam","Thunderclap"],"picked":"Evolve"}],"player_experience":240744,"potions_floor_usage":[6,25,50,50,50],"damage_taken":[{"damage":1,"enemies":"Cultist","floor":1,"turns":3},{"damage":0,"enemies":"2 Louse","floor":2,"turns":2},{"damage":1,"enemies":"Jaw Worm","floor":5,"turns":3},{"damage":16,"enemies":"Lagavulin","floor":6,"turns":4},{"damage":14,"enemies":"Gremlin Nob","floor":10,"turns":4},{"damage":0,"enemies":"3 Louse","floor":12,"turns":1},{"damage":0,"enemies":"Lots of Slimes","floor":14,"turns":1},{"damage":8,"enemies":"Slime Boss","floor":16,"turns":6},{"damage":10,"enemies":"2 Thieves","floor":18,"turns":5},{"damage":0,"enemies":"3 Byrds","floor":20,"turns":4},{"damage":39,"enemies":"Gremlin Leader","floor":23,"turns":6},{"damage":27,"enemies":"Snake Plant","floor":25,"turns":4},{"damage":0,"enemies":"Snecko","floor":28,"turns":3},{"damage":28,"enemies":"Automaton","floor":33,"turns":5},{"damage":0,"enemies":"3 Darklings","floor":35,"turns":1},{"damage":9,"enemies":"3 Shapes","floor":36,"turns":2},{"damage":0,"enemies":"Giant Head","floor":40,"turns":5},{"damage":0,"enemies":"Maw","floor":41,"turns":4},{"damage":33,"enemies":"Nemesis","floor":42,"turns":5},{"damage":0,"enemies":"3 Darklings","floor":47,"turns":2},{"damage":24,"enemies":"Time Eater","floor":50,"turns":4}],"event_choices":[{"event_name":"Golden Idol","player_choice":"Take Damage","floor":3,"damage_taken":0},{"event_name":"Golden Shrine","player_choice":"Pray","floor":8,"damage_taken":0},{"event_name":"Golden Wing","player_choice":"Card Removal","floor":13,"damage_taken":0},{"event_name":"The Library","player_choice":"Read","floor":19,"damage_taken":0},{"event_name":"Upgrade Shrine","player_choice":"Upgraded","floor":21,"damage_taken":0},{"event_name":"Match and Keep!","player_choice":"1 cards matched","floor":22,"damage_taken":0},{"event_name":"Addict","player_choice":"Obtained Relic","floor":29,"damage_taken":0},{"event_name":"The Moai Head","player_choice":"Gave Idol","floor":37,"damage_taken":0},{"event_name":"Winding Halls","player_choice":"Embrace Madness","floor":48,"damage_taken":0}],"boss_relics":[{"not_picked":["Orrery","Runic Cube"],"picked":"Black Star"},{"not_picked":["Runic Pyramid","Question Card"],"picked":"Mark of Pain"}],"potions_floor_spawned":[1,5,14,16,23,25,36,41],"seed_played":"7229045552269878150","ascension_level":0,"is_trial":false}