{"path_per_floor":["M","M","?","M","M","R","$","?","T","?","M","R","?","M","R","B",null,"M","$","M","?","?","R","E","?","T","M","$","M","T","M","R","B",null,"M","M","$","?","?","R","?","R","T","?","?","?","M","?","R"],"character_chosen":"IRONCLAD","items_purchased":["Juzu Bracelet","Torii","Oddly Smooth Stone","Transmutation"],"gold_per_floor":[115,129,129,146,164,164,16,91,114,214,232,232,407,427,427,531,531,547,29,47,47,47,47,82,82,82,95,95,108,108,125,125,221,221,238,250,67,67,120,120,120,120,193,193,193,193,210,210,210],"floor_reached":50,"campfire_rested":3,"playtime":2092,"current_hp_per_floor":[83,86,86,90,94,94,94,83,83,83,82,82,82,85,85,11,102,85,85,73,73,110,110,76,60,60,33,33,35,35,24,59,28,117,119,107,107,107,51,51,51,88,88,72,72,72,40,40,77],"items_purged":["Doubt"],"gold":210,"score":497,"play_id":"621865b4-8a17-4840-ae50-80e6cdff8ff9","local_time":"20180304154805","is_prod":false,"is_daily":false,"is_ascension_mode":false,"campfire_upgraded":5,"timestamp":1520171285,"path_taken":["M","?","?","M","M","R","?","?","T","?","M","R","?","M","R","BOSS","M","$","M","?","?","R","E","?","T","M","$","M","?","M","R","BOSS","M","M","$","?","?","R","?","R","T","?","?","?","M","?","R","BOSS"],"build_version":"2018-03-01-PROD1","purchased_purges":1,"victory":false,"master_deck":["Strike_R","Strike_R","Strike_R","Strike_R","Strike_R","Defend_R","Defend_R","Defend_R","Bash+1","Feed+1","Thunderclap+1","Flex+1","Shrug It Off","Feed","Infernal Blade+1","Pommel Strike+1","Necronomicurse","Clumsy","Barricade","Juggernaut","Dual Wield+1","Transmutation+1","Sentinel+1","Transmutation+1","Madness","Madness","Flame Barrier"],"max_hp_per_floor":[83,86,86,90,94,94,94,94,94,94,94,94,94,98,98,102,102,106,106,110,110,110,110,110,110,110,113,113,113,113,117,117,117,117,120,120,120,120,124,124,124,124,124,124,124,124,124,124,124],"relics":["Burning Blood","Juzu Bracelet","Anchor","Cursed Key","Torii","Oddly Smooth Stone","Kunai","Necronomicon","Art of War","Orichalcum","Mark of Pain","Ice Cream","Mummified Hand","Spirit Poop"],"card_choices":[{"not_picked":["Cleave","Body Slam"],"picked":"Thunderclap"},{"not_picked":["Wild Strike","Twin Strike"],"picked":"Flex"},{"not_picked":["Seeing Red","Havoc"],"picked":"Shrug It Off"},{"not_picked":["Exhume","Juggernaut"],"picked":"Feed"},{"not_picked":["Clash","Body Slam"],"picked":"Infernal Blade"},{"not_picked":["Shrug It Off","Shockwave"],"picked":"Pommel Strike"},{"not_picked":["True Grit","Thunderclap"],"picked":"Barricade"},{"not_picked":["Berserk","Bludgeon"],"picked":"Juggernaut"},{"not_picked":["Uppercut","True Grit"],"picked":"Dual Wield"},{"not_picked":["Anger","Pommel Strike"],"picked":"Sentinel"}],"player_experience":267949,"potions_floor_usage":[16,24,24,39,50,50],"damage_taken":[{"damage":1,"enemies":"Cultist","floor":1,"turns":4},{"damage":0,"enemies":"Small Slimes","floor":2,"turns":3},{"damage":2,"enemies":"2 Louse","floor":4,"turns":3},{"damage":3,"enemies":"Exordium Thugs","floor":5,"turns":5},{"damage":7,"enemies":"Looter","floor":11,"turns":4},{"damage":7,"enemies":"Large Slime","floor":14,"turns":8},{"damage":84,"enemies":"Hexaghost","floor":16,"turns":10},{"damage":27,"enemies":"Chosen","floor":18,"turns":4},{"damage":22,"enemies":"Shell Parasite","floor":20,"turns":7},{"damage":41,"enemies":"Book of Stabbing","floor":24,"turns":7},{"damage":36,"enemies":"3 Cultists","floor":27,"turns":8},{"damage":4,"enemies":"Snecko","floor":29,"turns":4},{"damage":21,"enemies":"Chosen and Byrds","floor":31,"turns":6},{"damage":37,"enemies":"Champ","floor":33,"turns":23},{"damage":7,"enemies":"3 Shapes","floor":35,"turns":6},{"damage":18,"enemies":"Orb Walker","floor":36,"turns":4},{"damage":66,"enemies":"Mysterious Sphere","floor":39,"turns":6},{"damage":38,"enemies":"Sphere and 2 Shapes","floor":47,"turns":8},{"damage":82,"enemies":"Awakened One","floor":50,"turns":7}],"event_choices":[{"event_name":"Living Wall","player_choice":"Grow","floor":3,"damage_taken":0},{"event_name":"World of Goop","player_choice":"Gather Gold","floor":8,"damage_taken":0},{"event_name":"Golden Shrine","player_choice":"Pray","floor":10,"damage_taken":0},{"event_name":"Liars Game","player_choice":"agreed","floor":13,"damage_taken":0},{"event_name":"Vampires","player_choice":"Ignored","floor":21,"damage_taken":0},{"event_name":"Wheel of Change","player_choice":"Full Heal","floor":22,"damage_taken":0},{"event_name":"Cursed Tome","player_choice":"Obtained Book","floor":25,"damage_taken":0},{"event_name":"Mysterious Sphere","player_choice":"Fight","floor":39,"damage_taken":0},{"event_name":"Duplicator","player_choice":"One dupe","floor":41,"damage_taken":0},{"event_name":"Winding Halls","player_choice":"Embrace Madness","floor":44,"damage_taken":0},{"event_name":"Bonfire Elementals","player_choice":"CURSE","floor":45,"damage_taken":0},{"event_name":"Match and Keep!","player_choice":"1 cards matched","floor":46,"damage_taken":0},{"event_name":"Purifier","player_choice":"One Purge","floor":48,"damage_taken":0}],"boss_relics":[{"not_picked":["Pandora\u0027s Box","Black Star"],"picked":"Cursed Key"},{"not_picked":["Snecko Eye","Runic Dome"],"picked":"Mark of Pain"}],"potions_floor_spawned":[2,5,16,20,29,33,36],"seed_played":"-1065279434711550911","killed_by":"Awakened One","ascension_level":0,"is_trial":false}