{"path_per_floor":["M","?","?","?","M","E","?","R","T","R","M","$","M","T","R","B",null,"M","M","T","$","?","E","R","E","T","?","?","E","R","M","R"],"character_chosen":"IRONCLAD","items_purchased":["Flash of Steel","Juzu Bracelet","Flex"],"gold_per_floor":[117,117,117,77,97,154,104,104,104,104,122,18,35,35,35,139,139,152,169,215,37,37,70,70,98,98,98,98,130,130,141,141],"floor_reached":33,"campfire_rested":2,"playtime":852,"current_hp_per_floor":[71,55,48,48,53,43,43,43,43,43,43,43,36,36,60,19,80,65,59,59,59,59,59,59,39,39,39,39,15,39,38,38],"items_purged":[],"gold":141,"score":299,"play_id":"331b3d4a-655d-4f14-9dd8-ee5fc75e94e0","local_time":"20180313144645","is_prod":false,"is_daily":false,"is_ascension_mode":false,"campfire_upgraded":4,"timestamp":1520945205,"path_taken":["M","?","?","?","M","E","?","R","T","R","M","$","?","?","R","BOSS","M","M","?","$","?","E","R","E","T","?","?","E","R","M","R","BOSS"],"build_version":"2018-03-09","purchased_purges":0,"victory":false,"master_deck":["Strike_R+1","Strike_R+1","Strike_R+1","Defend_R+1","Defend_R+1","Defend_R+1","Defend_R+1","Bash+1","Impervious","Sword Boomerang+1","Spot Weakness+1","Entrench+1","Flash of Steel","Flex+1","True Grit+1","Berserk+1"],"max_hp_per_floor":[80,80,80,80,80,80,80,80,80,80,80,80,80,80,80,80,80,80,80,80,80,80,80,80,80,80,80,80,80,80,80,80],"relics":["Burning Blood","Tiny Chest","Red Skull","Unceasing Top","Mark of Pain","Vajra","Juzu Bracelet","Frozen Egg 2","Mummified Hand","Ginger","Ancient Tea Set"],"card_choices":[{"not_picked":["Dark Embrace","Exhume"],"picked":"Impervious"},{"not_picked":["True Grit","Wild Strike"],"picked":"Sword Boomerang"},{"not_picked":["True Grit","Dropkick"],"picked":"Spot Weakness"},{"not_picked":["Thunderclap","Warcry"],"picked":"Entrench"},{"not_picked":["Corruption","Armaments"],"picked":"True Grit"},{"not_picked":["Uppercut","Iron Wave"],"picked":"Berserk"}],"player_experience":315047,"potions_floor_usage":[6,6,23,23,29,33],"damage_taken":[{"damage":15,"enemies":"Small Slimes","floor":1,"turns":3},{"damage":1,"enemies":"Cultist","floor":5,"turns":3},{"damage":22,"enemies":"Gremlin Nob","floor":6,"turns":4},{"damage":6,"enemies":"Jaw Worm","floor":11,"turns":2},{"damage":13,"enemies":"3 Louse","floor":13,"turns":2},{"damage":47,"enemies":"The Guardian","floor":16,"turns":8},{"damage":21,"enemies":"Spheric Guardian","floor":18,"turns":6},{"damage":12,"enemies":"3 Byrds","floor":19,"turns":6},{"damage":6,"enemies":"Book of Stabbing","floor":23,"turns":4},{"damage":26,"enemies":"Slavers","floor":25,"turns":5},{"damage":30,"enemies":"Gremlin Leader","floor":29,"turns":4},{"damage":7,"enemies":"Snecko","floor":31,"turns":4},{"damage":46,"enemies":"Collector","floor":33,"turns":6}],"event_choices":[{"event_name":"Shining Light","player_choice":"Entered Light","floor":2,"damage_taken":0},{"event_name":"Golden Wing","player_choice":"Card Removal","floor":3,"damage_taken":0},{"event_name":"The Woman in Blue","player_choice":"Bought 3 Potions","floor":4,"damage_taken":0},{"event_name":"The Cleric","player_choice":"Card Removal","floor":7,"damage_taken":0},{"event_name":"Back to Basics","player_choice":"Simplicity","floor":22,"damage_taken":0},{"event_name":"Purifier","player_choice":"One Purge","floor":27,"damage_taken":0},{"event_name":"Vampires","player_choice":"Ignored","floor":28,"damage_taken":0}],"boss_relics":[{"not_picked":["Black Blood","Lizard Tail"],"picked":"Mark of Pain"}],"potions_floor_spawned":[6,13,16,18,19,29],"seed_played":"-7137410030163194751","killed_by":"Collector","ascension_level":0,"is_trial":false}