{"path_per_floor":["M","?","M","$","M","R","?","R","T","M","R","M","E","?","R","B",null,"M","$","?","?","M","R","E","M","T","$","M","M","?","$","R"],"character_chosen":"IRONCLAD","items_purchased":["Molten Egg 2","Regal Pillow","Twin Strike"],"gold_per_floor":[116,116,134,59,69,69,244,244,293,306,306,319,347,347,347,445,445,465,9,9,9,19,19,52,68,115,65,80,92,92,42,42],"floor_reached":33,"campfire_rested":3,"playtime":730,"current_hp_per_floor":[77,77,77,77,72,72,72,72,72,65,80,76,71,55,79,19,80,58,58,58,58,50,50,52,36,36,36,27,27,11,11,50],"items_purged":["Defend_R","Doubt","Strike_R"],"gold":42,"score":265,"play_id":"96fe9ee7-1411-42b0-ab88-ba21fdfb3bde","local_time":"20180309083817","is_prod":false,"is_daily":false,"is_ascension_mode":false,"campfire_upgraded":3,"timestamp":1520577497,"path_taken":["M","?","M","$","M","R","?","R","T","M","R","?","E","?","R","BOSS","M","$","?","?","M","R","E","M","T","$","?","M","?","?","R","BOSS"],"build_version":"2018-03-01-PROD1","purchased_purges":3,"victory":false,"master_deck":["Strike_R","Strike_R+1","Strike_R","Strike_R","Defend_R","Defend_R+1","Defend_R","Bash+1","Cleave+1","Offering","Twin Strike+1","Flex+1","Rupture","Heavy Blade+1"],"max_hp_per_floor":[80,80,80,80,80,80,80,80,80,80,80,80,80,80,80,80,80,80,80,80,80,80,80,80,80,80,80,80,80,80,80,80],"relics":["Burning Blood","Pen Nib","Bag of Marbles","Red Skull","Mark of Pain","Molten Egg 2","Regal Pillow","Smiling Mask","Orichalcum","Nilry\u0027s Codex"],"card_choices":[{"not_picked":["Pommel Strike","Clothesline"],"picked":"Cleave"},{"not_picked":["Immolate","Brutality"],"picked":"Offering"},{"not_picked":["Carnage","Feel No Pain"],"picked":"Rupture"},{"not_picked":["Infernal Blade","Warcry"],"picked":"Heavy Blade"}],"player_experience":298239,"potions_floor_usage":[16,24,24,33],"damage_taken":[{"damage":9,"enemies":"2 Louse","floor":1,"turns":3},{"damage":6,"enemies":"Cultist","floor":3,"turns":3},{"damage":11,"enemies":"Jaw Worm","floor":5,"turns":3},{"damage":13,"enemies":"2 Fungi Beasts","floor":10,"turns":3},{"damage":10,"enemies":"Looter","floor":12,"turns":2},{"damage":11,"enemies":"3 Sentries","floor":13,"turns":4},{"damage":66,"enemies":"Hexaghost","floor":16,"turns":8},{"damage":28,"enemies":"Chosen","floor":18,"turns":4},{"damage":14,"enemies":"Shell Parasite","floor":22,"turns":3},{"damage":4,"enemies":"Gremlin Leader","floor":24,"turns":3},{"damage":22,"enemies":"Sentry and Sphere","floor":25,"turns":4},{"damage":15,"enemies":"Snake Plant","floor":28,"turns":2},{"damage":6,"enemies":"3 Cultists","floor":29,"turns":3},{"damage":66,"enemies":"Collector","floor":33,"turns":6}],"event_choices":[{"event_name":"Match and Keep!","player_choice":"0 cards matched","floor":2,"damage_taken":0},{"event_name":"Liars Game","player_choice":"agreed","floor":7,"damage_taken":0},{"event_name":"Shining Light","player_choice":"Entered Light","floor":14,"damage_taken":0},{"event_name":"The Library","player_choice":"Read","floor":20,"damage_taken":0},{"event_name":"Match and Keep!","player_choice":"0 cards matched","floor":21,"damage_taken":0},{"event_name":"Cursed Tome","player_choice":"Obtained Book","floor":30,"damage_taken":0}],"boss_relics":[{"not_picked":["Orrery","Snecko Eye"],"picked":"Mark of Pain"}],"potions_floor_spawned":[3,10,13,29],"seed_played":"-6060573720111144651","killed_by":"Collector","ascension_level":0,"is_trial":false}