{"path_per_floor":["M","?","$","?","M","$","M","R","T","?","R","M","?","?","R","B",null,"M","$","M","M","?","R","M","E","T","M","$","R","?","M","R","B",null,"M","M","?","M","?","R","M","$","T","$","R","M","$","T","R","B"],"character_chosen":"IRONCLAD","items_purchased":["Cauldron","Demon Form","Whirlwind","Orichalcum","War Paint","Secret Technique","Warcry","Kunai","Lantern","Prayer Wheel","Bloodletting","Metallicize","Flame Barrier","Transmutation","Mercury Hourglass","Toolbox","Bottled Lightning","Master of Strategy","Meat on the Bone","Ornamental Fan","Strange Spoon","Seeing Red","Secret Weapon","Mummified Hand","Anchor","Letter Opener","Blue Candle","Art of War","Dream Catcher","Vajra","Toxic Egg 2","Toy Ornithopter"],"gold_per_floor":[100017,100017,99020,98980,98999,97966,97976,97976,97976,97976,97976,97986,98051,98051,98051,98149,98149,98165,97090,97110,97122,97122,97122,97141,97171,97194,97204,96082,96082,96182,96200,96200,96303,96303,96321,96333,96380,96399,96399,96399,96418,95574,95574,94826,94826,94839,93991,93991,93991,93991],"floor_reached":51,"campfire_rested":0,"playtime":1557,"current_hp_per_floor":[80,80,80,80,80,80,80,80,80,80,80,69,65,65,65,20,80,80,80,67,59,59,59,61,48,48,40,40,40,40,69,69,47,80,79,68,53,48,48,48,50,50,50,50,50,80,80,80,80,80],"items_purged":["Strike_R","Strike_R","Strike_R","Defend_R","Defend_R","Metallicize","Defend_R"],"gold":93991,"score":481,"play_id":"88919dbf-f6da-45a8-b7a3-43e4f77d0bbf","local_time":"20180307145556","is_prod":false,"is_daily":false,"is_ascension_mode":false,"campfire_upgraded":6,"timestamp":1520427356,"path_taken":["M","?","$","?","M","$","?","R","T","?","R","M","?","?","R","BOSS","M","$","?","M","?","R","M","E","T","M","$","R","?","M","R","BOSS","M","M","?","M","?","R","?","$","T","?","R","M","$","?","R","BOSS"],"build_version":"2018-03-01-PROD1","purchased_purges":7,"victory":true,"master_deck":["Defend_R+1","Bash","Demon Form+1","Whirlwind","Secret Technique","Warcry","Inflame+1","Bloodletting","Flame Barrier","Transmutation+1","Flex","Exhume","Inflame+1","Bloodletting+1","Offering+1","Master of Strategy","Seeing Red+1","Inflame+1","Reaper","Seeing Red","Secret Weapon","Offering","Bloodletting+1","Warcry","Offering","Flex","Brutality"],"max_hp_per_floor":[80,80,80,80,80,80,80,80,80,80,80,80,80,80,80,80,80,80,80,80,80,80,80,80,80,80,80,80,80,80,80,80,80,80,80,80,80,80,80,80,80,80,80,80,80,80,80,80,80,80],"relics":["Burning Blood","NeowsBlessing","Cauldron","Orichalcum","War Paint","Kunai","Lantern","Prayer Wheel","Bag of Marbles","Darkstone Periapt","Philosopher\u0027s Stone","Mercury Hourglass","Toolbox","Bottled Lightning","Gremlin Horn","Bronze Scales","Meat on the Bone","Ornamental Fan","Strange Spoon","Question Card","Girya","Mummified Hand","Anchor","Letter Opener","Bag of Preparation","Blue Candle","Art of War","Dream Catcher","Vajra","Toxic Egg 2","Toy Ornithopter","Molten Egg 2"],"card_choices":[{"not_picked":["Wild Strike","Cleave"],"picked":"Inflame"},{"not_picked":["Clash","Body Slam"],"picked":"Flex"},{"not_picked":["Combust","Blood for Blood"],"picked":"Exhume"},{"not_picked":["Clothesline","Flex"],"picked":"Inflame"},{"not_picked":["Clash","Pummel"],"picked":"Bloodletting"},{"not_picked":["Juggernaut","Reaper"],"picked":"Offering"},{"not_picked":["Perfected Strike","Sword Boomerang"],"picked":"Seeing Red"},{"not_picked":["Perfected Strike","Havoc"],"picked":"Inflame"},{"not_picked":["Second Wind","True Grit"],"picked":"Reaper"},{"not_picked":["Brutality","Reaper"],"picked":"Offering"},{"not_picked":["Whirlwind","Twin Strike","Headbutt"],"picked":"Bloodletting"},{"not_picked":["Rage","Warcry","True Grit"],"picked":"Offering"},{"not_picked":["Body Slam","Sever Soul","Hemokinesis"],"picked":"Flex"},{"not_picked":["Flame Barrier","Twin Strike","Anger"],"picked":"Brutality"}],"player_experience":288116,"potions_floor_usage":[13,21,33,50,50,50],"damage_taken":[{"damage":0,"enemies":"Jaw Worm","floor":1,"turns":1},{"damage":0,"enemies":"Cultist","floor":5,"turns":1},{"damage":0,"enemies":"2 Louse","floor":7,"turns":1},{"damage":17,"enemies":"Exordium Thugs","floor":12,"turns":4},{"damage":13,"enemies":"Gremlin Nob","floor":13,"turns":5},{"damage":51,"enemies":"The Guardian","floor":16,"turns":10},{"damage":3,"enemies":"3 Byrds","floor":18,"turns":1},{"damage":19,"enemies":"2 Thieves","floor":20,"turns":2},{"damage":14,"enemies":"Centurion and Healer","floor":21,"turns":1},{"damage":4,"enemies":"3 Cultists","floor":24,"turns":1},{"damage":19,"enemies":"Book of Stabbing","floor":25,"turns":4},{"damage":14,"enemies":"Snake Plant","floor":27,"turns":1},{"damage":7,"enemies":"Centurion and Healer","floor":31,"turns":1},{"damage":46,"enemies":"Automaton","floor":33,"turns":4},{"damage":7,"enemies":"3 Darklings","floor":35,"turns":1},{"damage":17,"enemies":"3 Shapes","floor":36,"turns":1},{"damage":21,"enemies":"Mysterious Sphere","floor":37,"turns":1},{"damage":24,"enemies":"Maw","floor":38,"turns":3},{"damage":4,"enemies":"3 Darklings","floor":41,"turns":1},{"damage":15,"enemies":"4 Shapes","floor":46,"turns":1},{"damage":32,"enemies":"Awakened One","floor":50,"turns":2}],"event_choices":[{"event_name":"Purifier","player_choice":"One Purge","floor":2,"damage_taken":0},{"event_name":"The Woman in Blue","player_choice":"Bought 3 Potions","floor":4,"damage_taken":0},{"event_name":"Upgrade Shrine","player_choice":"Upgraded","floor":10,"damage_taken":0},{"event_name":"Dead Adventurer","player_choice":"Searched \u00272\u0027 times","floor":13,"damage_taken":0},{"event_name":"Liars Game","player_choice":"disagreed","floor":14,"damage_taken":0},{"event_name":"Vampires","player_choice":"Ignored","floor":22,"damage_taken":0},{"event_name":"Golden Shrine","player_choice":"Pray","floor":30,"damage_taken":0},{"event_name":"Mysterious Sphere","player_choice":"Fight","floor":37,"damage_taken":0},{"event_name":"Transmorgrifier","player_choice":"Transform","floor":39,"damage_taken":0}],"boss_relics":[{"not_picked":["Orrery","Pandora\u0027s Box"],"picked":"Philosopher\u0027s Stone"},{"not_picked":["Runic Pyramid","Runic Cube"],"picked":"Question Card"}],"potions_floor_spawned":[1,7,13,16,20,24,25,27,33,35,41],"seed_played":"8009358019183597587","ascension_level":0,"is_trial":false}