{"path_per_floor":["M","M","$","?","M","E","?","M","T","R","M","?","R","M","R","B",null,"M","?","?","M","?","R","E","M","T","R","M","M","$","?","R","B",null,"M","M","$","?","M","M","$","M","T","M","R","M","R","M","R","B"],"character_chosen":"IRONCLAD","items_purchased":["Frozen Egg 2","Dead Branch","Toolbox","Double Tap","Flash of Steel","Block Potion","Poison Potion","Energy Potion","Darkstone Periapt","Paper Frog","Unceasing Top","Panache","Immolate","Centennial Puzzle","Vajra","Pen Nib","Apotheosis","Flame Barrier","Immolate","Regen Potion","Ancient Potion","Explosive Potion","Omamori","Pantograph","Medical Kit","Corruption"],"gold_per_floor":[100009,100025,98754,98754,98774,98802,98755,98773,98773,98773,98783,98733,98733,98745,98745,98844,98844,98863,98863,98863,98881,98881,98881,98908,98918,98918,98918,98937,98948,97718,97718,97718,97817,97817,97827,97841,96659,96659,96676,96689,95861,95874,95874,95888,95888,95902,95902,95917,95917,95917],"floor_reached":51,"campfire_rested":3,"playtime":1870,"current_hp_per_floor":[80,76,76,76,71,50,50,47,47,47,50,50,50,59,59,44,94,98,98,98,82,61,61,47,48,48,82,68,63,63,52,86,70,115,115,101,101,101,66,72,72,48,48,54,93,99,99,95,95,122],"items_purged":["Defend_R","Strike_R","Strike_R","Strike_R"],"gold":95917,"score":499,"play_id":"4e2ef593-8c3a-4eae-b0f9-a18602c7c84e","local_time":"20180307064520","is_prod":false,"is_daily":false,"is_ascension_mode":false,"campfire_upgraded":4,"timestamp":1520397920,"path_taken":["M","M","$","?","?","E","?","M","T","R","M","?","R","M","R","BOSS","M","?","?","M","?","R","E","?","T","R","?","M","$","?","R","BOSS","M","M","$","?","M","M","$","M","T","M","R","?","R","M","R","BOSS"],"build_version":"2018-03-01-PROD1","purchased_purges":4,"victory":true,"master_deck":["Strike_R","Strike_R","Defend_R","Defend_R","Bash","Spot Weakness+1","Double Tap","Flash of Steel+1","Feed+1","Dark Embrace+1","Shockwave","Flex+1","Decay","Panache+1","Immolate","Fiend Fire","Inflame+1","Apotheosis","Flame Barrier","Immolate","Metallicize+1","Corruption+1","Flex+1","Heavy Blade+1"],"max_hp_per_floor":[80,80,80,80,80,80,80,83,83,83,86,86,86,90,90,94,94,98,98,98,102,107,107,111,115,115,115,115,115,115,115,115,115,115,119,123,123,123,127,127,127,131,131,131,131,131,131,131,131,131],"relics":["Burning Blood","Frozen Egg 2","Dead Branch","Toolbox","Frozen Eye","Ornamental Fan","Cursed Key","Bronze Scales","Du-Vu Doll","Darkstone Periapt","Paper Frog","Unceasing Top","Runic Dome","Centennial Puzzle","Vajra","Pen Nib","Omamori","Pantograph","Medical Kit","Girya"],"card_choices":[{"not_picked":["Clash","Anger"],"picked":"Spot Weakness"},{"not_picked":["Fire Breathing","Burning Pact"],"picked":"Feed"},{"not_picked":["Feed","Bludgeon"],"picked":"Dark Embrace"},{"not_picked":["Intimidate","Sentinel"],"picked":"Flex"},{"not_picked":["Exhume","Berserk"],"picked":"Fiend Fire"},{"not_picked":["Havoc","Sword Boomerang"],"picked":"Inflame"},{"not_picked":["Entrench","Anger"],"picked":"Metallicize"},{"not_picked":["Warcry","Armaments"],"picked":"Flex"},{"not_picked":["Entrench","Reckless Charge"],"picked":"Heavy Blade"}],"player_experience":276511,"potions_floor_usage":[11,14,16,24,24,33,33,33,46],"damage_taken":[{"damage":6,"enemies":"Cultist","floor":1,"turns":3},{"damage":10,"enemies":"2 Louse","floor":2,"turns":3},{"damage":11,"enemies":"Jaw Worm","floor":5,"turns":2},{"damage":27,"enemies":"3 Sentries","floor":6,"turns":6},{"damage":19,"enemies":"2 Fungi Beasts","floor":8,"turns":3},{"damage":6,"enemies":"Gremlin Gang","floor":11,"turns":3},{"damage":1,"enemies":"Large Slime","floor":14,"turns":5},{"damage":25,"enemies":"Slime Boss","floor":16,"turns":7},{"damage":6,"enemies":"Spheric Guardian","floor":18,"turns":3},{"damage":26,"enemies":"3 Byrds","floor":21,"turns":5},{"damage":30,"enemies":"Book of Stabbing","floor":24,"turns":4},{"damage":9,"enemies":"Cultist and Chosen","floor":25,"turns":4},{"damage":30,"enemies":"Chosen and Byrds","floor":28,"turns":5},{"damage":15,"enemies":"Snake Plant","floor":29,"turns":3},{"damage":31,"enemies":"Collector","floor":33,"turns":5},{"damage":10,"enemies":"Orb Walker","floor":35,"turns":2},{"damage":24,"enemies":"3 Darklings","floor":36,"turns":5},{"damage":45,"enemies":"4 Shapes","floor":39,"turns":5},{"damage":0,"enemies":"Maw","floor":40,"turns":4},{"damage":34,"enemies":"Sphere and 2 Shapes","floor":42,"turns":3},{"damage":0,"enemies":"3 Darklings","floor":44,"turns":2},{"damage":0,"enemies":"Maw","floor":46,"turns":4},{"damage":10,"enemies":"Sphere and 2 Shapes","floor":48,"turns":4},{"damage":4,"enemies":"Time Eater","floor":50,"turns":3}],"event_choices":[{"event_name":"The Lab","player_choice":"Got Potions","floor":4,"damage_taken":0},{"event_name":"World of Goop","player_choice":"Left","floor":7,"damage_taken":0},{"event_name":"The Cleric","player_choice":"Card Removal","floor":12,"damage_taken":0},{"event_name":"The Library","player_choice":"Read","floor":19,"damage_taken":0},{"event_name":"Match and Keep!","player_choice":"0 cards matched","floor":20,"damage_taken":0},{"event_name":"Forgotten Altar","player_choice":"Shed Blood","floor":22,"damage_taken":0},{"event_name":"Wheel of Change","player_choice":"Damage","floor":31,"damage_taken":0},{"event_name":"Tomb of Lord Red Mask","player_choice":"Ignored","floor":38,"damage_taken":0}],"boss_relics":[{"not_picked":["Eternal Feather","Runic Cube"],"picked":"Cursed Key"},{"not_picked":["White Beast Statue","Black Star"],"picked":"Runic Dome"}],"potions_floor_spawned":[5,11,14,21,24,28,29,39,40,44,46,48],"seed_played":"7395908753653312450","ascension_level":0,"is_trial":false}