{"path_per_floor":["M","?","M","?","M","R","M","R","T","E","?","R","?","M","R","B",null,"M","?","?","?","M","E","$","E","T","E","M","?","?","E","R","B",null,"M","?","$","?","?","R","?","R","T","?","$","M","M","M","R","B"],"character_chosen":"IRONCLAD","items_purchased":["Meat on the Bone"],"gold_per_floor":[117,67,79,79,95,95,106,106,131,165,165,165,165,178,178,273,273,293,293,293,293,306,332,15,43,43,71,85,85,85,111,111,213,213,226,226,126,126,126,126,126,126,152,201,76,86,104,117,117,117],"floor_reached":51,"campfire_rested":3,"playtime":822,"current_hp_per_floor":[73,73,73,73,62,62,54,54,54,30,30,30,30,30,54,8,80,66,66,66,80,66,46,46,42,42,48,44,27,27,21,48,23,92,84,92,92,92,92,92,92,92,92,81,81,70,57,47,73,56],"items_purged":["Defend_R","Writhe","Parasite"],"gold":117,"score":744,"play_id":"8ac5a3b6-0db2-4a02-8633-7910bcb81cad","local_time":"20180313152401","is_prod":false,"is_daily":false,"is_ascension_mode":false,"campfire_upgraded":5,"timestamp":1520947441,"path_taken":["M","?","M","?","?","R","M","R","T","E","?","R","?","M","R","BOSS","M","?","?","?","M","E","?","E","T","E","M","?","?","E","R","BOSS","M","?","$","?","?","R","?","R","T","?","$","M","M","M","R","BOSS"],"build_version":"2018-03-09","purchased_purges":3,"victory":true,"master_deck":["Strike_R","Strike_R+1","Strike_R","Strike_R+1","Bash","Whirlwind+1","Thunderclap","Flex+1","Flex+1","Offering+1","Seeing Red+1","Bloodletting+1","Offering","Inflame+1","Bloodletting+1"],"max_hp_per_floor":[80,80,80,80,80,80,80,80,80,80,80,80,80,80,80,80,80,80,80,80,80,80,80,80,80,80,87,87,92,92,92,92,92,92,92,92,92,92,92,92,92,92,92,92,89,89,89,89,89,89],"relics":["Question Card","Anchor","Prayer Wheel","Black Star","Juzu Bracelet","Whetstone","Meat on the Bone","Shuriken","Kunai","Happy Flower","Vajra","Strawberry","Ornamental Fan","Matryoshka","Cursed Key","Dream Catcher","Omamori","Gambling Chip"],"card_choices":[{"not_picked":["Searing Blow","Reckless Charge","Warcry"],"picked":"Whirlwind"},{"not_picked":["True Grit","Barricade","Dual Wield"],"picked":"Thunderclap"},{"not_picked":["Cleave","Feel No Pain","Bloodletting"],"picked":"Flex"},{"not_picked":["Wild Strike","Sword Boomerang","Havoc"],"picked":"Flex"},{"not_picked":["Dark Embrace","Limit Break","Brutality"],"picked":"Offering"},{"not_picked":["Disarm","Dropkick","Heavy Blade"],"picked":"Seeing Red"},{"not_picked":["Pommel Strike","Thunderclap","Armaments"],"picked":"Bloodletting"},{"not_picked":["Immolate","Limit Break","Bludgeon"],"picked":"Offering"},{"not_picked":["Pummel","Warcry","Second Wind"],"picked":"Inflame"},{"not_picked":["Armaments","Sword Boomerang","Whirlwind"],"picked":"Bloodletting"}],"player_experience":317222,"potions_floor_usage":[10,16,16,27,33,33,48,50],"damage_taken":[{"damage":7,"enemies":"2 Louse","floor":1,"turns":3},{"damage":0,"enemies":"Small Slimes","floor":3,"turns":3},{"damage":11,"enemies":"Jaw Worm","floor":5,"turns":3},{"damage":8,"enemies":"Gremlin Gang","floor":7,"turns":2},{"damage":24,"enemies":"Lagavulin","floor":10,"turns":4},{"damage":0,"enemies":"Exordium Wildlife","floor":14,"turns":2},{"damage":46,"enemies":"Hexaghost","floor":16,"turns":5},{"damage":14,"enemies":"Spheric Guardian","floor":18,"turns":3},{"damage":14,"enemies":"2 Thieves","floor":22,"turns":2},{"damage":20,"enemies":"Slavers","floor":23,"turns":3},{"damage":4,"enemies":"Gremlin Leader","floor":25,"turns":3},{"damage":13,"enemies":"Slavers","floor":27,"turns":2},{"damage":4,"enemies":"Chosen and Byrds","floor":28,"turns":1},{"damage":18,"enemies":"Book of Stabbing","floor":31,"turns":2},{"damage":37,"enemies":"Automaton","floor":33,"turns":5},{"damage":8,"enemies":"Orb Walker","floor":35,"turns":2},{"damage":11,"enemies":"Mysterious Sphere","floor":44,"turns":1},{"damage":11,"enemies":"3 Darklings","floor":46,"turns":1},{"damage":13,"enemies":"4 Shapes","floor":47,"turns":1},{"damage":10,"enemies":"Sphere and 2 Shapes","floor":48,"turns":1},{"damage":17,"enemies":"Donu and Deca","floor":50,"turns":1}],"event_choices":[{"event_name":"The Cleric","player_choice":"Card Removal","floor":2,"damage_taken":0},{"event_name":"The Woman in Blue","player_choice":"Bought 0 Potions","floor":4,"damage_taken":0},{"event_name":"The Lab","player_choice":"Got Potions","floor":11,"damage_taken":0},{"event_name":"Purifier","player_choice":"One Purge","floor":13,"damage_taken":0},{"event_name":"Back to Basics","player_choice":"Elegance","floor":19,"damage_taken":0},{"event_name":"Vampires","player_choice":"Ignored","floor":20,"damage_taken":0},{"event_name":"The Library","player_choice":"Heal","floor":21,"damage_taken":0},{"event_name":"Forgotten Altar","player_choice":"Shed Blood","floor":29,"damage_taken":0},{"event_name":"Accursed Blacksmith","player_choice":"Forge","floor":30,"damage_taken":0},{"event_name":"Winding Halls","player_choice":"Writhe","floor":36,"damage_taken":0},{"event_name":"Transmorgrifier","player_choice":"Transform","floor":38,"damage_taken":0},{"event_name":"Purifier","player_choice":"One Purge","floor":39,"damage_taken":0},{"event_name":"Tomb of Lord Red Mask","player_choice":"Ignored","floor":41,"damage_taken":0},{"event_name":"Mysterious Sphere","player_choice":"Fight","floor":44,"damage_taken":0}],"boss_relics":[{"not_picked":["Tiny House","White Beast Statue"],"picked":"Black Star"},{"not_picked":["Runic Pyramid","Calling Bell"],"picked":"Cursed Key"}],"potions_floor_spawned":[1,3,5,16,23,27,44,47],"seed_played":"498411497867303705","ascension_level":0,"is_trial":false}