{"path_per_floor":["M","$","?","M","?","E","?","M","T","?","$","M","M","M","R","B",null,"M","?","?","M","$","E","M","M","T"],"character_chosen":"IRONCLAD","items_purchased":["Shrug It Off","Sword Boomerang","Finesse","Disarm"],"gold_per_floor":[115,16,91,105,105,133,133,146,146,146,16,33,49,65,65,163,163,177,92,92,103,28,53,68,79,104],"floor_reached":27,"campfire_rested":1,"playtime":1203,"current_hp_per_floor":[77,77,66,61,61,31,31,34,34,26,26,16,12,10,34,8,80,69,69,69,72,72,76,80,69,69],"items_purged":["Strike_R"],"gold":104,"score":235,"play_id":"8376b91e-9050-4e26-8df2-c908aa72dbdb","local_time":"20180319204501","is_prod":false,"is_daily":false,"is_ascension_mode":false,"campfire_upgraded":0,"timestamp":1521485101,"path_taken":["M","$","?","M","?","E","?","?","T","?","$","M","M","?","R","BOSS","M","?","?","M","?","E","M","M","T","M"],"build_version":"2018-03-15v3","purchased_purges":1,"victory":false,"master_deck":["Strike_R","Strike_R","Strike_R","Strike_R","Defend_R","Defend_R","Defend_R","Defend_R","Bash","Juggernaut","Shrug It Off","Sword Boomerang","Inflame","Metallicize","Seeing Red","Entrench","Finesse","Disarm","Shockwave","Barricade","Metallicize","Flame Barrier","True Grit","Ghostly Armor"],"max_hp_per_floor":[80,80,80,80,80,80,80,80,80,80,80,80,80,80,80,80,80,80,80,80,80,80,80,80,80,80],"relics":["Burning Blood","Matryoshka","Anchor","Darkstone Periapt","Runic Dome","Pen Nib","Bottled Tornado","Blue Candle","Art of War"],"card_choices":[{"not_picked":["Headbutt","Bloodletting"],"picked":"Inflame"},{"not_picked":["Searing Blow","Spot Weakness"],"picked":"Metallicize"},{"not_picked":["Cleave","Body Slam"],"picked":"Entrench"},{"not_picked":["Bludgeon","Seeing Red"],"picked":"Shockwave"},{"not_picked":["Berserk","Juggernaut"],"picked":"Barricade"},{"not_picked":["Burning Pact","Perfected Strike"],"picked":"Flame Barrier"},{"not_picked":["Anger","Havoc"],"picked":"True Grit"},{"not_picked":["Feel No Pain","Uppercut"],"picked":"Ghostly Armor"}],"player_experience":334864,"potions_floor_usage":[6,12,16,18,27],"damage_taken":[{"damage":9,"enemies":"2 Louse","floor":1,"turns":3},{"damage":11,"enemies":"Jaw Worm","floor":4,"turns":6},{"damage":51,"enemies":"Gremlin Nob","floor":6,"turns":6},{"damage":3,"enemies":"Cultist","floor":8,"turns":3},{"damage":16,"enemies":"Gremlin Gang","floor":12,"turns":7},{"damage":10,"enemies":"2 Fungi Beasts","floor":13,"turns":4},{"damage":8,"enemies":"Exordium Thugs","floor":14,"turns":5},{"damage":32,"enemies":"Hexaghost","floor":16,"turns":13},{"damage":17,"enemies":"2 Thieves","floor":18,"turns":4},{"damage":3,"enemies":"3 Byrds","floor":21,"turns":9},{"damage":2,"enemies":"Book of Stabbing","floor":23,"turns":8},{"damage":0,"enemies":"Snecko","floor":24,"turns":8},{"damage":17,"enemies":"Slaver and Parasite","floor":25,"turns":13},{"damage":71,"enemies":"Cultist and Chosen","floor":27,"turns":9}],"event_choices":[{"event_name":"World of Goop","player_choice":"Gather Gold","floor":3,"damage_taken":0},{"event_name":"The Woman in Blue","player_choice":"Bought 0 Potions","floor":5,"damage_taken":0},{"event_name":"Match and Keep!","player_choice":"1 cards matched","floor":7,"damage_taken":0},{"event_name":"Wheel of Change","player_choice":"Damage","floor":10,"damage_taken":0},{"event_name":"Addict","player_choice":"Obtained Relic","floor":19,"damage_taken":0},{"event_name":"The Library","player_choice":"Read","floor":20,"damage_taken":0}],"boss_relics":[{"not_picked":["White Beast Statue","Question Card"],"picked":"Runic Dome"}],"potions_floor_spawned":[4,6,14,16,18,24],"seed_played":"-9184321673126651588","killed_by":"Cultist and Chosen","ascension_level":0,"is_trial":false}