{"path_per_floor":["M","?","?","?","?","E","R","M","T","M","$","M","M","M","R","B",null,"M","M","?","$","$","R","E","R","T","M","R","M","?","M","R","B",null,"M","$","M","M","M"],"character_chosen":"IRONCLAD","items_purchased":["Omamori","Vajra"],"gold_per_floor":[112,112,112,112,82,120,120,140,140,165,14,39,64,77,77,196,196,209,224,224,149,49,49,80,80,80,98,98,112,112,132,132,230,230,242,89,102,122,140],"floor_reached":40,"campfire_rested":1,"playtime":1014,"current_hp_per_floor":[80,64,64,44,44,42,42,48,48,54,54,48,52,45,45,8,80,80,80,80,80,80,80,68,68,68,74,74,59,59,48,72,12,80,80,80,80,61,72],"items_purged":["Strike_R","Strike_R"],"gold":140,"score":410,"play_id":"5ecd18d4-07e9-4dde-89e6-e31ca54fc480","local_time":"20180323020303","is_prod":false,"is_daily":false,"is_ascension_mode":false,"campfire_upgraded":5,"timestamp":1521763383,"path_taken":["M","?","?","?","?","E","R","M","T","M","$","M","M","M","R","BOSS","M","M","?","?","$","R","E","R","T","M","R","M","?","?","R","BOSS","M","$","M","?","?","E"],"build_version":"2018-03-15v3","purchased_purges":2,"victory":false,"master_deck":["Strike_R+1","Defend_R+1","Bash+1","Pommel Strike+1","Flex+1","Dual Wield+1","Whirlwind+1","Reaper","Reaper+1","Iron Wave+1","Infernal Blade+1"],"max_hp_per_floor":[80,80,80,80,80,80,80,80,80,80,80,80,80,80,80,80,80,80,80,80,80,80,80,80,80,80,80,80,80,80,80,80,80,80,80,80,80,80,80],"relics":["Burning Blood","Bloody Idol","Frozen Egg 2","Lantern","Omamori","Cursed Key","Gremlin Horn","Bottled Flame","Astrolabe","Vajra"],"card_choices":[{"not_picked":["Rupture","Shrug It Off"],"picked":"Pommel Strike"},{"not_picked":["Body Slam","Intimidate"],"picked":"Dual Wield"},{"not_picked":["Sentinel","Ghostly Armor"],"picked":"Whirlwind"},{"not_picked":["Bludgeon","Brutality"],"picked":"Reaper"}],"player_experience":340329,"potions_floor_usage":[6,13,16,16,16,31,33,35,40],"damage_taken":[{"damage":6,"enemies":"Jaw Worm","floor":1,"turns":3},{"damage":8,"enemies":"3 Sentries","floor":6,"turns":6},{"damage":0,"enemies":"Small Slimes","floor":8,"turns":3},{"damage":0,"enemies":"Cultist","floor":10,"turns":2},{"damage":12,"enemies":"Blue Slaver","floor":12,"turns":2},{"damage":2,"enemies":"Exordium Thugs","floor":13,"turns":3},{"damage":13,"enemies":"Red Slaver","floor":14,"turns":2},{"damage":43,"enemies":"Hexaghost","floor":16,"turns":7},{"damage":0,"enemies":"Chosen","floor":18,"turns":3},{"damage":3,"enemies":"3 Byrds","floor":19,"turns":4},{"damage":18,"enemies":"Gremlin Leader","floor":24,"turns":3},{"damage":0,"enemies":"3 Cultists","floor":27,"turns":1},{"damage":21,"enemies":"Snake Plant","floor":29,"turns":2},{"damage":22,"enemies":"Slaver and Parasite","floor":31,"turns":3},{"damage":71,"enemies":"Collector","floor":33,"turns":6},{"damage":5,"enemies":"Orb Walker","floor":35,"turns":2},{"damage":0,"enemies":"3 Darklings","floor":37,"turns":2},{"damage":30,"enemies":"4 Shapes","floor":38,"turns":1},{"damage":0,"enemies":"Sphere and 2 Shapes","floor":39,"turns":2},{"damage":113,"enemies":"Giant Head","floor":40,"turns":6}],"event_choices":[{"event_name":"Shining Light","player_choice":"Entered Light","floor":2,"damage_taken":0},{"event_name":"Transmorgrifier","player_choice":"Transform","floor":3,"damage_taken":0},{"event_name":"Golden Idol","player_choice":"Take Damage","floor":4,"damage_taken":0},{"event_name":"The Woman in Blue","player_choice":"Bought 2 Potions","floor":5,"damage_taken":0},{"event_name":"Back to Basics","player_choice":"Elegance","floor":20,"damage_taken":0},{"event_name":"Forgotten Altar","player_choice":"Gave Idol","floor":30,"damage_taken":0}],"boss_relics":[{"not_picked":["Ectoplasm","Black Blood"],"picked":"Cursed Key"},{"not_picked":["Runic Cube","Snecko Eye"],"picked":"Astrolabe"}],"potions_floor_spawned":[1,13,14,18,19,27,33,37],"seed_played":"3468887183669214365","killed_by":"Giant Head","ascension_level":0,"is_trial":false}