{"path_per_floor":["M","?","?","T","?","R","E","M","T","$","M","$","?","M","R","B",null,"M","?","?","$","?","R","E","?","T","?","R","M","R","M","R","B",null,"M","?","?","$","M","R","E","$","T","M","$","R","M","M","R","B"],"character_chosen":"IRONCLAD","items_purchased":["Corruption","Fiend Fire","Shrug It Off","Wild Strike","Flex","Armaments","Toolbox","Flame Barrier","Jack Of All Trades","Charon\u0027s Ashes","Havoc","Havoc","Shrug It Off"],"gold_per_floor":[110,360,360,360,360,360,394,412,412,71,81,55,55,72,72,168,168,178,428,428,103,18,18,48,48,48,48,48,67,67,83,83,182,182,199,199,550,386,405,405,433,70,96,106,36,36,53,73,73,73],"floor_reached":51,"campfire_rested":0,"playtime":1498,"current_hp_per_floor":[80,80,80,80,80,80,80,80,80,80,78,78,78,80,80,36,80,64,64,64,64,64,64,63,63,63,63,63,69,69,80,80,80,80,72,72,80,80,80,80,80,80,80,80,80,80,80,80,80,58],"items_purged":["Regret"],"gold":73,"score":915,"play_id":"0f525231-eccd-4e46-aaf3-6d41eba71871","local_time":"20180326202939","is_prod":false,"is_daily":false,"is_ascension_mode":false,"campfire_upgraded":9,"timestamp":1522085379,"path_taken":["M","?","?","?","?","R","E","M","T","?","M","$","?","M","R","BOSS","M","?","?","$","?","R","E","?","T","?","R","M","R","M","R","BOSS","M","?","?","$","M","R","E","?","T","M","?","R","M","M","R","BOSS"],"build_version":"2018-03-22v2","purchased_purges":1,"victory":true,"master_deck":["Strike_R+1","Strike_R","Strike_R","Defend_R","Defend_R","Defend_R","Defend_R","Bash+1","Clash","Corruption+1","Fiend Fire+1","Shrug It Off","Wild Strike","Flex","Havoc+1","Armaments+1","Inflame","Bloodletting+1","Immolate","True Grit","Corruption+1","Fiend Fire+1","Havoc+1","Flame Barrier","Jack Of All Trades+1","Armaments+1","Havoc","Parasite","Havoc","Shrug It Off","Fiend Fire+1","Shrug It Off+1"],"max_hp_per_floor":[80,80,80,80,80,80,80,80,80,80,80,80,80,80,80,80,80,80,80,80,80,80,80,80,80,80,80,80,80,80,80,80,80,80,80,80,80,80,80,80,80,80,80,80,80,80,80,80,80,80],"relics":["Burning Blood","NeowsBlessing","Juzu Bracelet","Mummified Hand","Dead Branch","Philosopher\u0027s Stone","Toolbox","Lantern","Bag of Preparation","Bird Faced Urn","Cursed Key","Old Coin","Molten Egg 2","Charon\u0027s Ashes","Regal Pillow"],"card_choices":[{"not_picked":["Dropkick","Cleave"],"picked":"Clash","floor":7},{"not_picked":["Shrug It Off","Battle Trance"],"picked":"Whirlwind","floor":8},{"not_picked":["Clash","Brutality"],"picked":"Havoc","floor":11},{"not_picked":["Rampage","Iron Wave"],"picked":"Bloodletting","floor":14},{"not_picked":["Barricade","Demon Form"],"picked":"Immolate","floor":16},{"not_picked":["Pommel Strike","Entrench"],"picked":"True Grit","floor":18},{"not_picked":["Demon Form","Bludgeon"],"picked":"Fiend Fire","floor":33},{"not_picked":["Body Slam","Rupture"],"picked":"Havoc","floor":35},{"not_picked":["Disarm","Rage"],"picked":"Armaments","floor":41},{"not_picked":["Clash","Clothesline"],"picked":"Fiend Fire","floor":47},{"not_picked":["Flex","Iron Wave"],"picked":"Shrug It Off","floor":48}],"player_experience":349027,"potions_floor_usage":[18,50,50,50],"damage_taken":[{"damage":0,"enemies":"Jaw Worm","floor":1,"turns":1},{"damage":0,"enemies":"3 Sentries","floor":7,"turns":2},{"damage":0,"enemies":"Cultist","floor":8,"turns":1},{"damage":8,"enemies":"Small Slimes","floor":11,"turns":3},{"damage":2,"enemies":"Looter","floor":14,"turns":3},{"damage":50,"enemies":"The Guardian","floor":16,"turns":6},{"damage":22,"enemies":"2 Thieves","floor":18,"turns":4},{"damage":7,"enemies":"Slavers","floor":24,"turns":2},{"damage":6,"enemies":"Spheric Guardian","floor":29,"turns":1},{"damage":3,"enemies":"Cultist and Chosen","floor":31,"turns":3},{"damage":6,"enemies":"Champ","floor":33,"turns":3},{"damage":18,"enemies":"3 Shapes","floor":35,"turns":3},{"damage":6,"enemies":"Mysterious Sphere","floor":37,"turns":2},{"damage":3,"enemies":"3 Darklings","floor":39,"turns":2},{"damage":3,"enemies":"2 Orb Walkers","floor":41,"turns":1},{"damage":6,"enemies":"Maw","floor":44,"turns":3},{"damage":3,"enemies":"Sphere and 2 Shapes","floor":47,"turns":1},{"damage":0,"enemies":"4 Shapes","floor":48,"turns":1},{"damage":36,"enemies":"Donu and Deca","floor":50,"turns":4}],"event_choices":[{"event_name":"Golden Shrine","player_choice":"Desecrate","floor":2,"damage_taken":0},{"event_name":"Purifier","player_choice":"One Purge","floor":3,"damage_taken":0},{"event_name":"Upgrade Shrine","player_choice":"Upgraded","floor":5,"damage_taken":0},{"event_name":"Transmorgrifier","player_choice":"Transform","floor":13,"damage_taken":0},{"event_name":"Golden Shrine","player_choice":"Desecrate","floor":19,"damage_taken":0},{"event_name":"Duplicator","player_choice":"One dupe","floor":20,"damage_taken":0},{"event_name":"Addict","player_choice":"Obtained Relic","floor":22,"damage_taken":0},{"event_name":"Bonfire Elementals","player_choice":"BASIC","floor":25,"damage_taken":0},{"event_name":"Vampires","player_choice":"Ignored","floor":27,"damage_taken":0},{"event_name":"Mysterious Sphere","player_choice":"Fight","floor":37,"damage_taken":0}],"boss_relics":[{"not_picked":["Question Card","Snecko Eye"],"picked":"Philosopher\u0027s Stone"},{"not_picked":["Runic Dome","Tiny House"],"picked":"Cursed Key"}],"potions_floor_spawned":[1,11,18,29,31,35,37,39,48],"seed_played":"-6443000039684430898","ascension_level":0,"is_trial":false}