{"path_per_floor":["M","?","?","$","?","R","E","$","T","?","M","M","R","M","R","B",null,"M","?","?","$","?","M","M","M","T","R","M","M","M","M","R","B",null,"M","M","?","?","M","R","$","?","T","M","M","$","M","M","R","B"],"character_chosen":"IRONCLAD","items_purchased":["Offering","Flash of Steel","Frozen Egg 2","Inflame","Offering"],"gold_per_floor":[213,213,213,138,138,138,171,7,7,7,28,42,42,67,67,196,196,214,114,114,14,14,38,58,78,78,78,102,120,143,167,167,295,295,310,326,659,659,676,676,204,204,204,223,239,31,45,60,60,60],"floor_reached":51,"campfire_rested":2,"playtime":1041,"current_hp_per_floor":[80,80,80,80,73,73,52,52,52,52,54,56,56,58,58,16,74,72,72,72,72,56,51,46,41,41,41,36,31,22,17,39,28,74,45,35,35,54,40,40,40,40,40,35,20,20,15,43,65,42],"items_purged":["Defend_R","Havoc","Writhe","Strike_R"],"gold":60,"score":703,"play_id":"15317bfe-c138-4302-b587-aae0c5e1b516","local_time":"20180328234013","is_prod":false,"is_daily":false,"is_ascension_mode":false,"campfire_upgraded":5,"timestamp":1522269613,"path_taken":["M","?","?","?","?","R","E","$","T","?","M","?","R","M","R","BOSS","M","?","?","$","?","M","M","?","T","R","M","?","M","?","R","BOSS","M","M","?","?","?","R","$","?","T","M","M","$","M","M","R","BOSS"],"build_version":"2018-03-22v2","purchased_purges":4,"victory":true,"master_deck":["Strike_R","Strike_R","Strike_R","Strike_R","Bash+1","Sword Boomerang+1","Clash+1","Offering","Flex+1","Offering+1","J.A.X.+1","Limit Break+1","Rupture+1","Flex+1","Flash of Steel","Inflame+1","Pommel Strike+1","Offering","Whirlwind+1"],"max_hp_per_floor":[80,80,80,80,80,80,80,80,80,74,74,74,74,74,74,74,74,74,74,74,74,74,74,74,74,74,74,74,74,74,74,74,74,74,74,74,74,74,74,74,74,74,74,74,74,74,74,74,74,74],"relics":["Burning Blood","Bronze Scales","Mercury Hourglass","Lizard Tail","Nilry\u0027s Codex","Smiling Mask","Runic Dome","Frozen Egg 2","Bottled Flame"],"card_choices":[{"not_picked":["Thunderclap","Wild Strike"],"picked":"Sword Boomerang","floor":1},{"not_picked":["Rampage","Entrench"],"picked":"Clash","floor":7},{"not_picked":["Reckless Charge","Clothesline"],"picked":"Flex","floor":12},{"not_picked":["Impervious","Berserk"],"picked":"Offering","floor":16},{"not_picked":["Impervious","Feed"],"picked":"Limit Break","floor":33},{"not_picked":["Uppercut","Twin Strike"],"picked":"Rupture","floor":35},{"not_picked":["Thunderclap","Pummel"],"picked":"Flex","floor":36},{"not_picked":["Body Slam","Corruption"],"picked":"Pommel Strike","floor":44},{"not_picked":["Iron Wave","Clash"],"picked":"Whirlwind","floor":48}],"player_experience":355761,"potions_floor_usage":[16,33,35,48,50,50,50],"damage_taken":[{"damage":4,"enemies":"Small Slimes","floor":1,"turns":5},{"damage":27,"enemies":"Gremlin Nob","floor":7,"turns":4},{"damage":4,"enemies":"Cultist","floor":11,"turns":2},{"damage":4,"enemies":"Jaw Worm","floor":12,"turns":1},{"damage":4,"enemies":"2 Fungi Beasts","floor":14,"turns":1},{"damage":48,"enemies":"Slime Boss","floor":16,"turns":8},{"damage":8,"enemies":"Spheric Guardian","floor":18,"turns":2},{"damage":11,"enemies":"Shell Parasite","floor":23,"turns":1},{"damage":11,"enemies":"Snecko","floor":24,"turns":1},{"damage":11,"enemies":"Snake Plant","floor":25,"turns":1},{"damage":11,"enemies":"3 Cultists","floor":28,"turns":2},{"damage":11,"enemies":"Cultist and Chosen","floor":29,"turns":2},{"damage":15,"enemies":"Centurion and Healer","floor":30,"turns":2},{"damage":11,"enemies":"Sentry and Sphere","floor":31,"turns":1},{"damage":17,"enemies":"Collector","floor":33,"turns":4},{"damage":35,"enemies":"3 Darklings","floor":35,"turns":3},{"damage":16,"enemies":"3 Shapes","floor":36,"turns":2},{"damage":20,"enemies":"3 Darklings","floor":39,"turns":2},{"damage":11,"enemies":"Maw","floor":44,"turns":2},{"damage":21,"enemies":"4 Shapes","floor":45,"turns":3},{"damage":11,"enemies":"3 Darklings","floor":47,"turns":1},{"damage":17,"enemies":"Sphere and 2 Shapes","floor":48,"turns":1},{"damage":29,"enemies":"Donu and Deca","floor":50,"turns":2}],"event_choices":[{"event_name":"Transmorgrifier","player_choice":"Transform","floor":2,"damage_taken":0},{"event_name":"Living Wall","player_choice":"Forget","floor":3,"damage_taken":0},{"event_name":"Golden Wing","player_choice":"Card Removal","floor":5,"damage_taken":0},{"event_name":"Golden Idol","player_choice":"Lose Max HP","floor":10,"damage_taken":0},{"event_name":"Drug Dealer","player_choice":"Got JAXXED","floor":19,"damage_taken":0},{"event_name":"Upgrade Shrine","player_choice":"Upgraded","floor":20,"damage_taken":0},{"event_name":"Cursed Tome","player_choice":"Obtained Book","floor":22,"damage_taken":0},{"event_name":"The Moai Head","player_choice":"Gave Idol","floor":37,"damage_taken":0},{"event_name":"Winding Halls","player_choice":"Writhe","floor":38,"damage_taken":0},{"event_name":"Accursed Blacksmith","player_choice":"Forge","floor":42,"damage_taken":0}],"boss_relics":[{"not_picked":["Question Card","Astrolabe"],"picked":"Lizard Tail"},{"not_picked":["Runic Cube","Black Blood"],"picked":"Runic Dome"}],"potions_floor_spawned":[11,12,24,25,28,29,31,36,44,48],"seed_played":"6717988292759569331","ascension_level":0,"is_trial":false}