{"path_per_floor":["M","$","?","$","?","E","R","M","T","R","?","E","?","M","R","B",null,"M","?","?","M","M","E","T","R","T","?","M","M","M","M","R","B",null,"M","M","M","$","M","R","?","M","T","R","?","M","$","M","R","B"],"character_chosen":"IRONCLAD","items_purchased":["Flex","Bag of Preparation","Red Skull","Medical Kit"],"gold_per_floor":[116,14,14,14,14,41,41,54,354,354,354,380,380,397,397,493,493,503,403,403,416,426,485,511,511,559,559,569,584,595,606,606,707,707,727,747,759,204,217,217,217,233,233,233,233,253,59,72,72,72],"floor_reached":51,"campfire_rested":2,"playtime":801,"current_hp_per_floor":[80,80,64,64,64,70,70,76,76,76,76,80,85,85,85,85,85,85,85,85,85,82,64,64,64,64,64,67,70,76,75,75,24,85,72,74,65,65,49,74,74,73,73,73,73,72,72,68,85,36],"items_purged":["Defend_R","Defend_R"],"gold":72,"score":815,"play_id":"f39c35c5-b62d-4aa5-aa08-e93506f8356b","local_time":"20180403024222","is_prod":false,"is_daily":false,"is_ascension_mode":true,"campfire_upgraded":6,"timestamp":1522712542,"path_taken":["M","?","?","$","?","E","R","M","T","R","?","E","?","M","R","BOSS","M","?","?","?","M","E","?","R","T","?","M","M","M","?","R","BOSS","M","M","M","$","M","R","?","?","T","R","?","M","$","M","R","BOSS"],"build_version":"2018-03-29v2","purchased_purges":2,"victory":true,"master_deck":["Strike_R+1","Strike_R","Strike_R","Strike_R","Strike_R","Defend_R","Bash","Flex+1","Flex+1","Pummel+1","Whirlwind+1","Thunderclap+1","J.A.X.+1","Flex+1","Offering+1","Flex+1","Deep Breath"],"max_hp_per_floor":[80,80,80,80,80,80,80,80,80,80,80,80,85,85,85,85,85,85,85,85,85,85,85,85,85,85,85,85,85,85,85,85,85,85,85,85,85,85,85,85,85,85,85,85,85,85,85,85,85,85],"relics":["Burning Blood","NeowsBlessing","Orichalcum","Old Coin","Oddly Smooth Stone","Runic Dome","Tiny Chest","Bag of Marbles","Dream Catcher","Cursed Key","Bag of Preparation","Red Skull","Medical Kit"],"card_choices":[{"not_picked":["Armaments","Warcry"],"picked":"Flex","floor":1.0},{"not_picked":["Searing Blow","Metallicize"],"picked":"Pummel","floor":6.0},{"not_picked":["Wild Strike","Double Tap"],"picked":"Whirlwind","floor":12.0},{"not_picked":["Reckless Charge","Heavy Blade"],"picked":"Thunderclap","floor":18},{"not_picked":["Perfected Strike","Bloodletting"],"picked":"Flex","floor":21},{"not_picked":["Dropkick","True Grit"],"picked":"Offering","floor":29},{"not_picked":["True Grit","Thunderclap"],"picked":"Flex","floor":39},{"not_picked":["Jack Of All Trades","Panache"],"picked":"Deep Breath","floor":41}],"player_experience":361824,"potions_floor_usage":[16,23,29,29,33,50,50,50],"damage_taken":[{"damage":0.0,"enemies":"Cultist","floor":1.0,"turns":1.0},{"damage":0.0,"enemies":"Lagavulin","floor":6.0,"turns":1.0},{"damage":0.0,"enemies":"2 Louse","floor":8.0,"turns":1.0},{"damage":2.0,"enemies":"Gremlin Nob","floor":12.0,"turns":3.0},{"damage":1.0,"enemies":"Small Slimes","floor":14.0,"turns":2.0},{"damage":0,"enemies":"Slime Boss","floor":16,"turns":6},{"damage":0,"enemies":"Chosen","floor":18,"turns":3},{"damage":0,"enemies":"Shell Parasite","floor":21,"turns":1},{"damage":9,"enemies":"Snecko","floor":22,"turns":3},{"damage":24,"enemies":"Book of Stabbing","floor":23,"turns":3},{"damage":3,"enemies":"Centurion and Healer","floor":28,"turns":1},{"damage":3,"enemies":"Chosen and Byrds","floor":29,"turns":3},{"damage":0,"enemies":"Snecko","floor":30,"turns":2},{"damage":7,"enemies":"3 Cultists","floor":31,"turns":2},{"damage":57,"enemies":"Champ","floor":33,"turns":6},{"damage":19,"enemies":"3 Shapes","floor":35,"turns":2},{"damage":4,"enemies":"Orb Walker","floor":36,"turns":2},{"damage":15,"enemies":"3 Darklings","floor":37,"turns":3},{"damage":22,"enemies":"4 Shapes","floor":39,"turns":1},{"damage":7,"enemies":"Sphere and 2 Shapes","floor":42,"turns":2},{"damage":7,"enemies":"Maw","floor":46,"turns":3},{"damage":10,"enemies":"3 Darklings","floor":48,"turns":2},{"damage":55,"enemies":"Awakened One","floor":50,"turns":4}],"event_choices":[{"event_name":"Shining Light","player_choice":"Entered Light","floor":3.0,"damage_taken":0.0},{"event_name":"The Cleric","player_choice":"Leave","floor":5.0,"damage_taken":0.0},{"event_name":"Living Wall","player_choice":"Forget","floor":11.0,"damage_taken":0.0},{"event_name":"Big Fish","player_choice":"Donut","floor":13.0,"damage_taken":0.0},{"event_name":"Drug Dealer","player_choice":"Got JAXXED","floor":19,"damage_taken":0},{"event_name":"N\u0027loth","player_choice":"Ignored","floor":20,"damage_taken":0},{"event_name":"Ghosts","player_choice":"Ignored","floor":27,"damage_taken":0},{"event_name":"SensoryStone","player_choice":"Memory 1","floor":41,"damage_taken":0},{"event_name":"The Lab","player_choice":"Got Potions","floor":45,"damage_taken":0}],"boss_relics":[{"not_picked":["Mark of Pain","Snecko Eye"],"picked":"Runic Dome"},{"not_picked":["Orrery","Velvet Choker"],"picked":"Cursed Key"}],"potions_floor_spawned":[6,8,12,16,18,22,23,33,35,37,39,48],"seed_played":"2037574661107874940","ascension_level":1,"is_trial":false}