{"path_per_floor":["M","?","$","M","M","E","?","R","T","R","$","E","M","M","R","B",null,"M","?","?","M","M","M","E","?","T","E","$","R","?","M","R"],"character_chosen":"IRONCLAD","items_purchased":[],"gold_per_floor":[99,99,24,24,24,24,24,24,24,24,24,24,24,24,24,24,24,24,24,24,24,24,24,24,24,24,24,24,24,24,24,24,24],"floor_reached":33,"campfire_rested":2,"playtime":633,"current_hp_per_floor":[80,73,73,68,62,36,36,36,50,50,50,31,25,14,42,33,94,82,82,82,89,63,73,44,25,25,26,26,26,26,16,45,0],"items_purged":["Defend_R"],"gold":24,"score":320,"play_id":"bcea4daa-b929-49dd-9c50-f5a44df480e8","local_time":"20180326204245","is_prod":false,"is_daily":false,"is_ascension_mode":false,"campfire_upgraded":3,"timestamp":1522086165,"path_taken":["M","?","?","M","M","E","?","R","T","R","$","E","M","M","R","BOSS","M","?","?","M","M","M","E","?","T","E","$","R","?","M","R","BOSS"],"build_version":"2018-03-22v2","purchased_purges":1,"victory":false,"master_deck":["Strike_R","Strike_R","Strike_R","Strike_R","Strike_R","Defend_R","Bash","Inflame+1","Sword Boomerang+1","Clash","Reaper","Pummel","Whirlwind+1","Writhe"],"max_hp_per_floor":[80,80,80,80,80,80,80,80,94,94,94,94,94,94,94,94,94,94,94,94,94,94,94,94,99,99,99,99,99,99,99,99,99],"relics":["Ectoplasm","The Courier","Mango","Lantern","Philosopher\u0027s Stone","Juzu Bracelet","Anchor","Mercury Hourglass","Prayer Wheel"],"card_choices":[{"not_picked":["Wild Strike","Sever Soul"],"picked":"Inflame","floor":1},{"not_picked":["Dropkick","Clash"],"picked":"Sword Boomerang","floor":4},{"not_picked":["Shrug It Off","Flame Barrier"],"picked":"Clash","floor":12},{"not_picked":["Bludgeon","Immolate"],"picked":"Reaper","floor":16},{"not_picked":["Headbutt","Shockwave"],"picked":"Pummel","floor":18},{"not_picked":["Clothesline","Wild Strike"],"picked":"Whirlwind","floor":24}],"player_experience":350525,"potions_floor_usage":[6,24,27,27,27],"damage_taken":[{"damage":0,"enemies":"2 Louse","floor":1,"turns":3},{"damage":5,"enemies":"Small Slimes","floor":4,"turns":3},{"damage":6,"enemies":"Cultist","floor":5,"turns":3},{"damage":26,"enemies":"Lagavulin","floor":6,"turns":4},{"damage":19,"enemies":"3 Sentries","floor":12,"turns":5},{"damage":6,"enemies":"3 Louse","floor":13,"turns":2},{"damage":11,"enemies":"Large Slime","floor":14,"turns":2},{"damage":9,"enemies":"Slime Boss","floor":16,"turns":5},{"damage":12,"enemies":"Spheric Guardian","floor":18,"turns":3},{"damage":5,"enemies":"3 Byrds","floor":21,"turns":3},{"damage":27,"enemies":"3 Cultists","floor":22,"turns":4},{"damage":0,"enemies":"Centurion and Healer","floor":23,"turns":3},{"damage":53,"enemies":"Slavers","floor":24,"turns":4},{"damage":6,"enemies":"Book of Stabbing","floor":27,"turns":2},{"damage":17,"enemies":"Snecko","floor":31,"turns":3},{"damage":110,"enemies":"Automaton","floor":33,"turns":6}],"event_choices":[{"event_name":"Golden Wing","player_choice":"Card Removal","floor":2,"damage_taken":0},{"event_name":"Liars Game","player_choice":"disagreed","floor":7,"damage_taken":0},{"event_name":"Back to Basics","player_choice":"Elegance","floor":19,"damage_taken":0},{"event_name":"Beggar","player_choice":"Ignored","floor":20,"damage_taken":0},{"event_name":"Forgotten Altar","player_choice":"Shed Blood","floor":25,"damage_taken":0},{"event_name":"The Mausoleum","player_choice":"Yes","floor":30,"damage_taken":0}],"boss_relics":[{"not_picked":["Lizard Tail","Orrery"],"picked":"Philosopher\u0027s Stone"}],"potions_floor_spawned":[4,5,12,23,24],"seed_played":"7369440897423328246","killed_by":"Automaton","ascension_level":0,"is_trial":false}