{"path_per_floor":["M","?","?","M","M","R","M","R","T","M","?","R","$","E","R","B",null,"M","T","T","?","M","R","M","M","T","R","M","M","M","M","R","B",null,"M","?","$","?","M","E","M","M","T","M","M","?","?","M","R","B"],"character_chosen":"IRONCLAD","items_purchased":["Sword Boomerang"],"gold_per_floor":[99,99,67,67,67,67,67,67,67,67,67,67,44,44,44,44,44,0,0,0,0,0,0,0,0,0,0,0,0,0,0,0,0,0,0,0,0,0,0,0,0,0,0,0,0,0,0,0,0,0],"floor_reached":51,"campfire_rested":3,"playtime":1810,"current_hp_per_floor":[69,69,69,69,62,62,46,46,46,45,13,35,35,22,44,9,74,70,70,70,70,57,57,55,58,58,58,42,31,18,20,43,15,77,73,73,73,74,55,50,44,41,41,38,35,70,61,57,57,20],"items_purged":[],"gold":0,"score":710,"play_id":"4bea61aa-60b8-4c11-a257-162d7460d5b3","local_time":"20180328023408","is_prod":false,"is_daily":false,"is_ascension_mode":false,"campfire_upgraded":5,"timestamp":1522193648,"path_taken":["M","?","?","M","M","R","M","R","T","M","?","R","$","E","R","BOSS","M","?","?","?","M","R","M","M","T","R","?","?","M","M","R","BOSS","M","?","?","?","M","E","M","M","T","M","?","?","?","M","R","BOSS"],"build_version":"2018-03-22v2","purchased_purges":0,"victory":true,"master_deck":["Strike_R","Strike_R","Strike_R","Strike_R","Strike_R","Defend_R","Defend_R","Defend_R","Defend_R","Bash","Sword Boomerang+1","Exhume+1","Inflame+1","Sword Boomerang+1","Pommel Strike","Immolate","Battle Trance+1","Flex+1","Pommel Strike+1","Second Wind+1","Offering","Spot Weakness","Seeing Red+1","Infernal Blade","Impervious","Seeing Red","Fiend Fire","Rupture+1","Body Slam+1","Pommel Strike+1","Madness","Madness"],"max_hp_per_floor":[80,74,74,74,74,74,74,74,74,74,74,74,74,74,74,74,74,74,74,74,74,74,74,74,77,77,77,77,77,77,77,77,77,77,77,77,77,80,80,80,80,80,80,80,80,70,70,70,70,70],"relics":["Ectoplasm","Golden Idol","Tiny Chest","Orichalcum","Dead Branch","Sozu","Bird Faced Urn","Bag of Preparation","Self Forming Clay","Orrery","Red Mask","Champion Belt","Dream Catcher","Frozen Egg 2"],"card_choices":[{"not_picked":["Bloodletting","Combust"],"picked":"Sword Boomerang","floor":1},{"not_picked":["Clothesline","Sword Boomerang"],"picked":"Exhume","floor":4},{"not_picked":["Wild Strike","Shrug It Off"],"picked":"Inflame","floor":7},{"not_picked":["Searing Blow","Clash"],"picked":"Pommel Strike","floor":14},{"not_picked":["Barricade","Dark Embrace"],"picked":"Immolate","floor":16},{"not_picked":["Dropkick","Shrug It Off"],"picked":"Battle Trance","floor":25},{"not_picked":["Twin Strike","Juggernaut"],"picked":"Flex","floor":29},{"not_picked":["True Grit","Heavy Blade"],"picked":"Pommel Strike","floor":30},{"not_picked":["Searing Blow","Cleave"],"picked":"Second Wind","floor":31},{"not_picked":["Fiend Fire","Exhume"],"picked":"Offering","floor":33},{"not_picked":["Headbutt","Searing Blow"],"picked":"Spot Weakness","floor":34},{"not_picked":["Shrug It Off","Twin Strike"],"picked":"Seeing Red","floor":34},{"not_picked":["Heavy Blade","Clothesline"],"picked":"Infernal Blade","floor":34},{"not_picked":["Uppercut","Armaments"],"picked":"Impervious","floor":35},{"not_picked":["Feel No Pain","Body Slam"],"picked":"Seeing Red","floor":38},{"not_picked":["Clothesline","Wild Strike"],"picked":"Fiend Fire","floor":40},{"not_picked":["Armaments","Flex"],"picked":"Rupture","floor":41},{"not_picked":["Flex","Rampage"],"picked":"Body Slam","floor":42},{"not_picked":["Sever Soul","Body Slam"],"picked":"Pommel Strike","floor":45}],"player_experience":353194,"potions_floor_usage":[16,24,50],"damage_taken":[{"damage":11,"enemies":"Jaw Worm","floor":1,"turns":2},{"damage":0,"enemies":"2 Louse","floor":4,"turns":2},{"damage":7,"enemies":"Small Slimes","floor":5,"turns":3},{"damage":16,"enemies":"3 Louse","floor":7,"turns":3},{"damage":1,"enemies":"Large Slime","floor":10,"turns":4},{"damage":32,"enemies":"Lagavulin Event","floor":11,"turns":4},{"damage":13,"enemies":"3 Sentries","floor":14,"turns":4},{"damage":35,"enemies":"The Guardian","floor":16,"turns":6},{"damage":18,"enemies":"2 Thieves","floor":18,"turns":3},{"damage":17,"enemies":"Shell Parasite","floor":22,"turns":4},{"damage":4,"enemies":"Sentry and Sphere","floor":24,"turns":3},{"damage":4,"enemies":"Chosen and Byrds","floor":25,"turns":4},{"damage":20,"enemies":"Cultist and Chosen","floor":28,"turns":4},{"damage":15,"enemies":"Sentry and Sphere","floor":29,"turns":4},{"damage":15,"enemies":"Snake Plant","floor":30,"turns":2},{"damage":0,"enemies":"Centurion and Healer","floor":31,"turns":3},{"damage":34,"enemies":"Collector","floor":33,"turns":6},{"damage":11,"enemies":"3 Shapes","floor":35,"turns":2},{"damage":26,"enemies":"Mysterious Sphere","floor":38,"turns":3},{"damage":23,"enemies":"3 Darklings","floor":39,"turns":3},{"damage":7,"enemies":"2 Orb Walkers","floor":40,"turns":3},{"damage":10,"enemies":"Maw","floor":41,"turns":4},{"damage":7,"enemies":"Sphere and 2 Shapes","floor":42,"turns":3},{"damage":11,"enemies":"4 Shapes","floor":44,"turns":1},{"damage":11,"enemies":"Maw","floor":45,"turns":3},{"damage":6,"enemies":"3 Darklings","floor":48,"turns":2},{"damage":45,"enemies":"Donu and Deca","floor":50,"turns":3}],"event_choices":[{"event_name":"Golden Idol","player_choice":"Lose Max HP","floor":2,"damage_taken":0},{"event_name":"World of Goop","player_choice":"Left","floor":3,"damage_taken":0},{"event_name":"Dead Adventurer","player_choice":"Searched \u00272\u0027 times","floor":11,"damage_taken":0},{"event_name":"Beggar","player_choice":"Ignored","floor":21,"damage_taken":0},{"event_name":"Tomb of Lord Red Mask","player_choice":"Paid","floor":36,"damage_taken":0},{"event_name":"Mysterious Sphere","player_choice":"Fight","floor":38,"damage_taken":0},{"event_name":"The Moai Head","player_choice":"Heal","floor":46,"damage_taken":0},{"event_name":"Winding Halls","player_choice":"Embrace Madness","floor":47,"damage_taken":0}],"boss_relics":[{"not_picked":["Astrolabe","Runic Dome"],"picked":"Sozu"},{"not_picked":["White Beast Statue","Velvet Choker"],"picked":"Orrery"}],"potions_floor_spawned":[1,7,11,11,18,22,24,31,35,38,42,45],"seed_played":"2245247816535880871","ascension_level":0,"is_trial":false}