{"path_per_floor":["M","?","$","M","$","R","?","R","T","E","R","T","M","M","R","B",null,"M","$","M","?","M","E","?","R","T","R","$","E","M","M","R","B",null,"M","?","?","?","M","E","$","E","T","M","R"],"character_chosen":"IRONCLAD","items_purchased":["Bag of Marbles","Paper Frog"],"gold_per_floor":[117,117,42,58,58,58,233,233,233,262,262,262,273,284,284,389,389,407,159,169,169,189,219,219,219,243,243,118,153,166,176,176,277,277,288,288,288,388,407,435,44,73,73,92,92,92],"floor_reached":46,"campfire_rested":5,"playtime":911,"current_hp_per_floor":[69,69,69,63,63,63,63,63,63,31,31,31,31,31,55,11,80,75,75,75,60,60,12,12,37,37,62,62,41,31,31,56,26,85,57,57,57,57,47,32,32,10,10,6,31,0],"items_purged":["Regret","Defend_R","Strike_R","Strike_R"],"gold":92,"score":514,"play_id":"63bebf8f-498c-4d07-bc30-a0cd1e64f973","local_time":"20180403022755","is_prod":false,"is_daily":false,"is_ascension_mode":false,"campfire_upgraded":3,"timestamp":1522711675,"path_taken":["M","?","$","?","$","R","?","R","T","E","R","?","?","M","R","BOSS","M","$","M","?","M","E","?","R","T","R","$","E","M","?","R","BOSS","M","?","?","?","M","E","$","E","T","M","R","M"],"build_version":"2018-03-29v2","purchased_purges":4,"victory":false,"master_deck":["Strike_R","Strike_R","Bash","Sword Boomerang","Sword Boomerang+1","Sword Boomerang+1","Twin Strike","Uppercut","Battle Trance","Flex+1","Havoc+1","Headbutt+1","Clash+1","Clash+1","Inflame","Offering","Sever Soul"],"max_hp_per_floor":[80,80,80,80,80,80,80,80,80,80,80,80,80,80,80,80,80,80,80,80,85,85,85,85,85,85,85,85,85,85,85,85,85,85,85,85,85,85,85,85,85,85,85,85,85,85],"relics":["Orrery","Omamori","Pen Nib","Darkstone Periapt","Calipers","Bag of Marbles","Kunai","Nloth\u0027s Gift","Oddly Smooth Stone","Du-Vu Doll","Cursed Key","Shovel","Paper Frog","Dodecahedron","Ginger"],"card_choices":[{"not_picked":["Shrug It Off","Warcry"],"picked":"Sword Boomerang","floor":0},{"not_picked":["Entrench","Shockwave"],"picked":"Sword Boomerang","floor":0},{"not_picked":["Anger","Bloodletting"],"picked":"Sword Boomerang","floor":0},{"not_picked":["True Grit","Headbutt"],"picked":"Twin Strike","floor":0},{"not_picked":["Searing Blow","Havoc"],"picked":"Uppercut","floor":0},{"not_picked":["Entrench","Headbutt"],"picked":"Battle Trance","floor":1},{"not_picked":["Double Tap","Pommel Strike"],"picked":"Flex","floor":10},{"not_picked":["Iron Wave","Fire Breathing"],"picked":"Clash","floor":23},{"not_picked":["Clothesline","Pommel Strike"],"picked":"Inflame","floor":30},{"not_picked":["Demon Form","Reaper"],"picked":"Offering","floor":33}],"player_experience":360913,"potions_floor_usage":[29,30,33,33,33,40],"damage_taken":[{"damage":11,"enemies":"Jaw Worm","floor":1,"turns":2},{"damage":6,"enemies":"2 Louse","floor":4,"turns":2},{"damage":32,"enemies":"3 Sentries","floor":10,"turns":6},{"damage":0,"enemies":"Cultist","floor":13,"turns":2},{"damage":0,"enemies":"Red Slaver","floor":14,"turns":1},{"damage":44,"enemies":"Slime Boss","floor":16,"turns":9},{"damage":5,"enemies":"Shell Parasite","floor":18,"turns":2},{"damage":0,"enemies":"Spheric Guardian","floor":20,"turns":1},{"damage":0,"enemies":"Snake Plant","floor":22,"turns":2},{"damage":48,"enemies":"Gremlin Leader","floor":23,"turns":3},{"damage":21,"enemies":"Book of Stabbing","floor":29,"turns":2},{"damage":10,"enemies":"Chosen and Byrds","floor":30,"turns":2},{"damage":0,"enemies":"Snecko","floor":31,"turns":1},{"damage":30,"enemies":"Automaton","floor":33,"turns":5},{"damage":28,"enemies":"3 Shapes","floor":35,"turns":2},{"damage":10,"enemies":"Orb Walker","floor":39,"turns":2},{"damage":15,"enemies":"2 Orb Walkers","floor":40,"turns":2},{"damage":22,"enemies":"Nemesis","floor":42,"turns":3},{"damage":4,"enemies":"3 Darklings","floor":44,"turns":2},{"damage":34,"enemies":"4 Shapes","floor":46,"turns":2}],"event_choices":[{"event_name":"Big Fish","player_choice":"Box","floor":2,"damage_taken":0},{"event_name":"Liars Game","player_choice":"agreed","floor":7,"damage_taken":0},{"event_name":"Forgotten Altar","player_choice":"Shed Blood","floor":21,"damage_taken":0},{"event_name":"N\u0027loth","player_choice":"Traded a Astrolabe","floor":24,"damage_taken":0},{"event_name":"Transmorgrifier","player_choice":"Transform","floor":36,"damage_taken":0},{"event_name":"Tomb of Lord Red Mask","player_choice":"Ignored","floor":37,"damage_taken":0},{"event_name":"Golden Shrine","player_choice":"Pray","floor":38,"damage_taken":0}],"boss_relics":[{"not_picked":["Eternal Feather","White Beast Statue"],"picked":"Astrolabe"},{"not_picked":["Runic Pyramid","Black Star"],"picked":"Cursed Key"}],"potions_floor_spawned":[1,4,16,18,23,30,31,35,39,44],"seed_played":"1840878104467473327","killed_by":"4 Shapes","ascension_level":0,"is_trial":false}