{"path_per_floor":["M","?","M","$","T","E","M","$","T","M","?","E","R","?","R","B",null,"M","?","?","M","T","R","M","R","T","E","?","M","M","E","R","B",null,"M","$","?","T","?","R","E","R","T","?","R","M","T","E","R","B"],"character_chosen":"IRONCLAD","items_purchased":[],"gold_per_floor":[116,116,135,60,60,87,104,4,28,46,46,73,73,73,73,170,170,170,170,170,170,170,170,170,170,170,170,170,170,170,170,170,170,170,170,70,70,70,70,70,70,70,70,70,70,70,70,70,70,70],"floor_reached":51,"campfire_rested":2,"playtime":845,"current_hp_per_floor":[75,75,80,80,80,80,80,80,80,73,73,53,53,53,77,44,80,62,62,62,68,68,68,62,62,62,56,56,60,66,28,52,39,80,72,72,72,72,72,72,74,74,74,74,74,78,78,62,62,18],"items_purged":["Defend_R","Defend_R","Defend_R"],"gold":70,"score":897,"play_id":"d3ddcb96-e186-4bd0-98e9-e5de4f3037c3","local_time":"20180331195553","is_prod":false,"is_daily":false,"is_ascension_mode":false,"campfire_upgraded":4,"timestamp":1522515353,"path_taken":["M","?","?","$","?","E","M","?","T","?","?","E","R","?","R","BOSS","M","?","?","M","?","R","?","R","T","E","?","M","M","E","R","BOSS","M","$","?","?","?","R","E","R","T","?","R","M","?","E","R","BOSS"],"build_version":"2018-03-29v2","purchased_purges":3,"victory":true,"master_deck":["Strike_R","Strike_R","Strike_R","Strike_R","Bash","Bludgeon+1","Warcry+1","Inflame+1","Double Tap+1","Battle Trance","Pummel+1","Sword Boomerang+1","Offering+1","Parasite","Secret Weapon","Regret","Rupture"],"max_hp_per_floor":[80,80,80,80,80,80,80,80,80,80,80,80,80,80,80,80,80,80,80,80,80,80,80,80,80,80,80,80,80,80,80,80,80,80,80,80,80,80,80,80,80,80,80,80,80,80,80,80,80,80],"relics":["Burning Blood","Shuriken","Bronze Scales","Ancient Tea Set","Happy Flower","Sundial","Ectoplasm","Oddly Smooth Stone","Shovel","The Courier","Juzu Bracelet","Cursed Key","Anchor","Tiny Chest","Orichalcum","Mummified Hand","Vajra","Prayer Wheel","Bag of Marbles","Gremlin Horn"],"card_choices":[{"not_picked":["Combust","Pommel Strike"],"picked":"Warcry","floor":7.0},{"not_picked":["Clothesline","Seeing Red"],"picked":"Inflame","floor":10.0},{"not_picked":["Fiend Fire","Reaper"],"picked":"Double Tap","floor":16.0},{"not_picked":["Cleave","Havoc"],"picked":"Battle Trance","floor":18.0},{"not_picked":["Burning Pact","Headbutt"],"picked":"Pummel","floor":24.0},{"not_picked":["Fiend Fire","Evolve"],"picked":"Sword Boomerang","floor":30.0},{"not_picked":["Dark Embrace","Juggernaut"],"picked":"Offering","floor":33.0},{"not_picked":["Swift Strike","Bandage Up"],"picked":"Secret Weapon","floor":39},{"not_picked":["Cleave","Immolate"],"picked":"Rupture","floor":48}],"player_experience":356802,"potions_floor_usage":[50,50],"damage_taken":[{"damage":11.0,"enemies":"Jaw Worm","floor":1.0,"turns":2.0},{"damage":0.0,"enemies":"Cultist","floor":3.0,"turns":2.0},{"damage":6.0,"enemies":"Gremlin Nob","floor":6.0,"turns":3.0},{"damage":0.0,"enemies":"2 Louse","floor":7.0,"turns":2.0},{"damage":13.0,"enemies":"Red Slaver","floor":10.0,"turns":2.0},{"damage":26.0,"enemies":"Lagavulin","floor":12.0,"turns":4.0},{"damage":39.0,"enemies":"The Guardian","floor":16.0,"turns":5.0},{"damage":24.0,"enemies":"Shell Parasite","floor":18.0,"turns":3.0},{"damage":0.0,"enemies":"Chosen","floor":21.0,"turns":2.0},{"damage":12.0,"enemies":"Centurion and Healer","floor":24.0,"turns":3.0},{"damage":12.0,"enemies":"Book of Stabbing","floor":27.0,"turns":2.0},{"damage":2.0,"enemies":"Snecko","floor":29.0,"turns":3.0},{"damage":0.0,"enemies":"Snake Plant","floor":30.0,"turns":2.0},{"damage":44.0,"enemies":"Gremlin Leader","floor":31.0,"turns":3.0},{"damage":25.0,"enemies":"Champ","floor":33.0,"turns":4.0},{"damage":14,"enemies":"Orb Walker","floor":35,"turns":2},{"damage":4,"enemies":"2 Orb Walkers","floor":41,"turns":2},{"damage":2,"enemies":"3 Shapes","floor":46,"turns":2},{"damage":22,"enemies":"Nemesis","floor":48,"turns":3},{"damage":50,"enemies":"Donu and Deca","floor":50,"turns":4}],"event_choices":[{"event_name":"Upgrade Shrine","player_choice":"Upgraded","floor":2.0,"damage_taken":0.0},{"event_name":"Living Wall","player_choice":"Forget","floor":11.0,"damage_taken":0.0},{"event_name":"Accursed Blacksmith","player_choice":"Rummage","floor":14.0,"damage_taken":0.0},{"event_name":"Purifier","player_choice":"One Purge","floor":19.0,"damage_taken":0.0},{"event_name":"Upgrade Shrine","player_choice":"Upgraded","floor":20.0,"damage_taken":0.0},{"event_name":"Golden Shrine","player_choice":"Pray","floor":28.0,"damage_taken":0.0},{"event_name":"Bonfire Elementals","player_choice":"BASIC","floor":37,"damage_taken":0},{"event_name":"SensoryStone","player_choice":"Memory 1","floor":39,"damage_taken":0},{"event_name":"Purifier","player_choice":"One Purge","floor":44,"damage_taken":0}],"boss_relics":[{"not_picked":["Runic Cube","Black Blood"],"picked":"Cursed Key"}],"potions_floor_spawned":[6,10,12,21,30,31],"seed_played":"4523064612983755253","ascension_level":0,"is_trial":false}