{"path_per_floor":["M","?","?","$","?","R","E","R","T","$","M","M","M","$","R","B",null,"M","M","?","?","$","R","M","R","T","R","?","M","R","E","R","B",null,"M","M","M","M","T","R","M","?","T","R","M","?","R","$","R","B"],"character_chosen":"IRONCLAD","items_purchased":["Flex","Anchor","Flex","Thunderclap","Vajra","Flex","Energy Potion"],"gold_per_floor":[214,289,289,17,17,17,52,52,75,75,90,106,119,19,19,114,114,125,141,141,141,45,45,59,59,85,85,85,95,95,129,129,231,231,246,260,273,293,293,293,308,308,331,331,346,399,399,47,47,47],"floor_reached":51,"campfire_rested":3,"playtime":961,"current_hp_per_floor":[80,69,69,69,69,69,35,35,35,35,41,47,53,53,77,24,80,80,80,65,65,65,65,67,67,67,67,67,75,75,74,74,47,87,87,91,93,79,79,79,64,64,64,93,89,75,101,101,101,26],"items_purged":["Defend_R","Defend_R","Defend_R"],"gold":47,"score":780,"play_id":"7df47857-9db5-4e42-9dce-b92774aa91ce","local_time":"20180407200357","is_prod":false,"is_daily":false,"is_ascension_mode":true,"campfire_upgraded":9,"timestamp":1523120637,"path_taken":["M","?","?","$","?","R","E","R","T","$","?","M","?","$","R","BOSS","M","M","?","?","?","R","?","R","T","R","?","M","R","E","R","BOSS","M","?","M","M","?","R","M","?","T","R","M","?","R","$","R","BOSS"],"build_version":"2018-04-05v2","purchased_purges":4,"victory":true,"master_deck":["Strike_R+1","Strike_R","Strike_R","Strike_R","Bash+1","Flex+1","Whirlwind+1","Offering+1","Flex+1","Thunderclap+1","Offering+1","Exhume+1","Flex+1"],"max_hp_per_floor":[80,80,80,80,80,80,80,80,80,80,80,80,80,80,80,80,80,80,80,85,85,85,85,85,85,85,85,85,85,85,87,87,87,87,89,91,93,95,95,95,97,97,97,97,99,101,101,101,101,101],"relics":["Burning Blood","Anchor","Thread and Needle","Pen Nib","Mark of Pain","Blood Vial","Singing Bowl","Lizard Tail","Calipers","Lantern","Ice Cream","Vajra"],"card_choices":[{"not_picked":["Feel No Pain","Flex"],"picked":"Whirlwind","floor":7},{"not_picked":["Limit Break","Juggernaut"],"picked":"Offering","floor":16},{"not_picked":["Armaments","Body Slam"],"picked":"Offering","floor":29},{"not_picked":["Impervious","Barricade"],"picked":"Exhume","floor":33}],"player_experience":368070,"potions_floor_usage":[7,7,16,19,29,41,50,50,50],"damage_taken":[{"damage":1,"enemies":"Cultist","floor":1,"turns":3},{"damage":40,"enemies":"Lagavulin","floor":7,"turns":4},{"damage":0,"enemies":"Small Slimes","floor":11,"turns":1},{"damage":0,"enemies":"Jaw Worm","floor":12,"turns":2},{"damage":0,"enemies":"Gremlin Gang","floor":13,"turns":1},{"damage":59,"enemies":"Hexaghost","floor":16,"turns":6},{"damage":4,"enemies":"2 Thieves","floor":18,"turns":2},{"damage":4,"enemies":"Spheric Guardian","floor":19,"turns":2},{"damage":4,"enemies":"Centurion and Healer","floor":24,"turns":4},{"damage":0,"enemies":"Slaver and Parasite","floor":29,"turns":2},{"damage":11,"enemies":"Gremlin Leader","floor":31,"turns":2},{"damage":35,"enemies":"Collector","floor":33,"turns":3},{"damage":8,"enemies":"Orb Walker","floor":35,"turns":2},{"damage":6,"enemies":"3 Shapes","floor":36,"turns":1},{"damage":0,"enemies":"3 Darklings","floor":37,"turns":1},{"damage":22,"enemies":"Sphere and 2 Shapes","floor":38,"turns":1},{"damage":25,"enemies":"Maw","floor":41,"turns":3},{"damage":14,"enemies":"4 Shapes","floor":45,"turns":1},{"damage":24,"enemies":"Mysterious Sphere","floor":46,"turns":2},{"damage":134,"enemies":"Awakened One","floor":50,"turns":8}],"event_choices":[{"event_name":"World of Goop","player_choice":"Gather Gold","floor":2,"damage_taken":0},{"event_name":"The Lab","player_choice":"Got Potions","floor":3,"damage_taken":0},{"event_name":"Upgrade Shrine","player_choice":"Upgraded","floor":5,"damage_taken":0},{"event_name":"Forgotten Altar","player_choice":"Shed Blood","floor":20,"damage_taken":0},{"event_name":"Back to Basics","player_choice":"Elegance","floor":21,"damage_taken":0},{"event_name":"Ghosts","player_choice":"Ignored","floor":28,"damage_taken":0},{"event_name":"Mysterious Sphere","player_choice":"Fight","floor":46,"damage_taken":0}],"boss_relics":[{"not_picked":["Black Blood","Runic Pyramid"],"picked":"Mark of Pain"},{"not_picked":["Astrolabe","Black Star"],"picked":"Lizard Tail"}],"potions_floor_spawned":[7,11,18,29,41,45,46],"seed_played":"6526297880625607406","ascension_level":3,"is_trial":false}