{"path_per_floor":["M","?","$","?","?","M","R","M","T","R","$","R","M","E","R","B",null,"M","?","$","?","M","R","E","?","T","M","R","M","$","M","R"],"character_chosen":"IRONCLAD","items_purchased":["Rupture"],"gold_per_floor":[119,119,44,44,44,57,57,76,76,76,76,76,91,119,119,223,253,269,184,84,84,104,104,137,62,62,75,75,88,25,41,41,41],"floor_reached":33,"campfire_rested":1,"playtime":808,"current_hp_per_floor":[75,59,59,80,68,74,74,79,79,79,79,79,72,55,55,27,72,68,68,68,52,40,40,22,22,22,25,51,48,48,55,55,0],"items_purged":["Defend_R","Defend_R"],"gold":41,"score":355,"play_id":"079a4da7-802a-41aa-aa04-e731eef0bb44","local_time":"20180420012511","is_prod":false,"is_daily":false,"chose_seed":false,"is_ascension_mode":true,"campfire_upgraded":6,"timestamp":1524176711,"path_taken":["M","?","$","?","?","M","R","M","T","R","?","R","M","E","R","BOSS","M","?","$","?","M","R","E","?","T","M","R","M","$","M","R","BOSS"],"build_version":"2018-04-12","seed_source_timestamp":25733330278165,"purchased_purges":2,"victory":false,"master_deck":["Strike_R","Strike_R+1","Strike_R+1","Strike_R+1","Strike_R+1","Defend_R+1","Bash+1","Pummel+1","Twin Strike","Pummel+1","Offering+1","Spot Weakness+1","Rupture+1"],"max_hp_per_floor":[80,80,80,80,80,80,80,80,80,80,80,80,80,80,80,80,85,85,85,85,85,85,85,85,85,85,87,87,89,89,91,91,91],"relics":["Burning Blood","Thread and Needle","Kunai","Bronze Scales","Tiny House","Magic Flower","Nilry\u0027s Codex","The Courier","Singing Bowl"],"card_choices":[{"not_picked":["True Grit","Infernal Blade"],"picked":"Pummel","floor":1},{"not_picked":["Feed","Burning Pact"],"picked":"Twin Strike","floor":13},{"not_picked":["Thunderclap","Sword Boomerang"],"picked":"Pummel","floor":14},{"not_picked":["Double Tap","Immolate"],"picked":"Offering","floor":16},{"not_picked":["Clash","Perfected Strike"],"picked":"Spot Weakness","floor":18}],"player_experience":384786,"potions_floor_usage":[16,24,27,27,31,33],"damage_taken":[{"damage":3,"enemies":"Jaw Worm","floor":1,"turns":4},{"damage":0,"enemies":"2 Louse","floor":6,"turns":3},{"damage":1,"enemies":"Small Slimes","floor":8,"turns":3},{"damage":13,"enemies":"Exordium Thugs","floor":13,"turns":4},{"damage":23,"enemies":"Gremlin Nob","floor":14,"turns":4},{"damage":49,"enemies":"Hexaghost","floor":16,"turns":9},{"damage":10,"enemies":"Spheric Guardian","floor":18,"turns":3},{"damage":21,"enemies":"2 Thieves","floor":22,"turns":3},{"damage":27,"enemies":"Gremlin Leader","floor":24,"turns":3},{"damage":8,"enemies":"Cultist and Chosen","floor":27,"turns":4},{"damage":14,"enemies":"Slaver and Parasite","floor":29,"turns":5},{"damage":4,"enemies":"Chosen and Byrds","floor":31,"turns":2},{"damage":68,"enemies":"Collector","floor":33,"turns":6}],"event_choices":[{"event_name":"Shining Light","player_choice":"Entered Light","floor":2,"damage_taken":0},{"event_name":"Big Fish","player_choice":"Banana","floor":4,"damage_taken":0},{"event_name":"Scrap Ooze","player_choice":"success","floor":5,"damage_taken":12},{"event_name":"Addict","player_choice":"Obtained Relic","floor":19,"damage_taken":0},{"event_name":"Cursed Tome","player_choice":"Obtained Book","floor":21,"damage_taken":0},{"event_name":"Beggar","player_choice":"Gave Gold","floor":25,"damage_taken":0}],"boss_relics":[{"not_picked":["Eternal Feather","Calling Bell"],"picked":"Tiny House"}],"potions_floor_spawned":[1,8,16,24,29],"seed_played":"-149051893154517143","killed_by":"Collector","ascension_level":7,"is_trial":false}