{"path_per_floor":["M","?","?","?","M","E","R","T","T","$","?","M","$","?","R","B",null,"M","M","?","M","$","R","M","E","T","M","E","?","M","?","R","B",null,"M","?","M","$","M","R","T","R","T","M","T","?","?","?","R","B"],"character_chosen":"THE_SILENT","items_purchased":["Pantograph","Mango"],"gold_per_floor":[115,115,290,290,313,352,352,400,482,153,153,173,73,73,73,197,197,210,234,234,259,134,134,152,220,244,259,293,293,318,318,318,447,447,467,467,487,49,74,74,74,74,74,92,92,425,0,0,0,0],"floor_reached":51,"campfire_rested":3,"playtime":3376,"current_hp_per_floor":[69,69,69,52,50,20,41,41,41,41,41,41,41,41,41,41,70,68,68,68,54,54,54,51,64,64,64,62,49,49,49,49,7,49,23,13,5,19,7,40,40,40,47,35,35,35,35,35,70,42],"items_purged":["Defend_G","Strike_G","Strike_G","Normality"],"gold":0,"play_id":"056132ce-1067-4a60-9f8d-805e45d1b808","is_prod":false,"is_daily":false,"campfire_rituals":0,"campfire_upgraded":4,"is_hardmode":false,"path_taken":["M","?","?","?","M","E","R","?","T","?","?","?","$","?","R","BOSS","M","?","?","M","?","R","M","E","T","M","E","?","?","?","R","BOSS","M","?","M","$","M","R","?","R","T","?","?","?","?","?","R","BOSS"],"build_version":"2018-01-11-PROD2","purchased_purges":4,"victory":true,"master_deck":["Defend_G","Defend_G","Defend_G","Survivor","Neutralize","Sucker Punch","Flying Knee","Crippling Poison","Dash","Phantasmal Killer","Flying Knee","Skewer","Dash","Leg Sweep","Phantasmal Killer","Bite_G","Bite_G","Bite_G","Bite_G","Bite_G","Sucker Punch","Unload","Regret","Writhe","Dagger Throw","Madness","Madness","Dagger Throw","Dodge and Roll"],"max_hp_per_floor":[70,70,70,70,70,70,70,70,70,70,70,70,70,70,70,70,70,70,70,70,70,70,70,70,70,70,70,70,49,49,49,49,49,49,49,49,49,63,63,63,63,63,70,70,70,70,70,70,70,70],"relics":["Ring of the Snake","Mercury Hourglass","Lantern","Bag of Marbles","Toolbox","Pantograph","Velvet Choker","Tiny Chest","War Paint","Molten Egg","Calling Bell","Regal Pillow","Matryoshka","Ninja Scroll","Mango","Vajra","Bag of Preparation","Strawberry","Anchor","Peace Pipe","Red Mask"],"campfire_meditates":0,"card_choices":[{"not_picked":["Bane","PiercingWail"],"picked":"Sucker Punch"},{"not_picked":["Deadly Poison","Acrobatics"],"picked":"Flying Knee"},{"not_picked":["Dodge and Roll","PiercingWail"],"picked":"Crippling Poison"},{"not_picked":["Acrobatics","Catalyst"],"picked":"Dash"},{"not_picked":["After Image","Burst"],"picked":"Phantasmal Killer"},{"not_picked":["Prepared","Backflip"],"picked":"Flying Knee"},{"not_picked":["Deflect","Deadly Poison"],"picked":"Skewer"},{"not_picked":["Bane","Flying Knee"],"picked":"Dash"},{"not_picked":["Prepared","Slice"],"picked":"Leg Sweep"},{"not_picked":["Prepared","Predator"],"picked":"Phantasmal Killer"},{"not_picked":["Skewer","Quick Slash"],"picked":"Sucker Punch"},{"not_picked":["Doppelganger","Burst"],"picked":"Unload"},{"not_picked":["Prepared","Noxious Fumes"],"picked":"Dagger Throw"},{"not_picked":["Noxious Fumes","Sucker Punch"],"picked":"Dagger Throw"},{"not_picked":["Dagger Throw","Noxious Fumes"],"picked":"Dodge and Roll"}],"player_experience":30726,"potions_floor_usage":[6,16,24,25,25,28,28,35,39,50],"damage_taken":[{"damage":1,"enemies":"Cultist","floor":1,"turns":5},{"damage":2,"enemies":"Small Slimes","floor":5,"turns":4},{"damage":30,"enemies":"Lagavulin","floor":6,"turns":8},{"damage":0,"enemies":"Jaw Worm","floor":12,"turns":1},{"damage":25,"enemies":"Slime Boss","floor":16,"turns":9},{"damage":2,"enemies":"2 Thieves","floor":18,"turns":4},{"damage":0,"enemies":"Shell Parasite","floor":19,"turns":4},{"damage":14,"enemies":"Snake Plant","floor":21,"turns":4},{"damage":3,"enemies":"Centurion and Healer","floor":24,"turns":5},{"damage":0,"enemies":"Book of Stabbing","floor":25,"turns":4},{"damage":0,"enemies":"Snecko","floor":27,"turns":2},{"damage":2,"enemies":"Slavers","floor":28,"turns":4},{"damage":0,"enemies":"3 Cultists","floor":30,"turns":3},{"damage":56,"enemies":"Champ","floor":33,"turns":10},{"damage":30,"enemies":"3 Darklings","floor":35,"turns":7},{"damage":10,"enemies":"3 Shapes","floor":37,"turns":4},{"damage":30,"enemies":"Maw","floor":39,"turns":9},{"damage":20,"enemies":"Sphere and 2 Shapes","floor":44,"turns":4},{"damage":46,"enemies":"Awakened One","floor":50,"turns":16}],"event_choices":[{"event_name":"Big Fish","player_choice":"Box","floor":2,"damage_taken":0},{"event_name":"Liars Game","player_choice":"agreed","floor":3,"damage_taken":0},{"event_name":"Golden Idol","player_choice":"Take Damage","floor":4,"damage_taken":0},{"event_name":"Fountain of Cleansing","player_choice":"Removed Curse","floor":11,"damage_taken":0},{"event_name":"The Lab","player_choice":"Got Potions","floor":14,"damage_taken":0},{"event_name":"Drug Dealer","player_choice":"Ignored","floor":20,"damage_taken":0},{"event_name":"Vampires","player_choice":"Became a vampire","floor":29,"damage_taken":0},{"event_name":"Back to Basics","player_choice":"Elegance","floor":31,"damage_taken":0},{"event_name":"Winding Halls","player_choice":"Embrace Madness","floor":36,"damage_taken":0},{"event_name":"The Moai Head","player_choice":"Gave Idol","floor":46,"damage_taken":0},{"event_name":"Tomb of Lord Red Mask","player_choice":"Paid","floor":47,"damage_taken":0},{"event_name":"Mysterious Sphere","player_choice":"Ignore","floor":48,"damage_taken":0}],"boss_relics":[{"not_picked":["Eternal Feather","Runic Dome"],"picked":"Velvet Choker"},{"not_picked":["Question Card","Astrolabe"],"picked":"Calling Bell"}],"potions_floor_spawned":[5,6,12,21,24,25,30,33,44],"seed_played":"-5111906255067445609","is_trial":false}