{"path_per_floor":["M","M","?","$","?","R","?","M","T","E","?","$","$","M","R","B",null,"M","?","M","?","T","E","M","R","T","M","?","M","M","$","R","B",null,"M","$","?","$","M","E","R","M","T","M","$","E","?","$","R","B"],"character_chosen":"THE_SILENT","items_purchased":["Apotheosis","Vajra","Sadistic Nature","Lantern","Prepared","Infinite Blades","Bag of Marbles","Adrenaline"],"gold_per_floor":[112,131,306,22,22,22,22,32,32,63,63,63,63,76,76,206,206,231,231,254,254,300,343,357,357,381,400,400,416,430,99,99,227,227,250,95,95,68,89,128,128,153,153,166,27,63,396,96,96,96],"floor_reached":51,"campfire_rested":3,"playtime":4026,"current_hp_per_floor":[66,64,64,64,69,69,69,69,69,52,34,34,34,29,51,29,75,75,75,75,75,75,69,67,67,67,59,59,62,74,74,74,38,75,70,70,85,85,54,50,85,48,48,55,55,44,44,44,84,4],"items_purged":["Strike_G","Doubt"],"gold":96,"play_id":"ef18ec7d-1faa-4823-86ae-edfda2ae3aac","is_prod":false,"is_daily":false,"campfire_rituals":0,"campfire_upgraded":3,"is_hardmode":false,"path_taken":["M","M","?","$","?","R","?","?","T","E","?","?","$","M","R","BOSS","M","?","M","?","?","E","M","R","T","?","?","M","M","?","R","BOSS","M","$","?","$","M","E","R","M","T","?","?","E","?","?","R","BOSS"],"build_version":"2018-01-11-PROD2","purchased_purges":2,"victory":true,"master_deck":["Defend_G","Defend_G","Survivor","Neutralize","Prepared","Bane","Apotheosis","Backflip","Poisoned Stab","Backflip","Envenom","Dagger Spray","Endless Agony","Bane","Flying Knee","Masterful Stab","Bite_G","Bite_G","Bite_G","Bite_G","Bite_G","Bane","Bane","Sadistic Nature","Slice","Riddle With Holes","Endless Agony","Prepared","Dagger Spray","Escape Plan","Backflip","Infinite Blades","Escape Plan","Adrenaline"],"max_hp_per_floor":[70,70,70,70,75,75,75,75,75,75,75,75,75,75,75,75,75,75,75,75,75,75,75,75,75,75,75,75,75,75,75,75,75,75,75,75,85,85,85,85,85,85,85,85,85,85,85,85,85,85],"relics":["Ring of the Snake","Toxic Egg","Frozen Eye","Shuriken","Sozu","Pen Nib","Regal Pillow","Vajra","Astrolabe","Lantern","Mercury Hourglass","Bird Faced Urn","Ninja Scroll","Bag of Marbles"],"campfire_meditates":0,"card_choices":[{"not_picked":["Poisoned Stab","Endless Agony"],"picked":"Prepared"},{"not_picked":["Masterful Stab","Slice"],"picked":"Bane"},{"not_picked":["Dash","Quick Slash"],"picked":"Backflip"},{"not_picked":["Quick Slash","Crippling Poison"],"picked":"Poisoned Stab"},{"not_picked":["Die Die Die","Heel Hook"],"picked":"Backflip"},{"not_picked":["Corpse Explosion","Die Die Die"],"picked":"Envenom"},{"not_picked":["Deflect","Sucker Punch"],"picked":"Dagger Spray"},{"not_picked":["Blur","Dagger Throw"],"picked":"Endless Agony"},{"not_picked":["Blade Dance","Finisher"],"picked":"Bane"},{"not_picked":["PiercingWail","Bane"],"picked":"Flying Knee"},{"not_picked":["Acrobatics","Malaise"],"picked":"Masterful Stab"},{"not_picked":["Choke","Quick Slash"],"picked":"Bane"},{"not_picked":["Deadly Poison","Leg Sweep"],"picked":"Bane"},{"not_picked":["Malaise","Deadly Poison"],"picked":"Endless Agony"},{"not_picked":["Deadly Poison","Venomology"],"picked":"Dagger Spray"},{"not_picked":["Finisher","Sucker Punch"],"picked":"Escape Plan"},{"not_picked":["Bane","Outmaneuver"],"picked":"Backflip"},{"not_picked":["Leg Sweep","Masterful Stab"],"picked":"Escape Plan"}],"player_experience":12465,"potions_floor_usage":[16,16],"damage_taken":[{"damage":4,"enemies":"Blue Slaver","floor":1,"turns":5},{"damage":2,"enemies":"2 Louse","floor":2,"turns":3},{"damage":0,"enemies":"Jaw Worm","floor":8,"turns":3},{"damage":17,"enemies":"3 Sentries","floor":10,"turns":9},{"damage":5,"enemies":"Looter","floor":14,"turns":3},{"damage":22,"enemies":"The Guardian","floor":16,"turns":11},{"damage":0,"enemies":"Chosen","floor":18,"turns":3},{"damage":0,"enemies":"3 Byrds","floor":20,"turns":5},{"damage":6,"enemies":"Gremlin Leader","floor":23,"turns":6},{"damage":2,"enemies":"Slaver and Parasite","floor":24,"turns":6},{"damage":10,"enemies":"Snake Plant","floor":27,"turns":4},{"damage":0,"enemies":"3 Cultists","floor":29,"turns":3},{"damage":0,"enemies":"Sentry and Sphere","floor":30,"turns":3},{"damage":45,"enemies":"Collector","floor":33,"turns":5},{"damage":5,"enemies":"Orb Walker","floor":35,"turns":3},{"damage":34,"enemies":"3 Shapes","floor":39,"turns":4},{"damage":14,"enemies":"Giant Head","floor":40,"turns":5},{"damage":46,"enemies":"Maw","floor":42,"turns":5},{"damage":7,"enemies":"Sphere and 2 Shapes","floor":44,"turns":3},{"damage":25,"enemies":"Nemesis","floor":46,"turns":4},{"damage":88,"enemies":"Time Eater","floor":50,"turns":7}],"event_choices":[{"event_name":"Liars Game","player_choice":"agreed","floor":3,"damage_taken":0},{"event_name":"Big Fish","player_choice":"Donut","floor":5,"damage_taken":0},{"event_name":"The Cleric","player_choice":"Leave","floor":7,"damage_taken":0},{"event_name":"Golden Idol","player_choice":"Take Damage","floor":11,"damage_taken":0},{"event_name":"N\u0027loth","player_choice":"Ignored","floor":19,"damage_taken":0},{"event_name":"Back to Basics","player_choice":"Simplicity","floor":21,"damage_taken":0},{"event_name":"Vampires","player_choice":"Became a vampire (Vial)","floor":28,"damage_taken":0},{"event_name":"Bonfire Elementals","player_choice":"RARE","floor":37,"damage_taken":0},{"event_name":"The Moai Head","player_choice":"Gave Idol","floor":47,"damage_taken":0}],"boss_relics":[{"not_picked":["Philosopher\u0027s Stone","Lizard Tail"],"picked":"Sozu"},{"not_picked":["Eternal Feather","Tiny House"],"picked":"Astrolabe"}],"potions_floor_spawned":[8,14,18,23,30,33,35],"seed_played":"-2140711391935393638","is_trial":false}