{"path_per_floor":["M","M","$","?","M","R","?","M","T","R","?","R","?","$","R","B",null,"M","?","M","M","M","R","M","R","T","?","M","R","$","?","R","B",null,"M","$","?","$","?","R","M","R","T","$","R","?","$","M","R","B"],"character_chosen":"THE_SILENT","items_purchased":["Toxic Egg","Shuriken","Malaise","Calculated Gamble"],"gold_per_floor":[114,132,57,57,71,71,146,162,188,188,188,188,188,88,88,209,209,223,223,239,259,283,283,301,301,325,325,345,345,220,220,220,345,345,364,70,403,151,151,151,168,168,168,86,86,86,7,19,19,19],"floor_reached":51,"campfire_rested":4,"playtime":4224,"current_hp_per_floor":[63,63,63,48,48,48,37,20,27,48,48,48,48,48,48,38,70,69,69,69,54,37,37,18,39,39,23,26,62,62,62,62,30,70,52,52,52,52,52,52,52,52,52,52,52,52,52,49,70,54],"items_purged":["Strike_G","Strike_G","Strike_G","Defend_G"],"gold":19,"play_id":"1f5ad524-3fed-492b-b945-6bdbc208a50c","is_prod":false,"is_daily":false,"campfire_rituals":0,"campfire_upgraded":8,"is_hardmode":false,"path_taken":["M","M","$","?","M","R","?","M","T","R","?","R","?","$","R","BOSS","M","?","M","M","M","R","M","R","T","?","M","R","$","?","R","BOSS","M","$","?","$","?","R","M","R","T","$","R","?","?","M","R","BOSS"],"build_version":"2018-01-18-PROD4","purchased_purges":4,"victory":true,"master_deck":["Defend_G","Defend_G","Defend_G","Survivor","Neutralize","Eviscerate","Skewer","Calculated Gamble","Backflip","Deflect","Tactician","Dagger Throw","Backflip","Terror","Backflip","Dagger Throw","Tactician","Malaise","Necronomicurse","Calculated Gamble","Acrobatics"],"max_hp_per_floor":[63,63,63,63,63,63,63,63,70,70,70,70,70,70,70,70,70,70,70,70,70,70,70,70,70,70,70,70,70,70,70,70,70,70,70,70,70,70,70,70,70,70,70,70,70,70,70,70,70,70],"relics":["Ring of the Snake","Strawberry","Philosopher\u0027s Stone","Regal Pillow","Necronomicon","Sozu","Toxic Egg","Shuriken","Juzu Bracelet"],"campfire_meditates":0,"card_choices":[{"not_picked":["Malaise","Crippling Poison"],"picked":"Calculated Gamble"},{"not_picked":["All Out Attack","Poisoned Stab"],"picked":"Backflip"},{"not_picked":["Slice","Outmaneuver"],"picked":"Deflect"},{"not_picked":["Night Terror","Unload"],"picked":"Tactician"},{"not_picked":["Sucker Punch","Prepared"],"picked":"Dagger Throw"},{"not_picked":["PiercingWail","Reflex"],"picked":"Terror"},{"not_picked":["Grand Finale","Dodge and Roll"],"picked":"Backflip"},{"not_picked":["Heel Hook","Slice"],"picked":"Dagger Throw"},{"not_picked":["Slice","Deflect"],"picked":"Acrobatics"}],"player_experience":361577,"potions_floor_usage":[22,28],"damage_taken":[{"damage":0,"enemies":"Small Slimes","floor":1,"turns":3},{"damage":0,"enemies":"Jaw Worm","floor":2,"turns":2},{"damage":0,"enemies":"Cultist","floor":5,"turns":4},{"damage":17,"enemies":"Large Slime","floor":8,"turns":11},{"damage":10,"enemies":"The Guardian","floor":16,"turns":16},{"damage":1,"enemies":"3 Byrds","floor":18,"turns":5},{"damage":0,"enemies":"Spheric Guardian","floor":20,"turns":2},{"damage":15,"enemies":"Snake Plant","floor":21,"turns":4},{"damage":17,"enemies":"Slaver and Parasite","floor":22,"turns":10},{"damage":19,"enemies":"Chosen and Byrds","floor":24,"turns":8},{"damage":0,"enemies":"Snecko","floor":28,"turns":2},{"damage":32,"enemies":"Automaton","floor":33,"turns":6},{"damage":18,"enemies":"3 Shapes","floor":35,"turns":5},{"damage":0,"enemies":"3 Darklings","floor":41,"turns":3},{"damage":3,"enemies":"4 Shapes","floor":48,"turns":3},{"damage":16,"enemies":"Time Eater","floor":50,"turns":9}],"event_choices":[{"event_name":"Golden Idol","player_choice":"Take Damage","floor":4,"damage_taken":0},{"event_name":"World of Goop","player_choice":"Gather Gold","floor":7,"damage_taken":0},{"event_name":"Liars Game","player_choice":"disagreed","floor":11,"damage_taken":0},{"event_name":"Match and Keep!","player_choice":"0 cards matched","floor":13,"damage_taken":0},{"event_name":"The Library","player_choice":"Read","floor":19,"damage_taken":0},{"event_name":"Cursed Tome","player_choice":"Obtained Book","floor":27,"damage_taken":0},{"event_name":"Purifier","player_choice":"One Purge","floor":31,"damage_taken":0},{"event_name":"The Moai Head","player_choice":"Gave Idol","floor":37,"damage_taken":0},{"event_name":"Duplicator","player_choice":"One dupe","floor":39,"damage_taken":0},{"event_name":"Fountain of Cleansing","player_choice":"Removed Curse","floor":46,"damage_taken":0}],"boss_relics":[{"not_picked":["White Beast Statue","Tiny House"],"picked":"Philosopher\u0027s Stone"},{"not_picked":["Pandora\u0027s Box","The Specimen"],"picked":"Sozu"}],"potions_floor_spawned":[1,16,20,22,24,33,48],"seed_played":"5406450329234464657","is_trial":false}