{"path_per_floor":["M","M","M","?","$","R","?","R","T","R","M","R","$","M","R","B",null,"M","?","M","M","M","R","E","?","T","?","M","$","M","M","R","B",null,"M","M","?","$","M","R","$","E","T","?","R","M","T","M","R","B"],"character_chosen":"THE_SILENT","items_purchased":["Oddly Smooth Stone","Footwork","Tactician"],"gold_per_floor":[18,28,43,43,43,43,43,43,343,343,360,360,63,83,83,188,188,203,118,99,119,134,134,162,162,240,240,253,153,172,182,182,279,279,293,309,309,110,130,130,130,163,163,0,0,10,10,25,25,25],"floor_reached":51,"campfire_rested":2,"playtime":4944,"current_hp_per_floor":[70,70,69,69,69,69,69,69,69,69,68,68,68,68,68,30,70,70,70,70,31,46,67,50,50,50,50,51,51,51,53,75,37,78,71,72,72,72,74,74,74,74,74,74,74,76,76,78,78,78],"items_purged":["Strike_G","Defend_G","Defend_G"],"gold":25,"play_id":"e5182942-2772-49bc-9eae-5ef97e8215c0","is_prod":false,"is_daily":false,"campfire_rituals":0,"campfire_upgraded":8,"is_hardmode":false,"path_taken":["M","M","M","?","?","R","?","R","T","R","?","R","$","M","R","BOSS","M","?","M","?","?","R","E","?","T","?","M","$","M","M","R","BOSS","M","M","?","$","M","R","$","E","T","?","R","?","?","M","R","BOSS"],"build_version":"2018-01-11-PROD2","purchased_purges":3,"victory":true,"master_deck":["Defend_G","Defend_G","Defend_G","Survivor","Neutralize","Predator","Footwork","After Image","Bouncing Flask","Tactician","Deflect","Dagger Throw","Acrobatics","Acrobatics","Calculated Gamble","Tactician"],"max_hp_per_floor":[70,70,70,70,70,70,70,70,70,70,70,70,70,70,70,70,70,70,70,70,70,70,70,72,72,72,72,74,74,74,76,76,78,78,78,80,80,80,82,82,82,84,84,84,84,86,86,88,88,88],"relics":["Ring of the Snake","Torii","Old Coin","Oddly Smooth Stone","Astrolabe","Bag of Preparation","Singing Bowl","Ninja Scroll","Lizard Tail","Regal Pillow","Tingsha","Red Mask","Ginger"],"campfire_meditates":0,"card_choices":[{"not_picked":["Riddle With Holes","Underhanded Strike"],"picked":"Predator"},{"not_picked":["A Thousand Cuts","Tools of the Trade"],"picked":"After Image"},{"not_picked":["Catalyst","Prepared"],"picked":"Deflect"},{"not_picked":["Dagger Spray","Quick Slash"],"picked":"Dagger Throw"},{"not_picked":["Bane","Dagger Spray"],"picked":"Acrobatics"},{"not_picked":["Poisoned Stab","Dagger Throw"],"picked":"Acrobatics"},{"not_picked":["Outmaneuver","Dodge and Roll"],"picked":"Calculated Gamble"}],"player_experience":100454,"potions_floor_usage":[20,22,24,31,33,33,42,50],"damage_taken":[{"damage":0,"enemies":"Jaw Worm","floor":1,"turns":5},{"damage":0,"enemies":"Blue Slaver","floor":2,"turns":8},{"damage":1,"enemies":"Cultist","floor":3,"turns":5},{"damage":1,"enemies":"2 Fungi Beasts","floor":11,"turns":4},{"damage":0,"enemies":"Looter","floor":14,"turns":4},{"damage":38,"enemies":"Hexaghost","floor":16,"turns":15},{"damage":0,"enemies":"Chosen","floor":18,"turns":5},{"damage":0,"enemies":"2 Thieves","floor":20,"turns":4},{"damage":39,"enemies":"Chosen and Byrds","floor":21,"turns":9},{"damage":0,"enemies":"Centurion and Healer","floor":22,"turns":7},{"damage":19,"enemies":"Slavers","floor":24,"turns":7},{"damage":1,"enemies":"3 Cultists","floor":28,"turns":6},{"damage":0,"enemies":"Snecko","floor":30,"turns":3},{"damage":0,"enemies":"Sentry and Sphere","floor":31,"turns":5},{"damage":40,"enemies":"Collector","floor":33,"turns":21},{"damage":7,"enemies":"3 Darklings","floor":35,"turns":7},{"damage":1,"enemies":"Orb Walker","floor":36,"turns":5},{"damage":0,"enemies":"Maw","floor":39,"turns":6},{"damage":2,"enemies":"Nemesis","floor":42,"turns":7},{"damage":0,"enemies":"Sphere and 2 Shapes","floor":46,"turns":2},{"damage":0,"enemies":"3 Darklings","floor":48,"turns":2},{"damage":0,"enemies":"Donu and Deca","floor":50,"turns":2}],"event_choices":[{"event_name":"Match and Keep!","player_choice":"0 cards matched","floor":4,"damage_taken":0},{"event_name":"Living Wall","player_choice":"Forget","floor":7,"damage_taken":0},{"event_name":"Addict","player_choice":"Obtained Relic","floor":19,"damage_taken":0},{"event_name":"Drug Dealer","player_choice":"Ignored","floor":25,"damage_taken":0},{"event_name":"Cursed Tome","player_choice":"Ignored","floor":27,"damage_taken":0},{"event_name":"Tomb of Lord Red Mask","player_choice":"Paid","floor":44,"damage_taken":0}],"boss_relics":[{"not_picked":["Black Star","Philosopher\u0027s Stone"],"picked":"Astrolabe"},{"not_picked":["Velvet Choker","White Beast Statue"],"picked":"Lizard Tail"}],"potions_floor_spawned":[11,14,18,21,28,30,35,39,48],"seed_played":"-2883089371477698805","is_trial":false}