{"path_per_floor":["M","M","$","?","M","E","R","M","T","?","$","R","M","M","R","B",null,"M","T","M","?","T","R","E","T","T","M","R","$","M","M","R","B",null,"M","?","T","?","M","R","M","?","T","?","M","R","$","?","R","B"],"character_chosen":"THE_SILENT","items_purchased":["Infinite Blades","Strength Potion","Energy Potion","Weak Potion"],"gold_per_floor":[113,129,54,54,65,95,95,109,184,214,114,114,133,153,153,255,255,268,268,279,194,218,218,251,276,301,319,319,114,131,143,143,248,278,298,298,298,298,317,317,333,333,333,333,349,349,49,349,349,349],"floor_reached":51,"campfire_rested":3,"playtime":5248,"current_hp_per_floor":[70,70,70,70,70,34,34,34,34,31,31,52,49,48,48,17,70,70,70,69,69,69,69,68,68,68,57,57,57,49,49,70,27,75,75,75,75,65,65,65,65,65,65,65,50,50,50,50,73,12],"items_purged":["Strike_G","Strike_G","Setup","Deadly Poison"],"gold":349,"play_id":"fbf6a366-0f17-4c2f-b9f0-2a13372f9d05","is_prod":false,"is_daily":false,"campfire_rituals":0,"campfire_upgraded":6,"is_hardmode":false,"path_taken":["M","M","$","?","?","E","R","M","T","?","$","R","M","M","R","BOSS","M","?","?","?","?","R","E","?","T","M","R","$","M","M","R","BOSS","M","?","?","?","M","R","?","?","T","?","M","R","$","?","R","BOSS"],"build_version":"2018-01-18-PROD4","purchased_purges":5,"victory":true,"master_deck":["Survivor","Neutralize","Cloak And Dagger","Flying Knee","Accuracy","Accuracy","Backflip","Flying Knee","Dodge and Roll","Backflip","Caltrops","Acrobatics","Backstab","Cloak And Dagger","Deflect","Infinite Blades","Deflect","Infinite Blades","Madness","Madness","Eviscerate"],"max_hp_per_floor":[70,70,70,70,70,70,70,70,70,70,70,70,70,70,70,70,70,70,70,70,70,70,70,70,70,70,70,70,70,70,70,70,70,75,75,75,75,75,75,75,75,75,75,75,77,77,77,77,77,77],"relics":["Ring of the Snake","Toxic Egg","Tough Bandages","Tiny Chest","Pandora\u0027s Box","Gremlin Horn","Omamori","Oddly Smooth Stone","Orichalcum","Molten Egg","Happy Flower","Tiny House","Matryoshka","Whetstone","Singing Bowl"],"campfire_meditates":0,"card_choices":[{"not_picked":["Crippling Poison","Poisoned Stab"],"picked":"Cloak And Dagger"},{"not_picked":["Prepared","Backstab"],"picked":"Dagger Spray"},{"not_picked":["Poisoned Stab","Blur"],"picked":"Flying Knee"},{"not_picked":["Night Terror","Bane"],"picked":"Accuracy"},{"not_picked":["Slice","Cloak And Dagger"],"picked":"Accuracy"},{"not_picked":["Dagger Spray","Wraith Form"],"picked":"Backflip"},{"not_picked":["Dagger Throw","Catalyst"],"picked":"Cloak And Dagger"},{"not_picked":["Bane","Dagger Spray"],"picked":"Deflect"},{"not_picked":["Accuracy","Flying Knee"],"picked":"Deflect"},{"not_picked":["Bane","Prepared"],"picked":"Infinite Blades"},{"not_picked":["Heel Hook","PiercingWail"],"picked":"Eviscerate"}],"player_experience":516073,"potions_floor_usage":[6,16,16,31,39,45,50,50,50],"damage_taken":[{"damage":0,"enemies":"Jaw Worm","floor":1,"turns":5},{"damage":0,"enemies":"Small Slimes","floor":2,"turns":3},{"damage":0,"enemies":"Blue Slaver","floor":5,"turns":4},{"damage":36,"enemies":"Lagavulin","floor":6,"turns":9},{"damage":0,"enemies":"3 Louse","floor":8,"turns":3},{"damage":3,"enemies":"Exordium Wildlife","floor":13,"turns":4},{"damage":1,"enemies":"Large Slime","floor":14,"turns":5},{"damage":31,"enemies":"Slime Boss","floor":16,"turns":13},{"damage":0,"enemies":"Chosen","floor":18,"turns":6},{"damage":1,"enemies":"Spheric Guardian","floor":20,"turns":4},{"damage":1,"enemies":"Gremlin Leader","floor":24,"turns":8},{"damage":11,"enemies":"Snake Plant","floor":27,"turns":4},{"damage":8,"enemies":"Sentry and Sphere","floor":30,"turns":4},{"damage":0,"enemies":"Slaver and Parasite","floor":31,"turns":5},{"damage":43,"enemies":"Champ","floor":33,"turns":9},{"damage":0,"enemies":"Orb Walker","floor":35,"turns":3},{"damage":0,"enemies":"3 Darklings","floor":39,"turns":4},{"damage":0,"enemies":"Maw","floor":41,"turns":8},{"damage":17,"enemies":"Sphere and 2 Shapes","floor":45,"turns":5},{"damage":61,"enemies":"Time Eater","floor":50,"turns":10}],"event_choices":[{"event_name":"Liars Game","player_choice":"disagreed","floor":4,"damage_taken":0},{"event_name":"Scrap Ooze","player_choice":"success","floor":10,"damage_taken":3},{"event_name":"Addict","player_choice":"Obtained Relic","floor":21,"damage_taken":0},{"event_name":"Tomb of Lord Red Mask","player_choice":"Ignored","floor":36,"damage_taken":0},{"event_name":"Winding Halls","player_choice":"Embrace Madness","floor":38,"damage_taken":0},{"event_name":"Mysterious Sphere","player_choice":"Ignore","floor":42,"damage_taken":0},{"event_name":"Wheel of Change","player_choice":"Gold","floor":48,"damage_taken":0}],"boss_relics":[{"not_picked":["Cursed Key","The Specimen"],"picked":"Pandora\u0027s Box"},{"not_picked":["Runic Dome","Question Card"],"picked":"Tiny House"}],"potions_floor_spawned":[2,6,14,18,24,30,35,45],"seed_played":"1427017076185327591","is_trial":false}