{"path_per_floor":["M","M","?","M","?","?","R","M","T","R","$","?","$","M","R","B",null,"M","?","?","M","?","R","?","R","T","M","$","R","$","M","R","B",null,"M","?","?","$","M","R","M","M","T","R","$","?","M","M","R","B"],"character_chosen":"THE_SILENT","items_purchased":["Dexterity Potion","Regen Potion"],"gold_per_floor":[113,133,83,99,99,99,99,117,117,117,67,67,17,33,33,137,137,152,152,152,170,170,170,170,170,170,188,138,138,88,100,100,202,202,216,216,216,166,177,177,187,197,224,224,73,73,89,107,107,107],"floor_reached":51,"campfire_rested":1,"playtime":4412,"current_hp_per_floor":[77,75,75,75,80,73,73,67,67,67,67,67,67,65,65,47,82,66,66,66,45,45,45,45,45,45,54,54,54,54,53,53,38,82,82,82,82,82,82,82,82,75,75,75,75,65,54,42,66,40],"items_purged":["Strike_G","Strike_G","Defend_G","Defend_G","Defend_G","Defend_G"],"gold":107,"play_id":"896520cc-e9bb-4b0b-933e-671d46efc89f","is_prod":false,"is_daily":false,"campfire_rituals":0,"campfire_upgraded":9,"is_hardmode":false,"path_taken":["M","M","?","?","?","?","R","?","T","R","$","?","$","M","R","BOSS","M","?","?","M","?","R","?","R","T","?","?","R","$","M","R","BOSS","M","?","?","?","M","R","M","M","T","R","$","?","M","?","R","BOSS"],"build_version":"2018-01-18-PROD4","purchased_purges":6,"victory":true,"master_deck":["Survivor","Neutralize","Noxious Fumes","Backflip","Bane","Tools of the Trade","Well Laid Plans","Footwork","Tactician","Quick Slash","Noxious Fumes","Terror","Madness","Madness"],"max_hp_per_floor":[77,77,77,77,82,82,82,82,82,82,82,82,82,82,82,82,82,82,82,82,82,82,82,82,82,82,82,82,82,82,82,82,82,82,82,82,82,82,82,82,82,82,82,82,82,82,82,82,82,82],"relics":["Ring of the Snake","Smiling Mask","Nloth\u0027s Gift","Calipers","Philosopher\u0027s Stone","Bronze Scales"],"campfire_meditates":0,"card_choices":[{"not_picked":["Deadly Poison","Bouncing Flask"],"picked":"Noxious Fumes"},{"not_picked":["Poisoned Stab","Masterful Stab"],"picked":"Backflip"},{"not_picked":["Dagger Spray","Outmaneuver"],"picked":"Bane"},{"not_picked":["Venomology","Bullet Time"],"picked":"Tools of the Trade"},{"not_picked":["Poisoned Stab","Prepared"],"picked":"Well Laid Plans"},{"not_picked":["Terror","Underhanded Strike"],"picked":"Footwork"},{"not_picked":["Corpse Explosion","Grand Finale"],"picked":"Tactician"},{"not_picked":["Underhanded Strike","Deflect"],"picked":"Quick Slash"},{"not_picked":["Burst","Calculated Gamble"],"picked":"Noxious Fumes"},{"not_picked":["Deadly Poison","Underhanded Strike"],"picked":"Terror"}],"player_experience":365801,"potions_floor_usage":[16,18,18,27,33,50,50,50],"damage_taken":[{"damage":0,"enemies":"Cultist","floor":1,"turns":3},{"damage":2,"enemies":"Small Slimes","floor":2,"turns":4},{"damage":0,"enemies":"Blue Slaver","floor":4,"turns":6},{"damage":6,"enemies":"Lots of Slimes","floor":8,"turns":4},{"damage":2,"enemies":"2 Fungi Beasts","floor":14,"turns":4},{"damage":18,"enemies":"Slime Boss","floor":16,"turns":9},{"damage":16,"enemies":"2 Thieves","floor":18,"turns":5},{"damage":21,"enemies":"Chosen","floor":21,"turns":6},{"damage":6,"enemies":"Slaver and Parasite","floor":27,"turns":6},{"damage":1,"enemies":"Centurion and Healer","floor":31,"turns":4},{"damage":15,"enemies":"Champ","floor":33,"turns":13},{"damage":0,"enemies":"3 Darklings","floor":35,"turns":5},{"damage":0,"enemies":"3 Shapes","floor":39,"turns":4},{"damage":0,"enemies":"3 Darklings","floor":41,"turns":4},{"damage":7,"enemies":"4 Shapes","floor":42,"turns":5},{"damage":11,"enemies":"Maw","floor":47,"turns":6},{"damage":12,"enemies":"3 Darklings","floor":48,"turns":4},{"damage":41,"enemies":"Donu and Deca","floor":50,"turns":8}],"event_choices":[{"event_name":"The Cleric","player_choice":"Card Removal","floor":3,"damage_taken":0},{"event_name":"Big Fish","player_choice":"Donut","floor":5,"damage_taken":0},{"event_name":"Golden Wing","player_choice":"Card Removal","floor":6,"damage_taken":0},{"event_name":"The Lab","player_choice":"Got Potions","floor":12,"damage_taken":0},{"event_name":"The Mausoleum","player_choice":"No","floor":19,"damage_taken":0},{"event_name":"Purifier","player_choice":"One Purge","floor":20,"damage_taken":0},{"event_name":"Back to Basics","player_choice":"Elegance","floor":22,"damage_taken":0},{"event_name":"N\u0027loth","player_choice":"Traded a Black Star","floor":24,"damage_taken":0},{"event_name":"Tomb of Lord Red Mask","player_choice":"Ignored","floor":36,"damage_taken":0},{"event_name":"Mysterious Sphere","player_choice":"Ignore","floor":37,"damage_taken":0},{"event_name":"Winding Halls","player_choice":"Embrace Madness","floor":46,"damage_taken":0}],"boss_relics":[{"not_picked":["Snecko Eye","Tiny House"],"picked":"Black Star"},{"not_picked":["Question Card","Astrolabe"],"picked":"Philosopher\u0027s Stone"}],"potions_floor_spawned":[4,8,16,21,33,39,41,47],"seed_played":"-1207996101366519628","is_trial":false}