{"path_per_floor":["M","?","M","M","M","R","E","R","T","R","?","$","?","M","R","B",null,"M","?","$","M","?","R","M","R","T","M","M","E","R","?","R","B",null,"M","M","M","?","?","R","T","M","T","R","M","R","$","M","R","B"],"character_chosen":"THE_SILENT","items_purchased":["Snake Skull","Toxic Egg","War Paint"],"gold_per_floor":[117,67,78,98,110,110,139,139,139,139,214,60,60,79,79,208,208,227,227,9,28,28,28,53,53,53,72,97,128,128,128,128,248,248,262,280,294,294,294,294,344,368,368,368,392,392,148,161,161,161],"floor_reached":51,"campfire_rested":4,"playtime":4737,"current_hp_per_floor":[69,69,69,69,69,69,65,65,65,65,54,54,36,29,51,27,76,57,67,67,57,57,83,84,84,84,81,92,91,91,75,75,57,94,85,76,79,79,69,99,99,81,81,102,104,104,104,103,103,93],"items_purged":["Writhe","Strike_G"],"gold":161,"play_id":"4f5ff087-70ef-4cc6-b2b0-e785a9831d64","is_prod":false,"is_daily":false,"campfire_rituals":0,"campfire_upgraded":8,"is_hardmode":false,"path_taken":["M","?","M","M","M","R","E","R","T","R","?","$","?","?","R","BOSS","M","?","$","M","?","R","M","R","T","M","M","E","R","?","R","BOSS","M","M","M","?","?","R","?","M","T","R","M","R","$","M","R","BOSS"],"build_version":"2018-01-11-PROD2","purchased_purges":2,"victory":true,"master_deck":["Defend_G","Defend_G","Defend_G","Defend_G","Strike_G","Strike_G","Strike_G","Survivor","Neutralize","Well Laid Plans","Predator","Footwork","Outmaneuver","Noxious Fumes","Malaise","Corpse Explosion","Clumsy","Madness","Madness","Footwork"],"max_hp_per_floor":[70,70,70,70,70,70,72,72,72,72,72,72,72,74,74,76,76,76,86,86,88,88,88,90,90,90,90,92,92,92,92,92,94,94,96,98,100,100,100,100,100,102,102,102,104,104,104,104,104,104],"relics":["Ring of the Snake","Singing Bowl","Torii","Snake Skull","Golden Idol","White Beast Statue","Pear","Toxic Egg","Omamori","Mummified Hand","Enchiridion","Calling Bell","Lantern","Dodecahedron","Blood Vial","Molten Egg","Prayer Wheel","War Paint"],"campfire_meditates":0,"card_choices":[{"not_picked":["Underhanded Strike","Dagger Throw"],"picked":"Well Laid Plans"},{"not_picked":["Catalyst","Bane"],"picked":"Predator"},{"not_picked":["Predator","Underhanded Strike"],"picked":"Footwork"},{"not_picked":["Bane","Quick Slash"],"picked":"Outmaneuver"},{"not_picked":["PiercingWail","Prepared"],"picked":"Noxious Fumes"},{"not_picked":["Well Laid Plans","Prepared"],"picked":"Malaise"},{"not_picked":["Heel Hook","Setup"],"picked":"Corpse Explosion"},{"not_picked":["Escape Plan","PiercingWail"],"picked":"Footwork"}],"player_experience":128351,"potions_floor_usage":[14,18,27,28,29,33,35,36,37,50,50,50],"damage_taken":[{"damage":1,"enemies":"Cultist","floor":1,"turns":4},{"damage":0,"enemies":"2 Louse","floor":3,"turns":3},{"damage":0,"enemies":"Blue Slaver","floor":4,"turns":4},{"damage":0,"enemies":"Exordium Wildlife","floor":5,"turns":4},{"damage":6,"enemies":"Lagavulin","floor":7,"turns":9},{"damage":9,"enemies":"Exordium Thugs","floor":14,"turns":4},{"damage":26,"enemies":"The Guardian","floor":16,"turns":14},{"damage":19,"enemies":"Chosen","floor":18,"turns":7},{"damage":12,"enemies":"2 Thieves","floor":21,"turns":4},{"damage":1,"enemies":"Snake Plant","floor":24,"turns":6},{"damage":3,"enemies":"3 Cultists","floor":27,"turns":6},{"damage":1,"enemies":"Chosen and Byrds","floor":28,"turns":5},{"damage":1,"enemies":"Book of Stabbing","floor":29,"turns":8},{"damage":20,"enemies":"Champ","floor":33,"turns":14},{"damage":11,"enemies":"3 Shapes","floor":35,"turns":5},{"damage":28,"enemies":"3 Darklings","floor":36,"turns":7},{"damage":1,"enemies":"Maw","floor":37,"turns":11},{"damage":21,"enemies":"Sphere and 2 Shapes","floor":42,"turns":6},{"damage":0,"enemies":"3 Darklings","floor":45,"turns":5},{"damage":1,"enemies":"Maw","floor":48,"turns":10},{"damage":11,"enemies":"Time Eater","floor":50,"turns":15}],"event_choices":[{"event_name":"The Cleric","player_choice":"Card Removal","floor":2,"damage_taken":0},{"event_name":"World of Goop","player_choice":"Gather Gold","floor":11,"damage_taken":0},{"event_name":"Golden Idol","player_choice":"Take Damage","floor":13,"damage_taken":0},{"event_name":"The Mausoleum","player_choice":"Yes","floor":19,"damage_taken":0},{"event_name":"Bonfire Elementals","player_choice":"BASIC","floor":22,"damage_taken":0},{"event_name":"Cursed Tome","player_choice":"Obtained Book","floor":31,"damage_taken":0},{"event_name":"The Woman in Blue","player_choice":"Bought 0 Potions","floor":38,"damage_taken":0},{"event_name":"Winding Halls","player_choice":"Embrace Madness","floor":39,"damage_taken":0}],"boss_relics":[{"not_picked":["Runic Dome","Runic Pyramid"],"picked":"White Beast Statue"},{"not_picked":["Eternal Feather","Black Star"],"picked":"Calling Bell"}],"potions_floor_spawned":[4,7,14,18,21,24,27,28,29,33,35,36,37,42,45,48],"seed_played":"-7241571297158250657","is_trial":false}