{"path_per_floor":["M","M","M","?","M","R","M","R","T","M","E","R","E","?","R","B",null,"M","M","?","$","?","R","T","M","T","M","?","$","M","E","R","B",null,"M","$","M","M","?","R","M","?","T","M","R","?","R","M","R","B"],"character_chosen":"THE_SILENT","items_purchased":["War Paint"],"gold_per_floor":[112,130,147,147,167,167,181,181,181,193,221,221,248,323,323,424,424,404,423,423,191,191,191,268,288,334,352,352,252,271,301,301,404,404,420,295,307,317,317,317,337,337,407,417,417,417,417,428,428,428],"floor_reached":51,"campfire_rested":3,"playtime":13302,"current_hp_per_floor":[64,64,63,49,48,48,48,48,58,58,34,73,42,31,70,53,80,57,19,19,19,19,58,58,50,50,51,51,51,54,50,50,29,80,75,75,68,64,64,64,73,73,73,80,80,80,80,78,78,80],"items_purged":["Regret","Dagger Throw","Defend_G"],"gold":428,"play_id":"ce81aa1b-6aed-4253-9748-74d38095466d","is_prod":false,"is_daily":false,"is_ascension_mode":false,"campfire_upgraded":7,"path_taken":["M","M","?","?","M","R","M","R","T","?","E","R","E","?","R","BOSS","M","M","?","$","?","R","?","M","T","?","?","$","?","E","R","BOSS","M","$","M","M","?","R","M","?","T","M","R","?","R","?","R","BOSS"],"build_version":"2018-01-25-PROD3","purchased_purges":3,"victory":true,"master_deck":["Defend_G+1","Defend_G+1","Survivor+1","Neutralize+1","Backflip+1","Flying Knee+1","Backflip+1","Footwork+1","Noxious Fumes+1","Noxious Fumes+1","Writhe","Bite_G","Bite_G","Bite_G","Malaise+1","Catalyst+1","Backflip+1","After Image"],"max_hp_per_floor":[70,70,70,70,70,70,70,70,80,80,80,80,80,80,80,80,80,80,80,80,80,80,80,80,80,80,80,80,80,80,80,80,80,80,80,80,80,80,80,80,80,80,80,80,80,80,80,80,80,80],"relics":["Ring of the Snake","Regal Pillow","Pear","Molten Egg","Du-Vu Doll","Calling Bell","Art of War","Centennial Puzzle","War Paint","Bottled Flame","Ancient Tea Set","Pantograph","Astrolabe","Bottled Tornado"],"card_choices":[{"not_picked":["Poisoned Stab","Flying Knee"],"picked":"Backflip"},{"not_picked":["Dagger Spray","Eviscerate"],"picked":"Flying Knee"},{"not_picked":["Deflect","Reflex"],"picked":"Dagger Throw"},{"not_picked":["Finisher","Flying Knee"],"picked":"Backflip"},{"not_picked":["Sucker Punch","Choke"],"picked":"Footwork"},{"not_picked":["Deadly Poison","Bane"],"picked":"Noxious Fumes"},{"not_picked":["Bouncing Flask","Dagger Spray"],"picked":"Noxious Fumes"},{"not_picked":["Deadly Poison","Flechettes"],"picked":"Backflip"}],"player_experience":549694,"potions_floor_usage":[5,7,11,30,31,31,50,50,50],"damage_taken":[{"damage":6,"enemies":"Blue Slaver","floor":1,"turns":7},{"damage":0,"enemies":"Small Slimes","floor":2,"turns":3},{"damage":1,"enemies":"Cultist","floor":3,"turns":4},{"damage":1,"enemies":"Exordium Wildlife","floor":5,"turns":6},{"damage":0,"enemies":"Exordium Thugs","floor":7,"turns":8},{"damage":0,"enemies":"Large Slime","floor":10,"turns":8},{"damage":24,"enemies":"3 Sentries","floor":11,"turns":7},{"damage":31,"enemies":"Gremlin Nob","floor":13,"turns":5},{"damage":17,"enemies":"The Guardian","floor":16,"turns":11},{"damage":23,"enemies":"2 Thieves","floor":18,"turns":4},{"damage":40,"enemies":"3 Byrds","floor":19,"turns":11},{"damage":12,"enemies":"Sentry and Sphere","floor":25,"turns":6},{"damage":13,"enemies":"Snake Plant","floor":27,"turns":7},{"damage":11,"enemies":"Snecko","floor":30,"turns":6},{"damage":28,"enemies":"Slavers","floor":31,"turns":9},{"damage":72,"enemies":"Automaton","floor":33,"turns":15},{"damage":17,"enemies":"3 Darklings","floor":35,"turns":7},{"damage":15,"enemies":"Orb Walker","floor":37,"turns":4},{"damage":8,"enemies":"Sphere and 2 Shapes","floor":38,"turns":7},{"damage":9,"enemies":"3 Darklings","floor":41,"turns":7},{"damage":0,"enemies":"Maw","floor":44,"turns":9},{"damage":10,"enemies":"Sphere and 2 Shapes","floor":48,"turns":6},{"damage":30,"enemies":"Time Eater","floor":50,"turns":16}],"event_choices":[{"event_name":"Shining Light","player_choice":"Entered Light","floor":4,"damage_taken":0},{"event_name":"World of Goop","player_choice":"Gather Gold","floor":14,"damage_taken":0},{"event_name":"Drug Dealer","player_choice":"Ignored","floor":20,"damage_taken":0},{"event_name":"Vampires","player_choice":"Became a vampire (Vial)","floor":22,"damage_taken":0},{"event_name":"Purifier","player_choice":"One Purge","floor":28,"damage_taken":0},{"event_name":"Mysterious Sphere","player_choice":"Ignore","floor":39,"damage_taken":0},{"event_name":"Transmorgrifier","player_choice":"Transform","floor":42,"damage_taken":0},{"event_name":"Purifier","player_choice":"One Purge","floor":46,"damage_taken":0}],"boss_relics":[{"not_picked":["Cursed Key","Velvet Choker"],"picked":"Calling Bell"},{"not_picked":["Question Card","Orrery"],"picked":"Astrolabe"}],"potions_floor_spawned":[2,3,5,19,27,30,33,37,38,41],"seed_played":"-6995786130700660022","ascension_level":0,"is_trial":false}