{"path_per_floor":["M","?","M","M","?","R","E","R","T","M","M","M","R","?","R","B",null,"M","?","M","M","?","R","?","R","T","M","M","M","R","?","R","B",null,"M","?","$","M","M","T","?","R","T","?","M","M","$","M","R","B"],"character_chosen":"THE_SILENT","items_purchased":["Backflip","Anchor","Thread and Needle","Backflip"],"gold_per_floor":[114,114,132,148,148,148,177,177,257,271,287,300,300,300,300,397,427,411,411,431,448,363,363,363,363,363,382,395,412,412,412,412,511,511,523,575,326,343,357,404,404,404,451,451,470,486,43,56,56,56],"floor_reached":51,"campfire_rested":1,"playtime":10020,"current_hp_per_floor":[70,56,56,56,56,56,47,47,57,57,50,50,50,50,50,41,85,70,70,70,63,63,63,63,63,63,65,67,64,64,64,64,43,85,78,66,66,68,70,70,70,70,70,60,61,57,57,59,84,81],"items_purged":["Strike_G","Strike_G"],"gold":56,"play_id":"2578c07f-4170-4a07-8f77-5affe15a116e","is_prod":false,"is_daily":false,"campfire_rituals":0,"campfire_upgraded":9,"is_hardmode":false,"path_taken":["M","?","M","M","?","R","E","R","T","M","M","M","R","?","R","BOSS","M","?","M","M","?","R","?","R","T","M","M","?","R","?","R","BOSS","M","?","$","?","M","?","?","R","T","?","M","M","$","?","R","BOSS"],"build_version":"2018-01-11-PROD2","purchased_purges":2,"victory":true,"master_deck":["Defend_G","Defend_G","Defend_G","Defend_G","Defend_G","Strike_G","Strike_G","Strike_G","Neutralize","Dagger Throw","Deflect","Malaise","Flying Knee","Escape Plan","After Image","Quick Slash","Footwork","Footwork","Acrobatics","Footwork","Terror","Deflect","Backflip","Acrobatics","Writhe","Doubt","Madness","Madness","Backflip","Acrobatics"],"max_hp_per_floor":[70,70,70,70,70,70,70,70,80,80,80,80,80,80,80,80,85,85,85,85,85,85,85,85,85,85,85,85,85,85,85,85,85,85,85,85,85,85,85,85,85,85,85,85,85,85,85,85,85,85],"relics":["Ring of the Snake","Bronze Scales","Frozen Eye","Pear","Tough Bandages","Tiny House","Art of War","Blood Vial","Cursed Key","Tingsha","Anchor","Dream Catcher","Oddly Smooth Stone","Thread and Needle"],"campfire_meditates":0,"card_choices":[{"not_picked":["Bane","Blade Dance"],"picked":"Dagger Throw"},{"not_picked":["Unload","Dodge and Roll"],"picked":"Deflect"},{"not_picked":["Cloak And Dagger","PiercingWail"],"picked":"Malaise"},{"not_picked":["Sucker Punch","PiercingWail"],"picked":"Flying Knee"},{"not_picked":["PiercingWail","Eviscerate"],"picked":"Escape Plan"},{"not_picked":["Wraith Form","Phantasmal Killer"],"picked":"After Image"},{"not_picked":["Dodge and Roll","Slice"],"picked":"Quick Slash"},{"not_picked":["PiercingWail","Dagger Spray"],"picked":"Footwork"},{"not_picked":["Endless Agony","Escape Plan"],"picked":"Acrobatics"},{"not_picked":["Deflect","Cloak And Dagger"],"picked":"Terror"},{"not_picked":["Dodge and Roll","Flechettes"],"picked":"Deflect"},{"not_picked":["Dagger Throw","Deflect"],"picked":"Acrobatics"},{"not_picked":["Flechettes","Masterful Stab"],"picked":"Acrobatics"}],"player_experience":251277,"potions_floor_usage":[7,10,16,16,21,33,46,50,50,50],"damage_taken":[{"damage":0,"enemies":"2 Louse","floor":1,"turns":4},{"damage":0,"enemies":"Small Slimes","floor":3,"turns":3},{"damage":0,"enemies":"Jaw Worm","floor":4,"turns":4},{"damage":9,"enemies":"3 Sentries","floor":7,"turns":7},{"damage":0,"enemies":"Exordium Thugs","floor":10,"turns":6},{"damage":7,"enemies":"Large Slime","floor":11,"turns":8},{"damage":0,"enemies":"3 Louse","floor":12,"turns":4},{"damage":9,"enemies":"The Guardian","floor":16,"turns":12},{"damage":15,"enemies":"2 Thieves","floor":18,"turns":4},{"damage":0,"enemies":"Chosen","floor":20,"turns":7},{"damage":7,"enemies":"Sentry and Sphere","floor":21,"turns":6},{"damage":0,"enemies":"Centurion and Healer","floor":27,"turns":8},{"damage":0,"enemies":"Snake Plant","floor":28,"turns":6},{"damage":5,"enemies":"3 Cultists","floor":29,"turns":9},{"damage":23,"enemies":"Collector","floor":33,"turns":16},{"damage":7,"enemies":"3 Darklings","floor":35,"turns":7},{"damage":14,"enemies":"Mysterious Sphere","floor":36,"turns":10},{"damage":0,"enemies":"3 Shapes","floor":38,"turns":7},{"damage":0,"enemies":"3 Darklings","floor":39,"turns":6},{"damage":1,"enemies":"Maw","floor":45,"turns":10},{"damage":6,"enemies":"Sphere and 2 Shapes","floor":46,"turns":8},{"damage":0,"enemies":"4 Shapes","floor":48,"turns":9},{"damage":4,"enemies":"Time Eater","floor":50,"turns":16}],"event_choices":[{"event_name":"Shining Light","player_choice":"Entered Light","floor":2,"damage_taken":0},{"event_name":"The Lab","player_choice":"Got Potions","floor":5,"damage_taken":0},{"event_name":"Dead Adventurer","player_choice":"Searched \u00271\u0027 times","floor":14,"damage_taken":0},{"event_name":"Duplicator","player_choice":"One dupe","floor":19,"damage_taken":0},{"event_name":"Addict","player_choice":"Obtained Relic","floor":22,"damage_taken":0},{"event_name":"The Library","player_choice":"Read","floor":24,"damage_taken":0},{"event_name":"Drug Dealer","player_choice":"Ignored","floor":31,"damage_taken":0},{"event_name":"Mysterious Sphere","player_choice":"Fight","floor":36,"damage_taken":0},{"event_name":"Winding Halls","player_choice":"Embrace Madness","floor":44,"damage_taken":0}],"boss_relics":[{"not_picked":["Runic Pyramid","Calling Bell"],"picked":"Tiny House"},{"not_picked":["Lizard Tail","Snecko Eye"],"picked":"Cursed Key"}],"potions_floor_spawned":[3,7,18,20,27,39,48],"seed_played":"9178894816927982809","is_trial":false}