{"path_per_floor":["M","?","M","M","M","R","?","M","T","?","M","R","M","$","R","B",null,"M","?","$","M","M","R","M","R","T","M","R","M","R","M","R","B",null,"M","M","M","$","M","R","E","$","T","M","$","M","R","M","R"],"character_chosen":"THE_SILENT","items_purchased":["Ornamental Fan","Footwork"],"gold_per_floor":[111,111,130,146,161,161,161,179,179,179,203,203,218,143,143,267,267,281,281,181,199,213,213,232,232,256,277,277,296,296,321,321,440,440,454,473,497,114,127,127,166,16,39,52,17,42,42,60,60],"floor_reached":50,"campfire_rested":5,"playtime":3596,"current_hp_per_floor":[70,53,53,53,45,45,31,31,31,31,30,30,30,30,51,28,70,58,58,58,58,58,58,58,58,58,56,56,56,70,70,70,58,70,68,68,68,68,40,61,46,46,46,46,46,46,67,67,67],"items_purged":["Strike_G","Survivor","Strike_G","Strike_G"],"gold":60,"play_id":"10d7db19-2afb-424f-a7a1-d22ab0eba665","is_prod":false,"is_daily":false,"campfire_rituals":0,"campfire_upgraded":6,"is_hardmode":false,"path_taken":["M","?","M","M","M","R","?","M","T","?","M","R","?","$","R","BOSS","M","?","$","?","M","R","M","R","T","M","R","M","R","M","R","BOSS","M","M","?","$","M","R","E","$","T","M","?","M","R","M","R","BOSS"],"build_version":"2018-01-18-PROD4","purchased_purges":4,"victory":false,"master_deck":["Defend_G","Defend_G","Defend_G","Defend_G","Defend_G","Strike_G","Strike_G","Neutralize","Escape Plan","Dagger Spray","Flying Knee","Backflip","Quick Slash","Adrenaline","Backflip","Flying Knee","Backflip","Predator","Escape Plan","Footwork"],"max_hp_per_floor":[70,70,70,70,70,70,70,70,70,70,70,70,70,70,70,70,70,70,70,70,70,70,70,70,70,70,70,70,70,70,70,70,70,70,70,70,70,70,70,70,70,70,70,70,70,70,70,70,70],"relics":["Ring of the Snake","Golden Idol","Bag of Marbles","Bag of Preparation","Philosopher\u0027s Stone","War Paint","Black Star","Ornamental Fan","Gremlin Horn","Tough Bandages","Lantern"],"campfire_meditates":0,"card_choices":[{"not_picked":["Blur","Envenom"],"picked":"Escape Plan"},{"not_picked":["Deadly Poison","Deflect"],"picked":"Dagger Spray"},{"not_picked":["Outmaneuver","Poisoned Stab"],"picked":"Flying Knee"},{"not_picked":["Caltrops","Venomology"],"picked":"Backflip"},{"not_picked":["Deflect","Setup"],"picked":"Quick Slash"},{"not_picked":["A Thousand Cuts","Corpse Explosion"],"picked":"Adrenaline"},{"not_picked":["Prepared","Slice"],"picked":"Backflip"},{"not_picked":["Deadly Poison","Envenom"],"picked":"Flying Knee"},{"not_picked":["PiercingWail","Dagger Spray"],"picked":"Backflip"},{"not_picked":["Acrobatics","Quick Slash"],"picked":"Predator"},{"not_picked":["Sucker Punch","Outmaneuver"],"picked":"Escape Plan"}],"player_experience":374989,"potions_floor_usage":[16,33,41,41,50,50,50],"damage_taken":[{"damage":0,"enemies":"Cultist","floor":1,"turns":5},{"damage":0,"enemies":"2 Louse","floor":3,"turns":3},{"damage":0,"enemies":"Jaw Worm","floor":4,"turns":5},{"damage":8,"enemies":"Exordium Thugs","floor":5,"turns":9},{"damage":0,"enemies":"Looter","floor":8,"turns":3},{"damage":1,"enemies":"Red Slaver","floor":11,"turns":3},{"damage":0,"enemies":"Exordium Thugs","floor":13,"turns":3},{"damage":23,"enemies":"The Guardian","floor":16,"turns":17},{"damage":12,"enemies":"Spheric Guardian","floor":18,"turns":4},{"damage":0,"enemies":"Chosen","floor":21,"turns":2},{"damage":0,"enemies":"3 Cultists","floor":22,"turns":4},{"damage":0,"enemies":"Snake Plant","floor":24,"turns":4},{"damage":2,"enemies":"Centurion and Healer","floor":27,"turns":2},{"damage":0,"enemies":"Snecko","floor":29,"turns":2},{"damage":0,"enemies":"Snake Plant","floor":31,"turns":3},{"damage":12,"enemies":"Collector","floor":33,"turns":12},{"damage":2,"enemies":"Orb Walker","floor":35,"turns":3},{"damage":0,"enemies":"3 Darklings","floor":36,"turns":3},{"damage":0,"enemies":"Sphere and 2 Shapes","floor":37,"turns":6},{"damage":28,"enemies":"Maw","floor":39,"turns":12},{"damage":30,"enemies":"Giant Head","floor":41,"turns":11},{"damage":0,"enemies":"3 Darklings","floor":44,"turns":3},{"damage":0,"enemies":"Sphere and 2 Shapes","floor":46,"turns":2},{"damage":0,"enemies":"4 Shapes","floor":48,"turns":3},{"damage":74,"enemies":"Time Eater","floor":50,"turns":11}],"event_choices":[{"event_name":"Golden Idol","player_choice":"Take Damage","floor":2,"damage_taken":0},{"event_name":"Shining Light","player_choice":"Entered Light","floor":7,"damage_taken":0},{"event_name":"Wheel of Change","player_choice":"Relic","floor":10,"damage_taken":0},{"event_name":"Back to Basics","player_choice":"Simplicity","floor":19,"damage_taken":0}],"boss_relics":[{"not_picked":["Tiny House","Snecko Eye"],"picked":"Philosopher\u0027s Stone"},{"not_picked":["Runic Pyramid","Calling Bell"],"picked":"Black Star"}],"potions_floor_spawned":[1,3,4,8,18,27,31,39,44,46,48],"seed_played":"3456870169694200642","killed_by":"Time Eater","is_trial":false}