{"path_per_floor":["M","M","?","$","?","R","E","R","T","R","M","R","M","M","R","B",null,"M","$","?","M","?","R","M","R","T","R","M","M","R","M","R","B",null,"M","$","?","?","M","R","M","R","T","?","$","T","M","M","R","B"],"character_chosen":"THE_SILENT","items_purchased":["Secret Technique","Purity","Backflip","Bag of Marbles"],"gold_per_floor":[116,135,85,10,10,10,50,50,77,77,93,93,107,125,125,246,246,261,161,161,177,177,177,202,202,202,202,221,245,245,268,268,387,387,401,276,276,276,300,300,319,319,319,652,26,49,67,82,82,82],"floor_reached":51,"campfire_rested":2,"playtime":4354,"current_hp_per_floor":[62,62,62,62,45,45,23,44,44,44,46,46,48,50,50,16,70,68,68,68,70,70,70,56,56,56,56,53,55,55,57,57,9,70,70,70,70,60,62,62,51,51,51,51,51,51,53,55,70,45],"items_purged":["Strike_G","Strike_G","Strike_G","Strike_G"],"gold":82,"play_id":"ca168ac0-880e-4c7d-8eeb-b43bbb3f4f90","is_prod":false,"is_daily":false,"is_ascension_mode":false,"campfire_upgraded":11,"path_taken":["M","M","?","$","?","R","E","R","T","R","M","R","M","?","R","BOSS","M","$","?","M","?","R","M","R","T","R","M","M","R","?","R","BOSS","M","$","?","?","M","R","M","R","T","?","$","?","M","M","R","BOSS"],"build_version":"2018-01-25-PROD3","purchased_purges":4,"victory":true,"master_deck":["Defend_G+1","Defend_G","Defend_G","Defend_G","Defend_G","Survivor","Neutralize+1","Backflip+1","Poisoned Stab+1","Bane+1","Well Laid Plans+1","Dagger Spray+1","Predator+1","Adrenaline","Bane+1","Dash+1","Bouncing Flask+1","Catalyst+1","Adrenaline","Backflip+1","Noxious Fumes+1","Madness","Madness","Calculated Gamble+1","Secret Technique","Purity","Backflip","Footwork+1"],"max_hp_per_floor":[70,70,70,70,70,70,70,70,70,70,70,70,70,70,70,70,70,70,70,70,70,70,70,70,70,70,70,70,70,70,70,70,70,70,70,70,70,70,70,70,70,70,70,70,70,70,70,70,70,70],"relics":["Ring of the Snake","Anchor","Blood Vial","Sozu","Tingsha","Orrery","Letter Opener","Bag of Marbles","Lantern"],"card_choices":[{"not_picked":["Outmaneuver","Quick Slash"],"picked":"Backflip"},{"not_picked":["Riddle With Holes","Prepared"],"picked":"Poisoned Stab"},{"not_picked":["Quick Slash","Blur"],"picked":"Bane"},{"not_picked":["Backstab","Acrobatics"],"picked":"Well Laid Plans"},{"not_picked":["Slice","Finisher"],"picked":"Dagger Spray"},{"not_picked":["Flechettes","Dodge and Roll"],"picked":"Predator"},{"not_picked":["Tactician","Burst"],"picked":"Adrenaline"},{"not_picked":["Concentrate","Acrobatics"],"picked":"Bane"},{"not_picked":["Cloak And Dagger","Quick Slash"],"picked":"Dash"},{"not_picked":["Underhanded Strike","Masterful Stab"],"picked":"Bouncing Flask"},{"not_picked":["Flechettes","Reflex"],"picked":"Catalyst"},{"not_picked":["Doppelganger","Glass Knife"],"picked":"Adrenaline"},{"not_picked":["Sucker Punch","Poisoned Stab"],"picked":"Backflip"},{"not_picked":["Quick Slash","Masterful Stab"],"picked":"Noxious Fumes"},{"not_picked":["Flying Knee","Masterful Stab"],"picked":"Calculated Gamble"},{"not_picked":["All Out Attack","Crippling Poison"],"picked":"Footwork"}],"player_experience":562996,"potions_floor_usage":[],"damage_taken":[{"damage":8,"enemies":"Jaw Worm","floor":1,"turns":8},{"damage":0,"enemies":"Cultist","floor":2,"turns":3},{"damage":22,"enemies":"Gremlin Nob","floor":7,"turns":5},{"damage":0,"enemies":"2 Louse","floor":11,"turns":3},{"damage":0,"enemies":"Exordium Wildlife","floor":13,"turns":3},{"damage":0,"enemies":"Looter","floor":14,"turns":2},{"damage":36,"enemies":"The Guardian","floor":16,"turns":9},{"damage":2,"enemies":"Shell Parasite","floor":18,"turns":4},{"damage":0,"enemies":"Chosen","floor":21,"turns":3},{"damage":14,"enemies":"Sentry and Sphere","floor":24,"turns":4},{"damage":5,"enemies":"Slaver and Parasite","floor":28,"turns":5},{"damage":0,"enemies":"Chosen and Byrds","floor":29,"turns":4},{"damage":0,"enemies":"Snecko","floor":31,"turns":4},{"damage":50,"enemies":"Collector","floor":33,"turns":9},{"damage":0,"enemies":"Orb Walker","floor":35,"turns":3},{"damage":0,"enemies":"3 Darklings","floor":39,"turns":4},{"damage":13,"enemies":"Sphere and 2 Shapes","floor":41,"turns":6},{"damage":0,"enemies":"Maw","floor":47,"turns":4},{"damage":0,"enemies":"3 Darklings","floor":48,"turns":3},{"damage":25,"enemies":"Donu and Deca","floor":50,"turns":8}],"event_choices":[{"event_name":"The Cleric","player_choice":"Card Removal","floor":3,"damage_taken":0},{"event_name":"Golden Idol","player_choice":"Take Damage","floor":5,"damage_taken":0},{"event_name":"Accursed Blacksmith","player_choice":"Forge","floor":20,"damage_taken":0},{"event_name":"The Mausoleum","player_choice":"No","floor":22,"damage_taken":0},{"event_name":"The Lab","player_choice":"Got Potions","floor":37,"damage_taken":0},{"event_name":"Winding Halls","player_choice":"Embrace Madness","floor":38,"damage_taken":0},{"event_name":"The Moai Head","player_choice":"Gave Idol","floor":44,"damage_taken":0}],"boss_relics":[{"not_picked":["Lizard Tail","Calling Bell"],"picked":"Sozu"},{"not_picked":["Velvet Choker","Snecko Eye"],"picked":"Orrery"}],"potions_floor_spawned":[1,11,14,16,21,29,31,33,47],"seed_played":"-6816672233606981859","ascension_level":0,"is_trial":false}