{"path_per_floor":["M","?","M","?","M","R","M","?","T","R","E","$","R","E","R","B",null,"M","T","M","?","M","R","$","R","T","E","R","M","E","M","R","B",null,"M","M","$","?","M","R","?","R","T","M","R","M","M","M","R","B"],"character_chosen":"THE_SILENT","items_purchased":["Accuracy","Regen Potion","Mummified Hand","Pear","Infinite Blades"],"gold_per_floor":[360,435,446,446,460,460,474,495,495,495,527,365,365,400,400,497,497,516,516,533,533,550,550,201,201,226,258,258,269,296,313,313,412,412,425,438,30,30,43,43,43,43,43,56,56,73,86,98,98,98],"floor_reached":51,"campfire_rested":2,"playtime":3980,"current_hp_per_floor":[63,52,47,52,52,52,52,52,52,52,34,34,54,68,68,49,68,68,68,68,68,68,68,68,68,68,68,68,64,57,57,57,53,68,60,60,70,60,60,60,78,78,78,78,78,67,67,67,78,64],"items_purged":["Strike_G","Defend_G","Skewer"],"gold":98,"play_id":"26f723e7-cd1e-48a8-a63a-9b64f429ef6e","is_prod":false,"is_daily":false,"campfire_rituals":0,"campfire_upgraded":10,"is_hardmode":false,"path_taken":["M","?","M","?","M","R","M","?","T","R","E","$","R","E","R","BOSS","M","?","M","?","M","R","$","R","T","E","R","M","E","M","R","BOSS","M","M","$","?","M","R","?","R","T","M","R","M","M","M","R","BOSS"],"build_version":"2018-01-18-PROD4","purchased_purges":3,"victory":true,"master_deck":["Defend_G","Defend_G","Defend_G","Defend_G","Survivor","Neutralize","Adrenaline","Well Laid Plans","Deflect","Quick Slash","Cloak And Dagger","Footwork","Accuracy","Accuracy","Flying Knee","Tools of the Trade","Backstab","Infinite Blades","Cloak And Dagger","Burst","Backflip","Infinite Blades","Madness","Madness","Backflip","Footwork"],"max_hp_per_floor":[63,63,63,68,68,68,68,68,68,68,68,68,68,68,68,68,68,68,68,68,68,68,68,68,68,68,68,68,68,68,68,68,68,68,68,68,78,78,78,78,78,78,78,78,78,78,78,78,78,78],"relics":["Ring of the Snake","Odd Mushroom","Gambling Chip","Toxic Egg","Omamori","Astrolabe","Gremlin Horn","Mummified Hand","Art of War","Du-Vu Doll","Whetstone","Sozu","Pear","Thread and Needle"],"campfire_meditates":0,"card_choices":[{"not_picked":["Sucker Punch","Crippling Poison"],"picked":"Adrenaline"},{"not_picked":["Sucker Punch","Deadly Poison"],"picked":"Well Laid Plans"},{"not_picked":["Calculated Gamble","Bane"],"picked":"Deflect"},{"not_picked":["Flechettes","Dagger Spray"],"picked":"Quick Slash"},{"not_picked":["Infinite Blades","Quick Slash"],"picked":"Cloak And Dagger"},{"not_picked":["Endless Agony","Accuracy"],"picked":"Footwork"},{"not_picked":["Prepared","Noxious Fumes"],"picked":"Accuracy"},{"not_picked":["Distraction","Outmaneuver"],"picked":"Infinite Blades"},{"not_picked":["Terror","Infinite Blades"],"picked":"Cloak And Dagger"},{"not_picked":["Underhanded Strike","Night Terror"],"picked":"Infinite Blades"},{"not_picked":["Tools of the Trade","Tactician"],"picked":"Burst"},{"not_picked":["Catalyst","Flying Knee"],"picked":"Backflip"},{"not_picked":["Bane","Well Laid Plans"],"picked":"Backflip"},{"not_picked":["Dash","Skewer"],"picked":"Footwork"}],"player_experience":506625,"potions_floor_usage":[7,8,11,14,14,27,30],"damage_taken":[{"damage":0,"enemies":"Small Slimes","floor":1,"turns":3},{"damage":5,"enemies":"Cultist","floor":3,"turns":5},{"damage":0,"enemies":"Jaw Worm","floor":5,"turns":3},{"damage":0,"enemies":"Large Slime","floor":7,"turns":9},{"damage":0,"enemies":"The Mushroom Lair","floor":8,"turns":5},{"damage":18,"enemies":"Lagavulin","floor":11,"turns":7},{"damage":1,"enemies":"3 Sentries","floor":14,"turns":6},{"damage":19,"enemies":"The Guardian","floor":16,"turns":13},{"damage":0,"enemies":"Shell Parasite","floor":18,"turns":5},{"damage":0,"enemies":"Spheric Guardian","floor":20,"turns":4},{"damage":0,"enemies":"Centurion and Healer","floor":22,"turns":7},{"damage":0,"enemies":"Slavers","floor":27,"turns":6},{"damage":4,"enemies":"Slaver and Parasite","floor":29,"turns":5},{"damage":7,"enemies":"Gremlin Leader","floor":30,"turns":5},{"damage":0,"enemies":"Snake Plant","floor":31,"turns":2},{"damage":4,"enemies":"Automaton","floor":33,"turns":6},{"damage":8,"enemies":"3 Darklings","floor":35,"turns":4},{"damage":0,"enemies":"Orb Walker","floor":36,"turns":2},{"damage":0,"enemies":"Maw","floor":39,"turns":6},{"damage":0,"enemies":"Sphere and 2 Shapes","floor":44,"turns":3},{"damage":11,"enemies":"4 Shapes","floor":46,"turns":3},{"damage":0,"enemies":"3 Darklings","floor":47,"turns":4},{"damage":0,"enemies":"Maw","floor":48,"turns":5},{"damage":14,"enemies":"Donu and Deca","floor":50,"turns":7}],"event_choices":[{"event_name":"World of Goop","player_choice":"Gather Gold","floor":2,"damage_taken":0},{"event_name":"Big Fish","player_choice":"Donut","floor":4,"damage_taken":0},{"event_name":"Mushrooms","player_choice":"Fought Mushrooms","floor":8,"damage_taken":0},{"event_name":"Transmorgrifier","player_choice":"Transform","floor":21,"damage_taken":0},{"event_name":"Winding Halls","player_choice":"Embrace Madness","floor":38,"damage_taken":0},{"event_name":"Bonfire Elementals","player_choice":"UNCOMMON","floor":41,"damage_taken":0}],"boss_relics":[{"not_picked":["Velvet Choker","Question Card"],"picked":"Astrolabe"},{"not_picked":["Calling Bell","Snecko Eye"],"picked":"Sozu"}],"potions_floor_spawned":[1,7,8,11,16,22,29,30,39,44,47,48],"seed_played":"1642931177288357672","is_trial":false}