{"path_per_floor":["M","?","?","M","?","R","M","M","T","R","?","E","M","M","R","B",null,"M","?","?","?","$"],"character_chosen":"THE_SILENT","items_purchased":["Oddly Smooth Stone","Footwork"],"gold_per_floor":[111,111,111,127,127,127,140,154,154,154,229,264,274,288,288,389,389,402,402,402,402,93],"floor_reached":23,"campfire_rested":0,"playtime":1653,"current_hp_per_floor":[68,54,54,54,70,70,70,70,84,84,73,64,64,64,64,25,91,91,63,63,63,63],"items_purged":["Bite_G"],"gold":93,"play_id":"a94d25c8-9c1d-4e4a-bc2d-b26ffd440de1","is_prod":false,"is_daily":false,"campfire_rituals":0,"campfire_upgraded":3,"is_hardmode":false,"path_taken":["M","?","?","M","?","R","M","M","T","R","?","E","?","M","R","BOSS","M","?","?","?","$","E"],"build_version":"2018-01-18-PROD4","purchased_purges":1,"victory":false,"master_deck":["Defend_G","Defend_G","Defend_G","Defend_G","Defend_G","Survivor","Neutralize","Escape Plan","Sucker Punch","Quick Slash","Quick Slash","Glass Knife","Adrenaline","Bite_G","Bite_G","Bite_G","Bite_G","Backflip","Footwork"],"max_hp_per_floor":[70,70,70,70,70,70,70,70,84,84,84,91,91,91,91,91,91,91,63,63,63,63],"relics":["Ring of the Snake","Mango","Strawberry","Philosopher\u0027s Stone","Blood Vial","Oddly Smooth Stone"],"campfire_meditates":0,"card_choices":[{"not_picked":["PiercingWail","Tools of the Trade"],"picked":"Escape Plan"},{"not_picked":["Outmaneuver","Reflex"],"picked":"Sucker Punch"},{"not_picked":["Underhanded Strike","Prepared"],"picked":"Quick Slash"},{"not_picked":["Setup","Crippling Poison"],"picked":"Quick Slash"},{"not_picked":["Acrobatics","Poisoned Stab"],"picked":"Glass Knife"},{"not_picked":["Envenom","Grand Finale"],"picked":"Adrenaline"}],"player_experience":342672,"potions_floor_usage":[18,23,23],"damage_taken":[{"damage":2,"enemies":"Jaw Worm","floor":1,"turns":7},{"damage":0,"enemies":"Cultist","floor":4,"turns":4},{"damage":0,"enemies":"Small Slimes","floor":7,"turns":3},{"damage":0,"enemies":"2 Fungi Beasts","floor":8,"turns":3},{"damage":16,"enemies":"Gremlin Nob","floor":12,"turns":4},{"damage":0,"enemies":"3 Louse","floor":13,"turns":3},{"damage":0,"enemies":"Looter","floor":14,"turns":3},{"damage":39,"enemies":"The Guardian","floor":16,"turns":9},{"damage":0,"enemies":"2 Thieves","floor":18,"turns":3},{"damage":91,"enemies":"Gremlin Leader","floor":23,"turns":11}],"event_choices":[{"event_name":"Shining Light","player_choice":"Entered Light","floor":2,"damage_taken":0},{"event_name":"Living Wall","player_choice":"Grow","floor":3,"damage_taken":0},{"event_name":"Big Fish","player_choice":"Banana","floor":5,"damage_taken":0},{"event_name":"World of Goop","player_choice":"Gather Gold","floor":11,"damage_taken":0},{"event_name":"Vampires","player_choice":"Became a vampire","floor":19,"damage_taken":0},{"event_name":"Wheel of Change","player_choice":"Relic","floor":20,"damage_taken":0},{"event_name":"The Library","player_choice":"Read","floor":21,"damage_taken":0}],"boss_relics":[{"not_picked":["Snecko Eye","Black Star"],"picked":"Philosopher\u0027s Stone"}],"potions_floor_spawned":[7,8,12,14,18],"seed_played":"6882228763032660376","killed_by":"Gremlin Leader","is_trial":false}