{"path_per_floor":["M","$","?","M","?","R","E","R","T","M","M","R","?","$","R","B",null,"M","?","M","?","M","R","$","M","T","M","T","M","R","?","R","B",null,"M","?","?","M","?","R","?","M","T","R","$","M","R","M","R","B"],"character_chosen":"THE_SILENT","items_purchased":["Explosive Potion","Energy Potion"],"gold_per_floor":[114,39,39,50,50,50,88,88,88,104,119,119,119,19,19,150,150,169,169,188,103,117,117,117,132,132,151,151,176,176,176,176,295,295,309,309,309,332,332,332,332,348,348,348,122,136,136,149,149,149],"floor_reached":51,"campfire_rested":2,"playtime":4059,"current_hp_per_floor":[70,70,70,70,53,53,14,35,35,37,35,35,28,28,49,28,70,70,70,66,66,62,62,62,64,64,66,66,68,68,68,68,29,70,66,66,66,68,68,68,68,70,70,70,70,64,64,66,66,8],"items_purged":["Strike_G","Defend_G","Strike_G"],"gold":149,"play_id":"91864ae0-6b7e-422e-bf0a-837fc09d90ec","is_prod":false,"is_daily":false,"campfire_rituals":0,"campfire_upgraded":6,"is_hardmode":false,"path_taken":["M","?","?","M","?","R","E","R","T","?","M","R","?","$","R","BOSS","M","?","M","?","M","R","$","M","T","M","?","?","R","?","R","BOSS","M","?","?","M","?","R","?","M","T","R","?","M","R","M","R","BOSS"],"build_version":"2018-01-18-PROD4","purchased_purges":3,"victory":true,"master_deck":["Defend_G","Defend_G","Defend_G","Defend_G","Strike_G","Survivor","Neutralize","Deflect","Terror","Quick Slash","Quick Slash","Footwork","Cloak And Dagger","Backflip","Backflip","Dash"],"max_hp_per_floor":[70,70,70,70,70,70,70,70,70,70,70,70,70,70,70,70,70,70,70,70,70,70,70,70,70,70,70,70,70,70,70,70,70,70,70,70,70,70,70,70,70,70,70,70,70,70,70,70,70,70],"relics":["Ring of the Snake","Happy Flower","Golden Idol","Blood Vial","Ginger","Lizard Tail","War Paint","Dead Branch","Centennial Puzzle","Sozu","Girya"],"campfire_meditates":0,"card_choices":[{"not_picked":["Slice","Bane"],"picked":"Deflect"},{"not_picked":["Dodge and Roll","Infinite Blades"],"picked":"Terror"},{"not_picked":["Slice","Riddle With Holes"],"picked":"Quick Slash"},{"not_picked":["Caltrops","Terror"],"picked":"Quick Slash"},{"not_picked":["Slice","Backstab"],"picked":"Footwork"},{"not_picked":["Choke","Acrobatics"],"picked":"Cloak And Dagger"},{"not_picked":["Slice","Prepared"],"picked":"Backflip"},{"not_picked":["Predator","Bouncing Flask"],"picked":"Backflip"}],"player_experience":344325,"potions_floor_usage":[33,33,33],"damage_taken":[{"damage":0,"enemies":"Blue Slaver","floor":1,"turns":5},{"damage":0,"enemies":"Small Slimes","floor":4,"turns":5},{"damage":39,"enemies":"Lagavulin","floor":7,"turns":10},{"damage":0,"enemies":"Cultist","floor":10,"turns":4},{"damage":4,"enemies":"Exordium Wildlife","floor":11,"turns":5},{"damage":23,"enemies":"Hexaghost","floor":16,"turns":12},{"damage":0,"enemies":"Shell Parasite","floor":18,"turns":7},{"damage":4,"enemies":"3 Byrds","floor":20,"turns":7},{"damage":6,"enemies":"Slaver and Parasite","floor":22,"turns":13},{"damage":0,"enemies":"Snake Plant","floor":25,"turns":6},{"damage":0,"enemies":"Centurion and Healer","floor":27,"turns":10},{"damage":0,"enemies":"Chosen and Byrds","floor":29,"turns":5},{"damage":41,"enemies":"Collector","floor":33,"turns":18},{"damage":4,"enemies":"Orb Walker","floor":35,"turns":4},{"damage":0,"enemies":"3 Shapes","floor":38,"turns":7},{"damage":0,"enemies":"3 Darklings","floor":42,"turns":8},{"damage":6,"enemies":"Sphere and 2 Shapes","floor":46,"turns":8},{"damage":0,"enemies":"Maw","floor":48,"turns":7},{"damage":60,"enemies":"Time Eater","floor":50,"turns":15}],"event_choices":[{"event_name":"Liars Game","player_choice":"disagreed","floor":3,"damage_taken":0},{"event_name":"Golden Idol","player_choice":"Take Damage","floor":5,"damage_taken":0},{"event_name":"Golden Wing","player_choice":"Card Removal","floor":13,"damage_taken":0},{"event_name":"Drug Dealer","player_choice":"Ignored","floor":19,"damage_taken":0},{"event_name":"Addict","player_choice":"Obtained Relic","floor":21,"damage_taken":0},{"event_name":"The Library","player_choice":"Read","floor":31,"damage_taken":0},{"event_name":"Mysterious Sphere","player_choice":"Ignore","floor":36,"damage_taken":0},{"event_name":"The Moai Head","player_choice":"Ignored","floor":37,"damage_taken":0},{"event_name":"Tomb of Lord Red Mask","player_choice":"Ignored","floor":41,"damage_taken":0}],"boss_relics":[{"not_picked":["The Specimen","Eternal Feather"],"picked":"Lizard Tail"},{"not_picked":["Calling Bell","Orrery"],"picked":"Sozu"}],"potions_floor_spawned":[7,22,25,27,33,48],"seed_played":"8272297565075003299","is_trial":false}