{"path_per_floor":["M","M","M","M","M","R","M","R","T","?","M","R","M","E","R","B",null,"M","M","M","M","?","R","M","M","T","R","?","$","R","M","R","B",null,"M","M","?","M","M","R","?","R","T","$","?","R","$","M","R","B"],"character_chosen":"THE_SILENT","items_purchased":["Ornamental Fan","Mercury Hourglass","Shuriken"],"gold_per_floor":[118,135,145,163,176,176,191,191,237,237,251,251,271,296,296,391,391,408,421,439,455,455,455,466,483,552,552,552,56,56,74,74,179,179,190,205,205,221,237,237,237,237,260,4,0,0,0,15,15,15],"floor_reached":51,"campfire_rested":6,"playtime":5757,"current_hp_per_floor":[66,66,66,54,54,54,50,50,50,50,50,50,34,34,55,32,70,68,65,37,22,22,43,11,3,3,24,47,47,68,60,60,36,70,47,43,60,29,26,47,47,47,47,47,47,47,47,46,67,29],"items_purged":[],"gold":15,"play_id":"3ffbb43c-82a4-4b80-a24b-a427f8fdedae","is_prod":false,"is_daily":false,"campfire_rituals":0,"campfire_upgraded":6,"is_hardmode":false,"path_taken":["M","?","M","M","?","R","M","R","T","?","?","R","?","E","R","BOSS","M","M","M","M","?","R","M","M","T","R","?","$","R","M","R","BOSS","M","M","?","?","M","R","?","R","T","?","?","R","?","M","R","BOSS"],"build_version":"2018-01-11-PROD2","purchased_purges":0,"victory":true,"master_deck":["Defend_G","Defend_G","Defend_G","Defend_G","Strike_G","Strike_G","Survivor","Neutralize","Quick Slash","Backstab","Backflip","Die Die Die","Flying Knee","Adrenaline","Escape Plan","Quick Slash","Envenom","Leg Sweep","Bouncing Flask","Reflex","Predator","Writhe","Backflip","Quick Slash"],"max_hp_per_floor":[70,70,70,70,70,70,70,70,70,70,70,70,70,70,70,70,70,70,70,70,70,70,70,70,70,70,70,70,70,70,70,70,70,70,70,70,70,70,70,70,70,70,70,70,70,70,70,70,70,70],"relics":["Ring of the Snake","Bag of Preparation","Vajra","Velvet Choker","Meat on the Bone","Ornamental Fan","Mercury Hourglass","Astrolabe","Dream Catcher","Shuriken","Red Mask"],"campfire_meditates":0,"card_choices":[{"not_picked":["Reflex","Poisoned Stab"],"picked":"Quick Slash"},{"not_picked":["A Thousand Cuts","Reflex"],"picked":"Backstab"},{"not_picked":["Prepared","Deadly Poison"],"picked":"Backflip"},{"not_picked":["Underhanded Strike","Acrobatics"],"picked":"Die Die Die"},{"not_picked":["Sucker Punch","Acrobatics"],"picked":"Flying Knee"},{"not_picked":["Die Die Die","Bullet Time"],"picked":"Adrenaline"},{"not_picked":["Quick Slash","Sucker Punch"],"picked":"Escape Plan"},{"not_picked":["All Out Attack","Underhanded Strike"],"picked":"Quick Slash"},{"not_picked":["A Thousand Cuts","Adrenaline"],"picked":"Envenom"},{"not_picked":["Cloak And Dagger","Underhanded Strike"],"picked":"Predator"},{"not_picked":["Quick Slash","Poisoned Stab"],"picked":"Backflip"},{"not_picked":["Deadly Poison","Heel Hook"],"picked":"Quick Slash"}],"player_experience":78224,"potions_floor_usage":[14,14,16,21,25,33,50,50],"damage_taken":[{"damage":4,"enemies":"Blue Slaver","floor":1,"turns":6},{"damage":0,"enemies":"Jaw Worm","floor":2,"turns":7},{"damage":0,"enemies":"2 Louse","floor":3,"turns":3},{"damage":12,"enemies":"Exordium Thugs","floor":4,"turns":8},{"damage":0,"enemies":"Gremlin Gang","floor":5,"turns":7},{"damage":4,"enemies":"Red Slaver","floor":7,"turns":6},{"damage":0,"enemies":"Exordium Wildlife","floor":11,"turns":3},{"damage":16,"enemies":"Exordium Thugs","floor":13,"turns":4},{"damage":0,"enemies":"Lagavulin","floor":14,"turns":5},{"damage":23,"enemies":"The Guardian","floor":16,"turns":12},{"damage":2,"enemies":"3 Byrds","floor":18,"turns":5},{"damage":3,"enemies":"Chosen","floor":19,"turns":4},{"damage":28,"enemies":"Snake Plant","floor":20,"turns":7},{"damage":15,"enemies":"Snecko","floor":21,"turns":7},{"damage":32,"enemies":"Chosen and Byrds","floor":24,"turns":7},{"damage":8,"enemies":"Snake Plant","floor":25,"turns":4},{"damage":8,"enemies":"Sentry and Sphere","floor":31,"turns":4},{"damage":36,"enemies":"Collector","floor":33,"turns":12},{"damage":23,"enemies":"3 Darklings","floor":35,"turns":7},{"damage":16,"enemies":"3 Shapes","floor":36,"turns":4},{"damage":43,"enemies":"Sphere and 2 Shapes","floor":38,"turns":6},{"damage":15,"enemies":"4 Shapes","floor":39,"turns":5},{"damage":1,"enemies":"Maw","floor":48,"turns":6},{"damage":50,"enemies":"Time Eater","floor":50,"turns":15}],"event_choices":[{"event_name":"Liars Game","player_choice":"disagreed","floor":10,"damage_taken":0},{"event_name":"Drug Dealer","player_choice":"Ignored","floor":22,"damage_taken":0},{"event_name":"The Library","player_choice":"Heal","floor":28,"damage_taken":0},{"event_name":"Winding Halls","player_choice":"Writhe","floor":37,"damage_taken":0},{"event_name":"Tomb of Lord Red Mask","player_choice":"Paid","floor":45,"damage_taken":0}],"boss_relics":[{"not_picked":["Calling Bell","Orrery"],"picked":"Velvet Choker"},{"not_picked":["White Beast Statue","Question Card"],"picked":"Astrolabe"}],"potions_floor_spawned":[2,3,4,7,19,21,25,35,48],"seed_played":"-8795791625036509515","is_trial":false}