{"path_per_floor":["M","$","M","M","?","R","E","R","T","R","?","M","E","$","R","B",null,"M","M","?","$","?","R","M","R","T","M","M","M","M","M","R","B",null,"M","?","$","?","M","M","M","?","T","M","?","R","$","?","R","B"],"character_chosen":"THE_SILENT","items_purchased":["Footwork","Mummified Hand"],"gold_per_floor":[111,36,56,66,66,66,95,95,95,95,95,113,143,69,69,174,174,190,201,116,16,16,16,29,29,29,48,66,84,97,114,114,215,215,230,230,33,0,16,26,44,44,44,55,55,55,55,55,55,55],"floor_reached":51,"campfire_rested":2,"playtime":4160,"current_hp_per_floor":[70,70,70,70,75,75,56,56,56,56,38,34,24,24,24,29,75,69,57,57,57,57,57,36,36,36,28,10,9,9,3,25,19,75,70,70,70,70,70,70,70,60,60,62,62,62,62,62,75,63],"items_purged":["Strike_G","Strike_G"],"gold":55,"play_id":"bd94bf7c-e85b-4dfa-877a-d7e7a9fbc711","is_prod":false,"is_daily":false,"campfire_rituals":0,"campfire_upgraded":7,"is_hardmode":false,"path_taken":["M","?","M","M","?","R","E","R","T","R","?","?","E","$","R","BOSS","M","M","?","$","?","R","M","R","T","?","M","M","M","M","R","BOSS","M","?","$","?","M","M","M","?","T","?","?","R","$","?","R","BOSS"],"build_version":"2018-01-18-PROD4","purchased_purges":2,"victory":true,"master_deck":["Defend_G","Defend_G","Defend_G","Defend_G","Survivor","Neutralize","Accuracy","Acrobatics","Quick Slash","Acrobatics","Footwork","Accuracy","Deflect","Infinite Blades","Backflip","After Image","After Image","Envenom","Cloak And Dagger","Blade Dance","Blade Dance","Backflip","Madness","Madness"],"max_hp_per_floor":[70,70,70,70,75,75,75,75,75,75,75,75,75,75,75,75,75,75,75,75,75,75,75,75,75,75,75,75,75,75,75,75,75,75,75,75,75,75,75,75,75,75,75,75,75,75,75,75,75,75],"relics":["Ring of the Snake","Pantograph","Letter Opener","Omamori","Ancient Tea Set","Sozu","Matryoshka","The Courier","War Paint","Astrolabe","Mummified Hand","Red Mask","Art of War","Blood Vial"],"campfire_meditates":0,"card_choices":[{"not_picked":["Dagger Spray","Backflip"],"picked":"Accuracy"},{"not_picked":["Dagger Spray","Poisoned Stab"],"picked":"Acrobatics"},{"not_picked":["Poisoned Stab","Bouncing Flask"],"picked":"Quick Slash"},{"not_picked":["Leg Sweep","Glass Knife"],"picked":"Acrobatics"},{"not_picked":["Quick Slash","Flechettes"],"picked":"Accuracy"},{"not_picked":["Predator","Eviscerate"],"picked":"Deflect"},{"not_picked":["Flying Knee","Well Laid Plans"],"picked":"Infinite Blades"},{"not_picked":["Terror","Dash"],"picked":"Backflip"},{"not_picked":["Grand Finale","A Thousand Cuts"],"picked":"After Image"},{"not_picked":["Blur","Accuracy"],"picked":"Cloak And Dagger"},{"not_picked":["Accuracy","Slice"],"picked":"Blade Dance"},{"not_picked":["Prepared","Terror"],"picked":"Blade Dance"},{"not_picked":["Underhanded Strike","Dagger Spray"],"picked":"Backflip"}],"player_experience":338512,"potions_floor_usage":[4,7,7,13,13],"damage_taken":[{"damage":0,"enemies":"Blue Slaver","floor":1,"turns":6},{"damage":0,"enemies":"2 Louse","floor":3,"turns":3},{"damage":0,"enemies":"Cultist","floor":4,"turns":4},{"damage":19,"enemies":"3 Sentries","floor":7,"turns":7},{"damage":4,"enemies":"2 Fungi Beasts","floor":12,"turns":4},{"damage":10,"enemies":"Lagavulin","floor":13,"turns":8},{"damage":20,"enemies":"The Guardian","floor":16,"turns":17},{"damage":6,"enemies":"Shell Parasite","floor":18,"turns":11},{"damage":12,"enemies":"3 Byrds","floor":19,"turns":6},{"damage":21,"enemies":"3 Cultists","floor":24,"turns":9},{"damage":8,"enemies":"Snecko","floor":27,"turns":7},{"damage":18,"enemies":"Sentry and Sphere","floor":28,"turns":6},{"damage":1,"enemies":"3 Cultists","floor":29,"turns":6},{"damage":0,"enemies":"Centurion and Healer","floor":30,"turns":7},{"damage":6,"enemies":"Slaver and Parasite","floor":31,"turns":7},{"damage":31,"enemies":"Champ","floor":33,"turns":17},{"damage":5,"enemies":"3 Shapes","floor":35,"turns":6},{"damage":0,"enemies":"3 Darklings","floor":39,"turns":6},{"damage":0,"enemies":"Maw","floor":40,"turns":5},{"damage":0,"enemies":"4 Shapes","floor":41,"turns":5},{"damage":0,"enemies":"3 Darklings","floor":44,"turns":4},{"damage":12,"enemies":"Time Eater","floor":50,"turns":10}],"event_choices":[{"event_name":"Big Fish","player_choice":"Donut","floor":5,"damage_taken":0},{"event_name":"Scrap Ooze","player_choice":"success","floor":11,"damage_taken":18},{"event_name":"Addict","player_choice":"Obtained Relic","floor":20,"damage_taken":0},{"event_name":"Bonfire Elementals","player_choice":"BASIC","floor":22,"damage_taken":0},{"event_name":"Mysterious Sphere","player_choice":"Ignore","floor":36,"damage_taken":0},{"event_name":"Tomb of Lord Red Mask","player_choice":"Paid","floor":38,"damage_taken":0},{"event_name":"Winding Halls","player_choice":"Embrace Madness","floor":42,"damage_taken":0},{"event_name":"Accursed Blacksmith","player_choice":"Forge","floor":48,"damage_taken":0}],"boss_relics":[{"not_picked":["Lizard Tail","Runic Dome"],"picked":"Sozu"},{"not_picked":["Black Star","Calling Bell"],"picked":"Astrolabe"}],"potions_floor_spawned":[3,4,12,19,27,29,30,35,41],"seed_played":"-2699383312957839257","is_trial":false}