{"path_per_floor":["M","M","?","T","M","E","R","?","T","M","M","?","M","$","R","B",null,"M","?","M","$","M","R","$","M","T","$","M","R","M","M","R"],"character_chosen":"THE_SILENT","items_purchased":["Oddly Smooth Stone"],"gold_per_floor":[119,130,130,130,143,172,172,195,272,292,310,340,353,124,124,221,221,234,234,223,123,139,139,14,31,31,31,45,45,57,74,74],"floor_reached":33,"campfire_rested":1,"playtime":2542,"current_hp_per_floor":[60,58,58,58,56,44,44,32,32,45,47,47,49,49,49,39,63,54,54,46,46,24,30,30,30,30,30,22,28,30,17,41],"items_purged":["Strike_G","Strike_G","Strike_G"],"gold":74,"play_id":"1e3a3975-dc58-48e1-b69e-ec405a0d12d5","is_prod":false,"is_daily":false,"campfire_rituals":0,"campfire_upgraded":3,"is_hardmode":false,"path_taken":["M","?","?","?","M","E","R","?","T","M","M","?","?","$","R","BOSS","M","?","?","$","M","R","?","M","T","$","M","R","M","M","R","BOSS"],"build_version":"2018-01-11-PROD2","purchased_purges":3,"victory":false,"master_deck":["Defend_G","Defend_G","Defend_G","Defend_G","Strike_G","Survivor","Neutralize","Sucker Punch","Terror","Flying Knee","Footwork","Acrobatics","Glass Knife","Escape Plan","Heel Hook"],"max_hp_per_floor":[63,63,63,63,63,63,63,63,63,63,63,63,63,63,63,63,63,63,63,63,63,63,63,63,63,63,63,63,63,63,63,63],"relics":["Ring of the Snake","Frozen Eye","Blood Vial","Odd Mushroom","Blue Candle","Oddly Smooth Stone","Eternal Feather","Girya"],"campfire_meditates":0,"card_choices":[{"not_picked":["Poisoned Stab","PiercingWail"],"picked":"Sucker Punch"},{"not_picked":["Prepared","Dagger Spray"],"picked":"Terror"},{"not_picked":["Distraction","Finisher"],"picked":"Flying Knee"},{"not_picked":["Die Die Die","Distraction"],"picked":"Footwork"},{"not_picked":["Terror","Bane"],"picked":"Acrobatics"},{"not_picked":["Night Terror","Unload"],"picked":"Glass Knife"},{"not_picked":["Poisoned Stab","Dagger Throw"],"picked":"Escape Plan"},{"not_picked":["Terror","Slice"],"picked":"Heel Hook"}],"player_experience":138323,"potions_floor_usage":[10,16,16,20,31,33],"damage_taken":[{"damage":3,"enemies":"Blue Slaver","floor":1,"turns":6},{"damage":2,"enemies":"Small Slimes","floor":2,"turns":4},{"damage":2,"enemies":"2 Louse","floor":5,"turns":3},{"damage":12,"enemies":"Gremlin Nob","floor":6,"turns":3},{"damage":14,"enemies":"The Mushroom Lair","floor":8,"turns":5},{"damage":4,"enemies":"Exordium Thugs","floor":10,"turns":6},{"damage":0,"enemies":"2 Fungi Beasts","floor":11,"turns":4},{"damage":0,"enemies":"3 Louse","floor":13,"turns":6},{"damage":27,"enemies":"Slime Boss","floor":16,"turns":10},{"damage":9,"enemies":"3 Byrds","floor":18,"turns":7},{"damage":10,"enemies":"2 Thieves","floor":20,"turns":4},{"damage":24,"enemies":"Snake Plant","floor":22,"turns":6},{"damage":2,"enemies":"Snecko","floor":25,"turns":4},{"damage":10,"enemies":"Sentry and Sphere","floor":28,"turns":8},{"damage":0,"enemies":"3 Cultists","floor":30,"turns":5},{"damage":15,"enemies":"Centurion and Healer","floor":31,"turns":7},{"damage":44,"enemies":"Champ","floor":33,"turns":15}],"event_choices":[{"event_name":"Living Wall","player_choice":"Grow","floor":3,"damage_taken":0},{"event_name":"Mushrooms","player_choice":"Fought Mushrooms","floor":8,"damage_taken":0},{"event_name":"Dead Adventurer","player_choice":"Searched \u00272\u0027 times","floor":12,"damage_taken":0},{"event_name":"Drug Dealer","player_choice":"Ignored","floor":19,"damage_taken":0}],"boss_relics":[{"not_picked":["Runic Dome","Velvet Choker"],"picked":"Eternal Feather"}],"potions_floor_spawned":[6,10,13,18,25,30,31],"seed_played":"-4620689340953509766","killed_by":"Champ","is_trial":false}