{"path_per_floor":["M","?","?","$","M","R","?","R","T","M","M","M","E","$","R","B",null,"M","M","$","?","M","R","?","?","T","?","R","M","$","$","R","B",null,"M","?","?","?","?","R","M","?","T","M","$","R","M","M","R","B"],"character_chosen":"THE_SILENT","items_purchased":["Pen Nib","Strength Potion"],"gold_per_floor":[109,109,109,59,69,69,19,19,19,39,51,69,95,45,45,143,143,128,145,95,145,161,161,161,161,186,186,186,202,152,102,102,197,197,209,209,209,209,255,255,268,268,295,313,60,60,73,83,83,83],"floor_reached":51,"campfire_rested":1,"playtime":3688,"current_hp_per_floor":[77,77,52,52,52,52,52,52,52,52,51,51,50,50,50,47,77,71,65,65,65,61,61,61,61,61,52,52,52,52,52,76,25,82,81,81,81,81,79,79,79,79,79,79,79,79,79,78,78,42],"items_purged":["Strike_G","Strike_G","Strike_G","Defend_G","Strike_G","Defend_G"],"gold":83,"play_id":"acc26be6-d62a-4912-ae1f-99b475fe1bac","is_prod":false,"is_daily":false,"campfire_rituals":0,"campfire_upgraded":8,"is_hardmode":false,"path_taken":["M","?","?","$","?","R","?","R","T","M","M","?","E","$","R","BOSS","M","M","$","?","?","R","?","?","T","?","R","?","?","$","R","BOSS","M","?","?","?","?","R","M","?","T","M","$","R","?","?","R","BOSS"],"build_version":"2018-01-11-PROD2","purchased_purges":6,"victory":true,"master_deck":["Survivor","Neutralize","Deflect","Glass Knife","Dash","Sucker Punch","Footwork","Dash","Adrenaline","Flying Knee","Backflip","Burst","Acrobatics","Backflip","Footwork","Decay","Outmaneuver","Backflip"],"max_hp_per_floor":[77,77,77,77,77,77,77,77,77,77,77,77,77,77,77,77,77,77,77,77,77,77,77,77,77,77,82,82,82,82,82,82,82,82,82,82,82,82,82,82,82,82,82,82,82,82,82,82,82,82],"relics":["Ring of the Snake","Smiling Mask","Tough Bandages","Meat on the Bone","Philosopher\u0027s Stone","Happy Flower","Cursed Key","Dead Branch","Bronze Scales","Pen Nib"],"campfire_meditates":0,"card_choices":[{"not_picked":["Flechettes","Outmaneuver"],"picked":"Deflect"},{"not_picked":["Flying Knee","Cloak And Dagger"],"picked":"Dash"},{"not_picked":["Underhanded Strike","Flechettes"],"picked":"Sucker Punch"},{"not_picked":["Calculated Gamble","Flechettes"],"picked":"Footwork"},{"not_picked":["Blur","Corpse Explosion"],"picked":"Dash"},{"not_picked":["A Thousand Cuts","Storm of Steel"],"picked":"Adrenaline"},{"not_picked":["Dodge and Roll","Cloak And Dagger"],"picked":"Flying Knee"},{"not_picked":["Underhanded Strike","Calculated Gamble"],"picked":"Backflip"},{"not_picked":["Venomology","Envenom"],"picked":"Burst"},{"not_picked":["Dagger Spray","Backstab"],"picked":"Acrobatics"},{"not_picked":["Endless Agony","Poisoned Stab"],"picked":"Footwork"},{"not_picked":["Distraction","PiercingWail"],"picked":"Outmaneuver"},{"not_picked":["Eviscerate","Masterful Stab"],"picked":"Backflip"}],"player_experience":112499,"potions_floor_usage":[16,33,50,50,50],"damage_taken":[{"damage":0,"enemies":"Jaw Worm","floor":1,"turns":5},{"damage":0,"enemies":"Cultist","floor":5,"turns":4},{"damage":0,"enemies":"Small Slimes","floor":10,"turns":2},{"damage":1,"enemies":"Exordium Wildlife","floor":11,"turns":5},{"damage":0,"enemies":"Red Slaver","floor":12,"turns":4},{"damage":1,"enemies":"3 Sentries","floor":13,"turns":6},{"damage":3,"enemies":"The Guardian","floor":16,"turns":14},{"damage":6,"enemies":"2 Thieves","floor":18,"turns":4},{"damage":6,"enemies":"Spheric Guardian","floor":19,"turns":4},{"damage":4,"enemies":"Centurion and Healer","floor":22,"turns":8},{"damage":0,"enemies":"3 Cultists","floor":29,"turns":6},{"damage":63,"enemies":"Collector","floor":33,"turns":14},{"damage":1,"enemies":"3 Shapes","floor":35,"turns":4},{"damage":2,"enemies":"Mysterious Sphere","floor":39,"turns":6},{"damage":0,"enemies":"Orb Walker","floor":41,"turns":3},{"damage":0,"enemies":"Maw","floor":44,"turns":9},{"damage":0,"enemies":"3 Darklings","floor":47,"turns":6},{"damage":1,"enemies":"Sphere and 2 Shapes","floor":48,"turns":4},{"damage":36,"enemies":"Time Eater","floor":50,"turns":14}],"event_choices":[{"event_name":"Living Wall","player_choice":"Change","floor":2,"damage_taken":0},{"event_name":"Scrap Ooze","player_choice":"success","floor":3,"damage_taken":25},{"event_name":"The Cleric","player_choice":"Card Removal","floor":7,"damage_taken":0},{"event_name":"The Joust","player_choice":"Bet on Murderer","floor":21,"damage_taken":0},{"event_name":"Vampires","player_choice":"Ignored","floor":24,"damage_taken":0},{"event_name":"Accursed Blacksmith","player_choice":"Forge","floor":25,"damage_taken":0},{"event_name":"Forgotten Altar","player_choice":"Shed Blood","floor":27,"damage_taken":0},{"event_name":"Duplicator","player_choice":"One dupe","floor":36,"damage_taken":0},{"event_name":"Tomb of Lord Red Mask","player_choice":"Ignored","floor":37,"damage_taken":0},{"event_name":"Mysterious Sphere","player_choice":"Fight","floor":39,"damage_taken":0},{"event_name":"Wheel of Change","player_choice":"Card Removal","floor":42,"damage_taken":0}],"boss_relics":[{"not_picked":["Black Star","Eternal Feather"],"picked":"Philosopher\u0027s Stone"},{"not_picked":["Calling Bell","Lizard Tail"],"picked":"Cursed Key"}],"potions_floor_spawned":[5,11,12,22,29,44,47,48],"seed_played":"6284528204940214209","is_trial":false}