{"path_per_floor":["M","?","M","M","$","R","M","R","T","R","M","M","R","?","R","B",null,"M","?","?","?","?","R","M","R","T","$","E","?","M","M","R","B",null,"M","?","M","?","?","R","E","M","T","R","M","M","R","E","R","B"],"character_chosen":"THE_SILENT","items_purchased":[],"gold_per_floor":[112,112,122,132,57,57,67,67,139,139,159,172,172,172,172,274,274,274,274,274,274,274,274,274,274,274,174,174,174,174,174,174,174,174,174,174,174,174,174,174,174,174,174,174,174,174,174,174,174,174],"floor_reached":51,"campfire_rested":5,"playtime":2920,"current_hp_per_floor":[35,35,35,35,35,56,48,69,69,69,61,61,61,61,61,49,70,70,70,70,61,61,61,53,53,53,53,35,35,33,33,70,21,75,65,65,65,65,55,55,44,33,40,40,40,40,79,23,62,41],"items_purged":["Strike_G","Strike_G"],"gold":174,"play_id":"1076bfc9-9534-49f6-b221-93b010fedb4a","is_prod":false,"is_daily":false,"campfire_rituals":0,"campfire_upgraded":4,"is_hardmode":false,"path_taken":["M","?","?","M","$","R","?","R","T","R","M","?","R","?","R","BOSS","M","?","?","?","?","R","M","R","T","?","E","?","?","M","R","BOSS","M","?","?","?","?","R","E","M","T","R","M","?","R","E","R","BOSS"],"build_version":"2018-01-11-PROD2","purchased_purges":2,"victory":true,"master_deck":["Defend_G","Defend_G","Defend_G","Survivor","Neutralize","Accuracy","Blade Dance","Cloak And Dagger","Cloak And Dagger","A Thousand Cuts","Cloak And Dagger","Finisher","Accuracy","Cloak And Dagger","Burst","Cloak And Dagger","Madness","Madness","Cloak And Dagger","Acrobatics"],"max_hp_per_floor":[70,70,70,70,70,70,70,70,70,70,70,70,70,70,70,70,70,70,70,70,75,75,75,75,75,75,75,75,75,75,75,75,75,75,75,75,75,75,75,75,75,75,82,82,82,82,82,82,82,82],"relics":["Ring of the Snake","Peace Pipe","Matryoshka","Ectoplasm","Mercury Hourglass","Lantern","Regal Pillow","Dream Catcher","Molten Egg","Strawberry","Pantograph","Pen Nib"],"campfire_meditates":0,"card_choices":[{"not_picked":["Bane","Skewer"],"picked":"Accuracy"},{"not_picked":["Slice","Outmaneuver"],"picked":"Blade Dance"},{"not_picked":["Malaise","Flying Knee"],"picked":"Cloak And Dagger"},{"not_picked":["Outmaneuver","Terror"],"picked":"Cloak And Dagger"},{"not_picked":["Doppelganger","Night Terror"],"picked":"A Thousand Cuts"},{"not_picked":["Heel Hook","Acrobatics"],"picked":"Cloak And Dagger"},{"not_picked":["Terror","Sucker Punch"],"picked":"Finisher"},{"not_picked":["Reflex","Flechettes"],"picked":"Accuracy"},{"not_picked":["Accuracy","Acrobatics"],"picked":"Cloak And Dagger"},{"not_picked":["Tactician","Phantasmal Killer"],"picked":"Burst"},{"not_picked":["Predator","Crippling Poison"],"picked":"Cloak And Dagger"},{"not_picked":["Night Terror","Deflect"],"picked":"Cloak And Dagger"},{"not_picked":["Slice","Backflip"],"picked":"Acrobatics"}],"player_experience":54135,"potions_floor_usage":[16,16,16,28,31,41,41,45,50],"damage_taken":[{"damage":0,"enemies":"Cultist","floor":1,"turns":5},{"damage":0,"enemies":"Small Slimes","floor":3,"turns":4},{"damage":0,"enemies":"Blue Slaver","floor":4,"turns":6},{"damage":8,"enemies":"Lots of Slimes","floor":7,"turns":4},{"damage":8,"enemies":"2 Fungi Beasts","floor":11,"turns":3},{"damage":0,"enemies":"Red Slaver","floor":12,"turns":3},{"damage":12,"enemies":"The Guardian","floor":16,"turns":9},{"damage":0,"enemies":"Spheric Guardian","floor":18,"turns":3},{"damage":8,"enemies":"Chosen","floor":24,"turns":5},{"damage":18,"enemies":"Gremlin Leader","floor":28,"turns":4},{"damage":2,"enemies":"3 Cultists","floor":30,"turns":3},{"damage":0,"enemies":"Centurion and Healer","floor":31,"turns":3},{"damage":49,"enemies":"Champ","floor":33,"turns":8},{"damage":10,"enemies":"3 Darklings","floor":35,"turns":3},{"damage":0,"enemies":"Orb Walker","floor":37,"turns":2},{"damage":11,"enemies":"Giant Head","floor":41,"turns":6},{"damage":11,"enemies":"Maw","floor":42,"turns":5},{"damage":0,"enemies":"3 Darklings","floor":45,"turns":2},{"damage":0,"enemies":"4 Shapes","floor":46,"turns":3},{"damage":56,"enemies":"Nemesis","floor":48,"turns":7},{"damage":41,"enemies":"Donu and Deca","floor":50,"turns":7}],"event_choices":[{"event_name":"Purifier","player_choice":"One Purge","floor":2,"damage_taken":0},{"event_name":"The Woman in Blue","player_choice":"Bought 0 Potions","floor":14,"damage_taken":0},{"event_name":"Cursed Tome","player_choice":"Ignored","floor":19,"damage_taken":0},{"event_name":"The Mausoleum","player_choice":"Yes","floor":20,"damage_taken":0},{"event_name":"Forgotten Altar","player_choice":"Shed Blood","floor":21,"damage_taken":0},{"event_name":"Vampires","player_choice":"Ignored","floor":22,"damage_taken":0},{"event_name":"Drug Dealer","player_choice":"Ignored","floor":29,"damage_taken":0},{"event_name":"The Lab","player_choice":"Got Potions","floor":38,"damage_taken":0},{"event_name":"Winding Halls","player_choice":"Embrace Madness","floor":39,"damage_taken":0}],"boss_relics":[{"not_picked":["Tiny House","Eternal Feather"],"picked":"Ectoplasm"},{"not_picked":["Snecko Eye","Cursed Key","Runic Pyramid"]}],"potions_floor_spawned":[3,4,11,18,28,31,35,37,48],"seed_played":"2935366963670827924","is_trial":false}