{"path_per_floor":["M","?","M","$","?","R","M","M","T","E","M","R","M","?","R","B",null,"M","$","M","$","?","R","$","?","T","R","M","M","?","E","R","B",null,"M","M","?","M","?","R","M","R","T","R","?","M","$","M","R","B"],"character_chosen":"THE_SILENT","items_purchased":["Backflip","Frozen Eye"],"gold_per_floor":[17,17,32,32,32,32,50,60,60,91,107,107,125,125,125,221,221,231,156,167,40,40,40,40,40,115,115,134,146,146,176,176,277,277,295,310,310,329,381,381,399,399,426,426,426,439,18,33,33,33],"floor_reached":51,"campfire_rested":2,"playtime":4784,"current_hp_per_floor":[70,75,71,71,71,71,71,64,64,43,43,43,43,28,50,22,75,75,75,72,72,72,72,72,75,75,75,75,70,70,77,77,77,82,82,82,82,82,80,80,80,80,80,79,69,69,69,68,79,79],"items_purged":["Strike_G","Defend_G","Survivor"],"gold":33,"play_id":"834690b1-c7bb-4a0c-b697-0761eca22885","is_prod":false,"is_daily":false,"campfire_rituals":0,"campfire_upgraded":5,"is_hardmode":false,"path_taken":["M","?","M","?","?","R","M","M","T","E","?","R","M","?","R","BOSS","M","$","M","?","?","R","$","?","T","R","M","M","?","E","R","BOSS","M","M","?","M","?","R","?","R","T","R","?","M","$","M","R","BOSS"],"build_version":"2018-01-18-PROD4","purchased_purges":4,"victory":true,"master_deck":["Strike_G","Neutralize","Bullet Time","Flying Knee","Cloak And Dagger","Dash","Backflip","A Thousand Cuts","Dagger Spray","Dagger Throw","Backflip","Dash","Terror","Prepared","Madness","Madness","Acrobatics"],"max_hp_per_floor":[70,75,75,75,75,75,75,75,75,75,75,75,75,75,75,75,75,75,75,75,75,75,75,75,75,75,75,75,75,75,82,82,82,82,82,82,82,82,82,82,82,82,82,79,79,79,79,79,79,79],"relics":["Ring of the Snake","Gambling Chip","Molten Egg","Astrolabe","Mercury Hourglass","Strawberry","Cursed Key","Peace Pipe","Blood Vial","Frozen Eye"],"campfire_meditates":0,"card_choices":[{"not_picked":["Tactician","Envenom"],"picked":"Bullet Time"},{"not_picked":["Caltrops","Deflect"],"picked":"Flying Knee"},{"not_picked":["Caltrops","Underhanded Strike"],"picked":"Cloak And Dagger"},{"not_picked":["Dodge and Roll","Eviscerate"],"picked":"Dash"},{"not_picked":["Doppelganger","PiercingWail"],"picked":"Backflip"},{"not_picked":["Unload","Phantasmal Killer"],"picked":"A Thousand Cuts"},{"not_picked":["Setup","Crippling Poison"],"picked":"Terror"},{"not_picked":["Choke","All Out Attack"],"picked":"Prepared"},{"not_picked":["Reflex","PiercingWail"],"picked":"Acrobatics"}],"player_experience":424444,"potions_floor_usage":[10,10,20,46,50,50,50],"damage_taken":[{"damage":0,"enemies":"2 Louse","floor":1,"turns":3},{"damage":4,"enemies":"Cultist","floor":3,"turns":4},{"damage":0,"enemies":"Jaw Worm","floor":7,"turns":6},{"damage":7,"enemies":"Lots of Slimes","floor":8,"turns":5},{"damage":21,"enemies":"Lagavulin","floor":10,"turns":6},{"damage":0,"enemies":"3 Louse","floor":11,"turns":3},{"damage":0,"enemies":"Exordium Thugs","floor":13,"turns":4},{"damage":28,"enemies":"Slime Boss","floor":16,"turns":16},{"damage":0,"enemies":"3 Byrds","floor":18,"turns":4},{"damage":3,"enemies":"Chosen","floor":20,"turns":5},{"damage":0,"enemies":"Snecko","floor":28,"turns":3},{"damage":5,"enemies":"Snake Plant","floor":29,"turns":4},{"damage":0,"enemies":"Gremlin Leader","floor":31,"turns":4},{"damage":0,"enemies":"Collector","floor":33,"turns":6},{"damage":0,"enemies":"Orb Walker","floor":35,"turns":3},{"damage":0,"enemies":"3 Darklings","floor":36,"turns":2},{"damage":0,"enemies":"Maw","floor":38,"turns":5},{"damage":2,"enemies":"Mysterious Sphere","floor":39,"turns":4},{"damage":0,"enemies":"4 Shapes","floor":41,"turns":2},{"damage":2,"enemies":"Sphere and 2 Shapes","floor":46,"turns":4},{"damage":3,"enemies":"Maw","floor":48,"turns":5},{"damage":0,"enemies":"Donu and Deca","floor":50,"turns":6}],"event_choices":[{"event_name":"Big Fish","player_choice":"Donut","floor":2,"damage_taken":0},{"event_name":"Upgrade Shrine","player_choice":"Upgraded","floor":5,"damage_taken":0},{"event_name":"Shining Light","player_choice":"Entered Light","floor":14,"damage_taken":0},{"event_name":"The Library","player_choice":"Read","floor":22,"damage_taken":0},{"event_name":"Bonfire Elementals","player_choice":"UNCOMMON","floor":25,"damage_taken":0},{"event_name":"Back to Basics","player_choice":"Elegance","floor":30,"damage_taken":0},{"event_name":"Purifier","player_choice":"One Purge","floor":37,"damage_taken":0},{"event_name":"Mysterious Sphere","player_choice":"Fight","floor":39,"damage_taken":0},{"event_name":"Winding Halls","player_choice":"Embrace Madness","floor":45,"damage_taken":0}],"boss_relics":[{"not_picked":["Question Card","White Beast Statue"],"picked":"Astrolabe"},{"not_picked":["Snecko Eye","Calling Bell"],"picked":"Cursed Key"}],"potions_floor_spawned":[7,8,10,11,13,28,31,36,39,46],"seed_played":"1625327084763568416","is_trial":false}