{"path_per_floor":["M","M","?","?","M","R","E","M","T","M","$","?","R","?","R","B",null,"M","?","?","?","$","R","?","E","T","M","?","?","M","M","R","B",null,"M","?","$","M","M","R","?","R","T","?","M","R","M","M","R","B"],"character_chosen":"THE_SILENT","items_purchased":["Accuracy","Juzu Bracelet"],"gold_per_floor":[210,230,230,230,240,240,269,287,287,300,7,0,0,27,27,123,123,141,141,141,141,41,41,41,70,70,86,86,86,96,110,110,212,212,226,226,101,120,132,132,132,132,200,200,214,214,234,253,253,253],"floor_reached":51,"campfire_rested":4,"playtime":5578,"current_hp_per_floor":[53,53,53,50,49,49,1,6,6,4,4,4,24,27,47,41,61,45,45,29,51,51,51,51,59,59,59,59,50,48,46,46,36,63,51,51,51,51,41,41,31,67,67,67,46,46,31,18,54,38],"items_purged":["Strike_G","All Out Attack","All Out Attack"],"gold":253,"play_id":"52a9cf25-8b26-4258-8842-bcd500bbb823","is_prod":false,"is_daily":false,"is_ascension_mode":true,"campfire_upgraded":5,"path_taken":["M","M","?","?","M","R","E","M","T","M","$","?","R","?","R","BOSS","M","?","?","?","$","R","?","E","T","M","?","?","M","M","R","BOSS","M","?","$","M","M","R","?","R","T","?","M","R","M","M","R","BOSS"],"build_version":"2018-01-25-PROD3","purchased_purges":3,"victory":true,"master_deck":["Survivor","Neutralize+1","Cloak And Dagger+1","Infinite Blades","Adrenaline","Deflect","Accuracy+1","Terror+1","After Image","Cloak And Dagger+1","Acrobatics","Quick Slash","Bouncing Flask","Leg Sweep","Infinite Blades","Accuracy","Backflip","After Image","Madness","Madness","Cloak And Dagger+1"],"max_hp_per_floor":[70,70,67,67,67,67,67,67,67,67,67,67,67,67,67,67,67,67,67,67,67,67,67,67,67,67,67,67,72,72,72,72,72,72,72,72,72,72,72,72,72,72,72,72,72,72,72,72,72,72],"relics":["Ring of the Snake","Orichalcum","Frozen Eye","Shuriken","Juzu Bracelet","Odd Mushroom","Pandora\u0027s Box","Nilry\u0027s Codex","Regal Pillow","Tingsha","Philosopher\u0027s Stone","Blue Candle"],"card_choices":[{"not_picked":["Acrobatics","Poisoned Stab"],"picked":"Cloak And Dagger"},{"not_picked":["Dagger Throw","Acrobatics"],"picked":"Infinite Blades"},{"not_picked":["Doppelganger","Skewer"],"picked":"Adrenaline"},{"not_picked":["Underhanded Strike","Calculated Gamble"],"picked":"Slice"},{"not_picked":["Backstab","Poisoned Stab"],"picked":"Deflect"},{"not_picked":["Leg Sweep","Slice"],"picked":"Terror"},{"not_picked":["Die Die Die","Bullet Time"],"picked":"After Image"},{"not_picked":["Endless Agony","Choke"],"picked":"Backflip"},{"not_picked":["Venomology","Wraith Form"],"picked":"After Image"},{"not_picked":["Bane","Backflip"],"picked":"Cloak And Dagger"}],"player_experience":743103,"potions_floor_usage":[8,14,16,25,31,31,50,50,50],"damage_taken":[{"damage":10,"enemies":"Jaw Worm","floor":1,"turns":6},{"damage":0,"enemies":"Cultist","floor":2,"turns":5},{"damage":1,"enemies":"2 Louse","floor":5,"turns":3},{"damage":48,"enemies":"Lagavulin","floor":7,"turns":10},{"damage":1,"enemies":"2 Fungi Beasts","floor":8,"turns":3},{"damage":2,"enemies":"Looter","floor":10,"turns":4},{"damage":9,"enemies":"The Mushroom Lair","floor":14,"turns":5},{"damage":6,"enemies":"Hexaghost","floor":16,"turns":8},{"damage":16,"enemies":"2 Thieves","floor":18,"turns":4},{"damage":1,"enemies":"Book of Stabbing","floor":25,"turns":4},{"damage":0,"enemies":"Shell Parasite","floor":27,"turns":5},{"damage":2,"enemies":"Snake Plant","floor":30,"turns":5},{"damage":2,"enemies":"3 Cultists","floor":31,"turns":4},{"damage":10,"enemies":"Champ","floor":33,"turns":8},{"damage":12,"enemies":"3 Darklings","floor":35,"turns":5},{"damage":0,"enemies":"Orb Walker","floor":38,"turns":3},{"damage":10,"enemies":"3 Darklings","floor":39,"turns":5},{"damage":21,"enemies":"Sphere and 2 Shapes","floor":45,"turns":5},{"damage":15,"enemies":"4 Shapes","floor":47,"turns":5},{"damage":13,"enemies":"3 Darklings","floor":48,"turns":5},{"damage":16,"enemies":"Donu and Deca","floor":50,"turns":9}],"event_choices":[{"event_name":"Wheel of Change","player_choice":"Card Removal","floor":3,"damage_taken":0},{"event_name":"Scrap Ooze","player_choice":"success","floor":4,"damage_taken":3},{"event_name":"World of Goop","player_choice":"Left","floor":12,"damage_taken":0},{"event_name":"Mushrooms","player_choice":"Fought Mushrooms","floor":14,"damage_taken":0},{"event_name":"The Mausoleum","player_choice":"No","floor":19,"damage_taken":0},{"event_name":"Cursed Tome","player_choice":"Obtained Book","floor":20,"damage_taken":0},{"event_name":"The Library","player_choice":"Heal","floor":21,"damage_taken":0},{"event_name":"Addict","player_choice":"Ignored","floor":24,"damage_taken":0},{"event_name":"N\u0027loth","player_choice":"Ignored","floor":28,"damage_taken":0},{"event_name":"Forgotten Altar","player_choice":"Shed Blood","floor":29,"damage_taken":0},{"event_name":"Tomb of Lord Red Mask","player_choice":"Ignored","floor":36,"damage_taken":0},{"event_name":"Winding Halls","player_choice":"Embrace Madness","floor":41,"damage_taken":0}],"boss_relics":[{"not_picked":["Runic Dome","Black Star"],"picked":"Pandora\u0027s Box"},{"not_picked":["Cursed Key","White Beast Statue"],"picked":"Philosopher\u0027s Stone"}],"potions_floor_spawned":[7,8,10,14,25,27,31,35,48],"seed_played":"8213170635970711523","ascension_level":10,"is_trial":false}