{"path_per_floor":["M","?","M","M","M","R","E","R","T","$","M","M","$","M","R","B",null,"M","$","?","T","?","R","?","M","T","M","M","R","$","M","R","B",null,"M","?","M","?","M","R","M","$","T","$","R","M","?","M","R","B"],"character_chosen":"THE_SILENT","items_purchased":["Footwork"],"gold_per_floor":[112,112,131,149,159,159,187,187,187,112,129,144,44,61,61,158,158,171,46,46,72,72,72,252,269,269,283,301,301,151,169,199,303,303,313,313,324,324,344,344,363,188,188,115,115,129,129,144,144,144],"floor_reached":51,"campfire_rested":3,"playtime":32732,"current_hp_per_floor":[70,63,63,58,54,54,41,41,41,41,38,18,18,18,39,36,70,60,60,44,44,67,67,46,46,46,38,35,56,56,56,56,51,70,70,70,64,64,64,64,64,64,64,64,64,64,54,54,70,39],"items_purged":["Strike_G","Strike_G","Strike_G","Strike_G","Defend_G"],"gold":144,"play_id":"a8433d9f-b394-4d94-bd26-6c277c3b8f33","is_prod":false,"is_daily":false,"is_ascension_mode":false,"campfire_upgraded":4,"path_taken":["M","?","?","?","M","R","E","R","T","$","?","?","?","M","R","BOSS","M","$","?","?","?","R","?","M","T","M","?","R","?","M","R","BOSS","M","?","M","?","M","R","M","?","T","$","R","M","?","?","R","BOSS"],"build_version":"2018-01-25-PROD3","purchased_purges":5,"victory":true,"master_deck":["Defend_G","Defend_G","Defend_G","Defend_G","Survivor","Neutralize+1","Dagger Throw","Skewer+1","Backflip+1","Backflip","Noxious Fumes+1","Deflect","Deflect","Sucker Punch","Noxious Fumes","Leg Sweep","Escape Plan","After Image","Dash+1","Backflip+1","Footwork+1","After Image","Footwork","Madness","Madness","Backflip"],"max_hp_per_floor":[70,70,70,70,70,70,70,70,70,70,70,70,70,70,70,70,70,70,70,70,70,70,70,70,70,70,70,70,70,70,70,70,70,70,70,70,70,70,70,70,70,70,70,70,70,70,70,70,70,70],"relics":["Ring of the Snake","Paper Crane","Shovel","Orrery","Nilry\u0027s Codex","Art of War","Lantern","Tiny Chest","Philosopher\u0027s Stone","Unceasing Top","Peace Pipe"],"card_choices":[{"not_picked":["Escape Plan","All Out Attack"],"picked":"Flying Knee"},{"not_picked":["Deflect","Sucker Punch"],"picked":"Dagger Throw"},{"not_picked":["Poisoned Stab","Backstab"],"picked":"Skewer"},{"not_picked":["A Thousand Cuts","Caltrops"],"picked":"Backflip"},{"not_picked":["Leg Sweep","Reflex"],"picked":"Backflip"},{"not_picked":["Backstab","Flying Knee"],"picked":"Noxious Fumes"},{"not_picked":["Acrobatics","Distraction"],"picked":"Deflect"},{"not_picked":["Dagger Spray","Slice"],"picked":"Deflect"},{"not_picked":["Dagger Throw","Prepared"],"picked":"Sucker Punch"},{"not_picked":["Predator","Die Die Die"],"picked":"Noxious Fumes"},{"not_picked":["Crippling Poison","Outmaneuver"],"picked":"Leg Sweep"},{"not_picked":["Prepared","Dodge and Roll"],"picked":"Escape Plan"},{"not_picked":["Envenom","Glass Knife"],"picked":"After Image"},{"not_picked":["Underhanded Strike","Eviscerate"],"picked":"Dash"},{"not_picked":["Heel Hook","Choke"],"picked":"Backflip"},{"not_picked":["PiercingWail","Dagger Spray"],"picked":"Footwork"},{"not_picked":["Deflect","Underhanded Strike"],"picked":"After Image"},{"not_picked":["Accuracy","Finisher"],"picked":"Backflip"}],"player_experience":619287,"potions_floor_usage":[7,16,25,27,33,35,46,50,50],"damage_taken":[{"damage":0,"enemies":"Cultist","floor":1,"turns":4},{"damage":0,"enemies":"Blue Slaver","floor":3,"turns":4},{"damage":5,"enemies":"Small Slimes","floor":4,"turns":4},{"damage":4,"enemies":"Exordium Wildlife","floor":5,"turns":4},{"damage":13,"enemies":"Lagavulin","floor":7,"turns":6},{"damage":3,"enemies":"Gremlin Gang","floor":11,"turns":5},{"damage":20,"enemies":"Exordium Thugs","floor":12,"turns":5},{"damage":0,"enemies":"Large Slime","floor":14,"turns":2},{"damage":3,"enemies":"Hexaghost","floor":16,"turns":9},{"damage":10,"enemies":"3 Byrds","floor":18,"turns":5},{"damage":0,"enemies":"Chosen","floor":25,"turns":6},{"damage":8,"enemies":"Sentry and Sphere","floor":27,"turns":9},{"damage":3,"enemies":"3 Cultists","floor":28,"turns":7},{"damage":0,"enemies":"Snake Plant","floor":31,"turns":5},{"damage":5,"enemies":"Automaton","floor":33,"turns":11},{"damage":0,"enemies":"3 Darklings","floor":35,"turns":6},{"damage":6,"enemies":"3 Shapes","floor":37,"turns":5},{"damage":0,"enemies":"3 Darklings","floor":39,"turns":5},{"damage":0,"enemies":"Maw","floor":41,"turns":9},{"damage":0,"enemies":"4 Shapes","floor":46,"turns":8},{"damage":0,"enemies":"Sphere and 2 Shapes","floor":48,"turns":6},{"damage":31,"enemies":"Awakened One","floor":50,"turns":18}],"event_choices":[{"event_name":"Golden Wing","player_choice":"Card Removal","floor":2,"damage_taken":0},{"event_name":"Cursed Tome","player_choice":"Obtained Book","floor":20,"damage_taken":0},{"event_name":"The Library","player_choice":"Heal","floor":22,"damage_taken":0},{"event_name":"Knowing Skull","player_choice":"GOLD GOLD ","floor":24,"damage_taken":0},{"event_name":"Tomb of Lord Red Mask","player_choice":"Ignored","floor":38,"damage_taken":0},{"event_name":"Winding Halls","player_choice":"Embrace Madness","floor":47,"damage_taken":0}],"boss_relics":[{"not_picked":["White Beast Statue","The Specimen"],"picked":"Orrery"},{"not_picked":["Astrolabe","Snecko Eye"],"picked":"Philosopher\u0027s Stone"}],"potions_floor_spawned":[4,5,11,12,14,28,31,35,37,41],"seed_played":"3550944318160642454","ascension_level":0,"is_trial":false}