{"path_per_floor":["M","?","$","?","M","R","$","R","T","M","?","?","M","M","R","B",null,"M","M","?","M","M","R","M","R","T","R","M","R","M","E","R","B",null,"M","M","?","$","M","M","M","R","T","M","?","M","$","?","R","B"],"character_chosen":"THE_SILENT","items_purchased":["Footwork","Strawberry"],"gold_per_floor":[119,119,44,144,155,155,55,55,55,73,73,23,36,49,49,148,148,165,183,183,194,213,213,224,224,224,224,244,244,261,288,288,392,392,404,420,420,78,93,111,126,126,182,202,202,219,69,69,69,69],"floor_reached":51,"campfire_rested":1,"playtime":4767,"current_hp_per_floor":[70,70,70,70,70,70,70,70,70,70,63,63,55,51,51,49,70,70,70,70,70,70,70,66,66,66,66,66,66,61,54,54,52,70,69,69,69,76,72,72,72,72,72,72,62,62,62,62,77,76],"items_purged":["Strike_G","Strike_G","Defend_G","Decay"],"gold":69,"play_id":"3a4fe592-97e8-4422-b3c3-d2f8b21f7c3e","is_prod":false,"is_daily":false,"is_ascension_mode":false,"campfire_upgraded":9,"path_taken":["M","?","$","?","M","R","$","R","T","?","?","?","M","M","R","BOSS","M","M","?","?","M","R","M","R","T","R","M","R","M","E","R","BOSS","M","M","?","$","M","M","M","R","T","M","?","?","?","?","R","BOSS"],"build_version":"2018-01-25-PROD3","purchased_purges":4,"victory":true,"master_deck":["Defend_G","Defend_G","Defend_G","Defend_G","Survivor+1","Neutralize+1","Well Laid Plans+1","Footwork+1","Deadly Poison+1","Deadly Poison+1","Predator+1","Footwork+1","After Image","Backflip+1","Parasite","Footwork+1","Deadly Poison+1","Deflect+1","Madness"],"max_hp_per_floor":[70,70,70,70,70,70,70,70,70,70,70,70,70,70,70,70,70,70,70,70,70,70,70,70,70,70,70,70,70,70,70,70,70,70,70,70,70,77,77,77,77,77,77,77,77,77,77,77,77,77],"relics":["Ring of the Snake","Unceasing Top","Cursed Key","Toxic Egg","Prayer Wheel","Lizard Tail","Strawberry","Tiny Chest"],"card_choices":[{"not_picked":["Cloak And Dagger","Flying Knee"],"picked":"Well Laid Plans"},{"not_picked":["Poisoned Stab","Catalyst"],"picked":"Footwork"},{"not_picked":["Prepared","Concentrate"],"picked":"Deadly Poison"},{"not_picked":["Well Laid Plans","Dagger Throw"],"picked":"Deadly Poison"},{"not_picked":["Accuracy","Leg Sweep"],"picked":"Predator"},{"not_picked":["Dagger Throw","Cloak And Dagger"],"picked":"Footwork"},{"not_picked":["Grand Finale","Envenom"],"picked":"After Image"},{"not_picked":["Flying Knee","Cloak And Dagger"],"picked":"Backflip"},{"not_picked":["Cloak And Dagger","Dodge and Roll"],"picked":"Deadly Poison"},{"not_picked":["Dagger Spray","Outmaneuver"],"picked":"Deflect"}],"player_experience":823174,"potions_floor_usage":[24,31,31,31,50,50,50],"damage_taken":[{"damage":0,"enemies":"Small Slimes","floor":1,"turns":4},{"damage":0,"enemies":"2 Louse","floor":5,"turns":3},{"damage":0,"enemies":"Blue Slaver","floor":10,"turns":4},{"damage":8,"enemies":"Lots of Slimes","floor":13,"turns":5},{"damage":4,"enemies":"Exordium Wildlife","floor":14,"turns":5},{"damage":2,"enemies":"Hexaghost","floor":16,"turns":10},{"damage":0,"enemies":"Spheric Guardian","floor":18,"turns":6},{"damage":0,"enemies":"Shell Parasite","floor":19,"turns":5},{"damage":0,"enemies":"Centurion and Healer","floor":21,"turns":8},{"damage":0,"enemies":"Snecko","floor":22,"turns":6},{"damage":4,"enemies":"3 Cultists","floor":24,"turns":7},{"damage":0,"enemies":"Snake Plant","floor":28,"turns":4},{"damage":5,"enemies":"Snecko","floor":30,"turns":7},{"damage":7,"enemies":"Slavers","floor":31,"turns":9},{"damage":2,"enemies":"Automaton","floor":33,"turns":15},{"damage":1,"enemies":"3 Darklings","floor":35,"turns":6},{"damage":0,"enemies":"Orb Walker","floor":36,"turns":5},{"damage":4,"enemies":"3 Darklings","floor":39,"turns":7},{"damage":0,"enemies":"4 Shapes","floor":40,"turns":9},{"damage":0,"enemies":"Maw","floor":41,"turns":8},{"damage":0,"enemies":"3 Darklings","floor":44,"turns":7},{"damage":0,"enemies":"Sphere and 2 Shapes","floor":46,"turns":8},{"damage":1,"enemies":"Time Eater","floor":50,"turns":15}],"event_choices":[{"event_name":"Living Wall","player_choice":"Forget","floor":2,"damage_taken":0},{"event_name":"Golden Shrine","player_choice":"Pray","floor":4,"damage_taken":0},{"event_name":"Golden Wing","player_choice":"Card Removal","floor":11,"damage_taken":0},{"event_name":"The Cleric","player_choice":"Card Removal","floor":12,"damage_taken":0},{"event_name":"The Lab","player_choice":"Got Potions","floor":20,"damage_taken":0},{"event_name":"Mysterious Sphere","player_choice":"Ignore","floor":37,"damage_taken":0},{"event_name":"Winding Halls","player_choice":"Embrace Madness","floor":45,"damage_taken":0}],"boss_relics":[{"not_picked":["Calling Bell","White Beast Statue"],"picked":"Cursed Key"},{"not_picked":["Question Card","Philosopher\u0027s Stone"],"picked":"Lizard Tail"}],"potions_floor_spawned":[5,13,16,18,22,28,33,35,44,46],"seed_played":"-4197443652846919981","ascension_level":0,"is_trial":false}