{"path_per_floor":["M","M","?","M","?","R","?","R","T","M","$","M","R","M","R","B",null,"M","?","M","?","M","E","R","$","T","E","M","M","R","M","R","B",null,"M","T","$","M","?","R","M","R","T","R","?","M","?","$","R","B"],"character_chosen":"THE_SILENT","items_purchased":["Dash","Happy Flower"],"gold_per_floor":[112,131,131,141,141,141,141,141,165,185,110,128,128,148,148,253,253,263,263,283,208,228,257,257,85,85,120,134,152,152,171,171,266,266,277,304,179,189,189,189,207,207,231,231,231,242,242,97,97,97],"floor_reached":51,"campfire_rested":2,"playtime":4316,"current_hp_per_floor":[70,70,70,70,56,56,56,56,56,56,56,56,56,56,56,49,70,70,70,70,70,69,69,69,69,69,60,60,60,60,60,60,43,70,70,70,70,72,72,72,72,72,72,72,72,74,74,74,74,17],"items_purged":["Strike_G","Defend_G","Setup"],"gold":97,"play_id":"ed3048ef-3300-44b4-a328-52b375d728ff","is_prod":false,"is_daily":false,"is_ascension_mode":false,"campfire_upgraded":9,"path_taken":["M","M","?","?","?","R","?","R","T","?","$","M","R","M","R","BOSS","M","?","?","?","M","E","R","$","T","E","M","M","R","?","R","BOSS","M","?","$","M","?","R","M","R","T","R","?","M","?","?","R","BOSS"],"build_version":"2018-01-25-PROD3","purchased_purges":3,"victory":true,"master_deck":["Defend_G+1","Strike_G+1","Survivor+1","Neutralize+1","Terror+1","Dagger Throw+1","Dagger Throw+1","Footwork+1","After Image+1","Cloak And Dagger+1","Backflip+1","Dash+1","Phantasmal Killer+1","Adrenaline+1","Glass Knife+1","Deflect+1"],"max_hp_per_floor":[70,70,70,70,70,70,70,70,70,70,70,70,70,70,70,70,70,70,70,70,70,70,70,70,70,70,70,70,70,70,70,70,70,70,70,70,70,72,72,72,72,72,72,72,72,74,74,74,74,74],"relics":["Ring of the Snake","Anchor","Molten Egg","Sozu","Bag of Preparation","Ice Cream","Whetstone","Astrolabe","Singing Bowl","Oddly Smooth Stone","Happy Flower"],"card_choices":[{"not_picked":["Distraction","Eviscerate"],"picked":"Terror"},{"not_picked":["Riddle With Holes","Unload"],"picked":"Dagger Throw"},{"not_picked":["Dodge and Roll","Skewer"],"picked":"Dagger Throw"},{"not_picked":["Dagger Spray","Deadly Poison"],"picked":"Footwork"},{"not_picked":["Blur","Dagger Throw"],"picked":"Cloak And Dagger"},{"not_picked":["Unload","Phantasmal Killer"],"picked":"After Image"},{"not_picked":["Sucker Punch","Malaise"],"picked":"Backflip"},{"not_picked":["Noxious Fumes","Sucker Punch"],"picked":"Calculated Gamble"},{"not_picked":["Corpse Explosion","Die Die Die"],"picked":"Phantasmal Killer"},{"not_picked":["PiercingWail","Flying Knee"],"picked":"Deflect"}],"player_experience":808902,"potions_floor_usage":[],"damage_taken":[{"damage":0,"enemies":"Small Slimes","floor":1,"turns":4},{"damage":0,"enemies":"Blue Slaver","floor":2,"turns":5},{"damage":0,"enemies":"Jaw Worm","floor":4,"turns":3},{"damage":0,"enemies":"2 Fungi Beasts","floor":10,"turns":3},{"damage":0,"enemies":"3 Louse","floor":12,"turns":2},{"damage":0,"enemies":"Looter","floor":14,"turns":2},{"damage":7,"enemies":"The Guardian","floor":16,"turns":9},{"damage":0,"enemies":"Spheric Guardian","floor":18,"turns":5},{"damage":0,"enemies":"3 Byrds","floor":20,"turns":6},{"damage":1,"enemies":"Slaver and Parasite","floor":22,"turns":7},{"damage":0,"enemies":"Book of Stabbing","floor":23,"turns":6},{"damage":9,"enemies":"Gremlin Leader","floor":27,"turns":6},{"damage":0,"enemies":"Snecko","floor":28,"turns":3},{"damage":0,"enemies":"Centurion and Healer","floor":29,"turns":4},{"damage":0,"enemies":"Chosen and Byrds","floor":31,"turns":5},{"damage":17,"enemies":"Automaton","floor":33,"turns":17},{"damage":0,"enemies":"3 Darklings","floor":35,"turns":5},{"damage":0,"enemies":"3 Shapes","floor":38,"turns":3},{"damage":0,"enemies":"Sphere and 2 Shapes","floor":41,"turns":4},{"damage":0,"enemies":"3 Darklings","floor":46,"turns":5},{"damage":57,"enemies":"Donu and Deca","floor":50,"turns":15}],"event_choices":[{"event_name":"The Woman in Blue","player_choice":"Bought 0 Potions","floor":3,"damage_taken":0},{"event_name":"Shining Light","player_choice":"Entered Light","floor":5,"damage_taken":0},{"event_name":"Living Wall","player_choice":"Forget","floor":7,"damage_taken":0},{"event_name":"Transmorgrifier","player_choice":"Transform","floor":19,"damage_taken":0},{"event_name":"Beggar","player_choice":"Gave Gold","floor":21,"damage_taken":0},{"event_name":"Tomb of Lord Red Mask","player_choice":"Ignored","floor":39,"damage_taken":0},{"event_name":"Wheel of Change","player_choice":"Card Removal","floor":45,"damage_taken":0}],"boss_relics":[{"not_picked":["The Specimen","Black Star"],"picked":"Sozu"},{"not_picked":["Runic Pyramid","Tiny House"],"picked":"Astrolabe"}],"potions_floor_spawned":[1,10,16,18,20,23,41],"seed_played":"9058665916536621740","ascension_level":0,"is_trial":false}