{"path_per_floor":["M","M","?","?","M","E","R","$","T","R","?","M","M","M","R","B",null,"M","M","?","$","$","E","?","R","T","M","M","M","R","M","R","B",null,"M","M","?","M","?","R","M","R","T","M","M","R","$","T","R","B"],"character_chosen":"THE_SILENT","items_purchased":[],"gold_per_floor":[118,130,205,205,216,250,250,175,175,175,125,144,154,164,164,260,260,260,260,260,160,35,35,35,35,35,35,35,35,35,35,35,35,35,35,35,35,35,35,35,35,35,35,35,35,35,35,35,35,35],"floor_reached":51,"campfire_rested":0,"playtime":4051,"current_hp_per_floor":[70,69,58,58,58,50,50,50,50,50,50,50,50,50,50,32,70,66,66,57,57,57,44,69,69,69,69,69,69,69,69,69,69,75,75,75,75,75,75,75,75,75,75,75,75,75,75,75,75,75],"items_purged":["Strike_G","Strike_G","Strike_G"],"gold":35,"play_id":"0c6262ee-e92c-4332-a2d4-fd1306000667","is_prod":false,"is_daily":false,"is_ascension_mode":false,"campfire_upgraded":5,"path_taken":["M","M","?","?","M","E","R","$","T","R","?","M","M","M","R","BOSS","M","M","?","?","$","E","?","R","T","M","?","M","R","M","R","BOSS","M","M","?","M","?","R","M","R","T","M","?","R","$","?","R","BOSS"],"build_version":"2018-01-25-PROD3","purchased_purges":3,"victory":true,"master_deck":["Neutralize+1","Dash+1","Backflip","Deflect","Terror+1","Footwork+1","Predator+1","Deflect","After Image","Blur","Well Laid Plans+1","Backflip+1","Die Die Die","Quick Slash+1"],"max_hp_per_floor":[70,70,70,70,70,70,70,70,70,70,70,70,70,70,70,70,70,70,70,75,75,75,75,75,75,75,75,75,75,75,75,75,75,75,75,75,75,75,75,75,75,75,75,75,75,75,75,75,75,75],"relics":["Ring of the Snake","Prayer Wheel","Peace Pipe","Bag of Preparation","Ectoplasm","Smiling Mask","Bottled Tornado","Sozu","Unceasing Top","Ancient Tea Set"],"card_choices":[{"not_picked":["Flying Knee","Well Laid Plans"],"picked":"Dash"},{"not_picked":["Poisoned Stab","Noxious Fumes"],"picked":"Backflip"},{"not_picked":["Slice","Corpse Explosion"],"picked":"Deflect"},{"not_picked":["Sucker Punch","Crippling Poison"],"picked":"Terror"},{"not_picked":["Dash","Catalyst"],"picked":"Footwork"},{"not_picked":["Flying Knee","Malaise"],"picked":"Predator"},{"not_picked":["Acrobatics","Deadly Poison"],"picked":"Deflect"},{"not_picked":["Corpse Explosion","Bullet Time"],"picked":"After Image"},{"not_picked":["Deflect","Deadly Poison"],"picked":"Blur"},{"not_picked":["Deflect","Deadly Poison"],"picked":"Well Laid Plans"},{"not_picked":["Dagger Spray","Prepared"],"picked":"Backflip"},{"not_picked":["Grand Finale","Storm of Steel"],"picked":"Die Die Die"},{"not_picked":["Catalyst","Dagger Spray"],"picked":"Quick Slash"}],"player_experience":833158,"potions_floor_usage":[6,6,23,23,33],"damage_taken":[{"damage":0,"enemies":"Jaw Worm","floor":1,"turns":4},{"damage":1,"enemies":"2 Louse","floor":2,"turns":3},{"damage":0,"enemies":"Cultist","floor":5,"turns":3},{"damage":8,"enemies":"3 Sentries","floor":6,"turns":9},{"damage":0,"enemies":"2 Fungi Beasts","floor":12,"turns":5},{"damage":0,"enemies":"3 Louse","floor":13,"turns":5},{"damage":0,"enemies":"Exordium Thugs","floor":14,"turns":7},{"damage":18,"enemies":"Hexaghost","floor":16,"turns":13},{"damage":4,"enemies":"Chosen","floor":18,"turns":5},{"damage":0,"enemies":"Shell Parasite","floor":19,"turns":4},{"damage":13,"enemies":"Gremlin Leader","floor":23,"turns":9},{"damage":0,"enemies":"Centurion and Healer","floor":27,"turns":6},{"damage":0,"enemies":"3 Cultists","floor":28,"turns":8},{"damage":0,"enemies":"Sentry and Sphere","floor":29,"turns":8},{"damage":0,"enemies":"Snake Plant","floor":31,"turns":4},{"damage":0,"enemies":"Collector","floor":33,"turns":17},{"damage":0,"enemies":"Orb Walker","floor":35,"turns":3},{"damage":0,"enemies":"3 Shapes","floor":36,"turns":5},{"damage":0,"enemies":"Maw","floor":38,"turns":8},{"damage":0,"enemies":"3 Darklings","floor":41,"turns":5},{"damage":0,"enemies":"4 Shapes","floor":44,"turns":5},{"damage":0,"enemies":"Maw","floor":45,"turns":7},{"damage":0,"enemies":"Time Eater","floor":50,"turns":14}],"event_choices":[{"event_name":"World of Goop","player_choice":"Gather Gold","floor":3,"damage_taken":0},{"event_name":"Living Wall","player_choice":"Forget","floor":4,"damage_taken":0},{"event_name":"The Cleric","player_choice":"Card Removal","floor":11,"damage_taken":0},{"event_name":"Forgotten Altar","player_choice":"Shed Blood","floor":20,"damage_taken":0},{"event_name":"The Library","player_choice":"Heal","floor":24,"damage_taken":0},{"event_name":"Mysterious Sphere","player_choice":"Ignore","floor":37,"damage_taken":0}],"boss_relics":[{"not_picked":["Philosopher\u0027s Stone","Runic Pyramid"],"picked":"Ectoplasm"},{"not_picked":["Velvet Choker","Tiny House"],"picked":"Sozu"}],"potions_floor_spawned":[1,5,13,16,18,23,28,29,33,35,41],"seed_played":"-2916689747260978014","ascension_level":0,"is_trial":false}