{"path_per_floor":["M","$","?","$","T","R","M","M","T","R","E","R","?","?","R","B",null,"M","M","T","$","?","R","M","M","T","R","E","M","E","$","R","B",null,"M","M","M","?","M","R","T","R","T","?","$","M","R","M","R","B"],"character_chosen":"THE_SILENT","items_purchased":[],"gold_per_floor":[113,38,38,38,38,38,51,70,94,94,119,119,119,119,119,219,219,219,144,144,44,44,44,44,44,44,44,44,44,44,44,44,44,44,44,44,44,44,44,44,44,44,44,44,44,44,44,44,44,44],"floor_reached":51,"campfire_rested":2,"playtime":5024,"current_hp_per_floor":[70,70,63,63,63,63,63,63,63,63,52,52,38,38,59,51,70,70,69,69,69,69,69,69,69,69,69,69,69,69,69,69,69,70,70,70,70,70,70,70,70,70,70,60,60,49,70,69,69,54],"items_purged":["Strike_G","Strike_G"],"gold":44,"play_id":"0ed0322b-f18f-4931-a884-5d07b5b39f8e","is_prod":false,"is_daily":false,"is_ascension_mode":false,"campfire_upgraded":9,"path_taken":["M","$","?","?","?","R","M","M","T","R","E","R","?","?","R","BOSS","M","M","?","?","?","R","M","M","T","R","E","M","E","$","R","BOSS","M","M","M","?","M","R","?","R","T","?","?","M","R","M","R","BOSS"],"build_version":"2018-01-25-PROD3","purchased_purges":2,"victory":true,"master_deck":["Defend_G+1","Defend_G+1","Defend_G+1","Defend_G","Strike_G","Strike_G+1","Survivor+1","Neutralize+1","Backflip+1","Footwork+1","Infinite Blades","PiercingWail","Adrenaline+1","Poisoned Stab+1","Well Laid Plans+1","Acrobatics+1","Dagger Spray+1","A Thousand Cuts+1","A Thousand Cuts+1","Outmaneuver+1","Infinite Blades","Footwork+1","Madness","Madness","Bane+1","Tools of the Trade+1"],"max_hp_per_floor":[70,70,70,70,70,70,70,70,70,70,70,70,70,70,70,70,70,70,70,70,70,70,70,70,70,70,70,70,70,70,70,70,70,70,70,70,70,70,70,70,70,70,70,70,70,70,70,70,70,70],"relics":["Ring of the Snake","Ice Cream","Lantern","Frozen Eye","Ectoplasm","Thread and Needle","Pen Nib","Tiny Chest","Juzu Bracelet","Orrery","Torii","Unceasing Top"],"card_choices":[{"not_picked":["Masterful Stab","Storm of Steel"],"picked":"Backflip"},{"not_picked":["Quick Slash","Choke"],"picked":"Footwork"},{"not_picked":["Leg Sweep","Eviscerate"],"picked":"Infinite Blades"},{"not_picked":["Storm of Steel","Reflex"],"picked":"PiercingWail"},{"not_picked":["Wraith Form","Tactician"],"picked":"Adrenaline"},{"not_picked":["All Out Attack","Crippling Poison"],"picked":"Poisoned Stab"},{"not_picked":["Poisoned Stab","Heel Hook"],"picked":"Well Laid Plans"},{"not_picked":["Slice","Underhanded Strike"],"picked":"Acrobatics"},{"not_picked":["PiercingWail","Acrobatics"],"picked":"Dagger Spray"},{"not_picked":["Storm of Steel","Poisoned Stab"],"picked":"A Thousand Cuts"},{"not_picked":["Die Die Die","Storm of Steel"],"picked":"A Thousand Cuts"},{"not_picked":["Cloak And Dagger","PiercingWail"],"picked":"Outmaneuver"},{"not_picked":["Deflect","Predator"],"picked":"Infinite Blades"},{"not_picked":["Deflect","Backflip"],"picked":"Footwork"},{"not_picked":["Crippling Poison","Deadly Poison"],"picked":"Bane"},{"not_picked":["Outmaneuver","Poisoned Stab"],"picked":"Tools of the Trade"}],"player_experience":818150,"potions_floor_usage":[35,50,50,50],"damage_taken":[{"damage":0,"enemies":"Jaw Worm","floor":1,"turns":4},{"damage":0,"enemies":"Blue Slaver","floor":7,"turns":6},{"damage":0,"enemies":"Cultist","floor":8,"turns":4},{"damage":11,"enemies":"Gremlin Nob","floor":11,"turns":6},{"damage":8,"enemies":"Slime Boss","floor":16,"turns":19},{"damage":0,"enemies":"Spheric Guardian","floor":18,"turns":6},{"damage":1,"enemies":"2 Thieves","floor":19,"turns":5},{"damage":0,"enemies":"Centurion and Healer","floor":24,"turns":7},{"damage":0,"enemies":"Snake Plant","floor":25,"turns":4},{"damage":0,"enemies":"Gremlin Leader","floor":28,"turns":6},{"damage":0,"enemies":"Chosen and Byrds","floor":29,"turns":4},{"damage":0,"enemies":"Book of Stabbing","floor":30,"turns":5},{"damage":0,"enemies":"Collector","floor":33,"turns":8},{"damage":0,"enemies":"3 Darklings","floor":35,"turns":2},{"damage":0,"enemies":"Orb Walker","floor":36,"turns":4},{"damage":0,"enemies":"3 Darklings","floor":37,"turns":3},{"damage":0,"enemies":"4 Shapes","floor":39,"turns":4},{"damage":11,"enemies":"Sphere and 2 Shapes","floor":46,"turns":4},{"damage":1,"enemies":"3 Darklings","floor":48,"turns":3},{"damage":15,"enemies":"Awakened One","floor":50,"turns":9}],"event_choices":[{"event_name":"Golden Wing","player_choice":"Card Removal","floor":3,"damage_taken":0},{"event_name":"Shining Light","player_choice":"Entered Light","floor":13,"damage_taken":0},{"event_name":"Living Wall","player_choice":"Forget","floor":14,"damage_taken":0},{"event_name":"Beggar","player_choice":"Ignored","floor":22,"damage_taken":0},{"event_name":"Mysterious Sphere","player_choice":"Ignore","floor":38,"damage_taken":0},{"event_name":"Winding Halls","player_choice":"Embrace Madness","floor":44,"damage_taken":0}],"boss_relics":[{"not_picked":["The Specimen","Snecko Eye"],"picked":"Ectoplasm"},{"not_picked":["Black Star","Eternal Feather"],"picked":"Orrery"}],"potions_floor_spawned":[7,18,25,29,30,33,35,36,37],"seed_played":"1553361612737590453","ascension_level":0,"is_trial":false}