{"path_per_floor":["M","?","?","M","$","R","$","?","T","M","R","$","?","T","R","B",null,"M","?","?","M","M","R","T","R","T","M","$","T","?","$","R","B",null,"M","M","T","?","$","R","M","R","T","R","M","$","T","?","R","B"],"character_chosen":"THE_SILENT","items_purchased":["Noxious Fumes","Snake Skull","Regen Potion","Footwork","Footwork"],"gold_per_floor":[119,149,149,168,57,57,57,57,57,72,72,72,72,72,72,176,176,163,163,163,182,201,201,224,224,224,240,44,44,44,44,44,149,179,193,207,233,233,53,53,69,69,69,69,86,13,13,13,13,13],"floor_reached":51,"campfire_rested":4,"playtime":2832,"current_hp_per_floor":[52,45,38,37,37,37,37,37,37,37,37,37,37,37,58,28,60,37,37,28,14,12,34,34,56,56,39,39,39,39,39,39,40,71,44,44,44,44,44,44,31,31,31,55,55,55,55,80,80,76],"items_purged":["Strike_G","Strike_G"],"gold":13,"play_id":"c36e229e-7b1b-4e98-b0af-5ebcd4292671","is_prod":false,"is_daily":false,"is_ascension_mode":true,"campfire_upgraded":2,"path_taken":["M","?","?","?","?","R","$","?","T","M","R","$","?","?","R","BOSS","M","?","?","M","M","R","?","R","T","M","$","?","?","?","R","BOSS","M","M","?","?","$","R","M","R","T","R","M","?","?","?","R","BOSS"],"build_version":"2018-01-25-PROD3","purchased_purges":2,"victory":true,"master_deck":["Defend_G","Defend_G","Defend_G","Defend_G","Defend_G","Survivor","Neutralize+1","Noxious Fumes+1","Noxious Fumes","Well Laid Plans+1","Dash","Escape Plan+1","Dodge and Roll+1","Footwork+1","Footwork","Acrobatics+1"],"max_hp_per_floor":[70,70,70,70,70,70,70,70,70,70,70,70,70,70,70,70,70,70,70,75,75,75,75,75,75,75,75,75,75,75,75,75,75,80,80,80,80,80,80,80,80,80,80,80,80,80,80,80,80,80],"relics":["Ring of the Snake","Tiny Chest","Shovel","Juzu Bracelet","Sundial","Philosopher\u0027s Stone","Oddly Smooth Stone","Ice Cream","Snake Skull","Girya","Gambling Chip","Tiny House","Ancient Tea Set","Lantern","Prayer Wheel","Frozen Eye","Dodecahedron"],"card_choices":[{"not_picked":["Dagger Throw","Prepared"],"picked":"Terror"},{"not_picked":["Acrobatics","Flechettes"],"picked":"Flying Knee"},{"not_picked":["Quick Slash","PiercingWail"],"picked":"Noxious Fumes"},{"not_picked":["Setup","Concentrate"],"picked":"Well Laid Plans"},{"not_picked":["Sucker Punch","Poisoned Stab"],"picked":"Dash"},{"not_picked":["Dodge and Roll","PiercingWail"],"picked":"Escape Plan"},{"not_picked":["Accuracy","Blur"],"picked":"Dodge and Roll"},{"not_picked":["Quick Slash","Catalyst"],"picked":"Acrobatics"}],"player_experience":730695,"potions_floor_usage":[16,22,22,22,33,35,50,50],"damage_taken":[{"damage":11,"enemies":"Jaw Worm","floor":1,"turns":6},{"damage":1,"enemies":"Small Slimes","floor":4,"turns":6},{"damage":0,"enemies":"Cultist","floor":10,"turns":4},{"damage":30,"enemies":"Slime Boss","floor":16,"turns":9},{"damage":23,"enemies":"2 Thieves","floor":18,"turns":5},{"damage":14,"enemies":"Spheric Guardian","floor":21,"turns":5},{"damage":2,"enemies":"3 Cultists","floor":22,"turns":4},{"damage":17,"enemies":"Snake Plant","floor":27,"turns":5},{"damage":14,"enemies":"Automaton","floor":33,"turns":10},{"damage":27,"enemies":"3 Darklings","floor":35,"turns":6},{"damage":0,"enemies":"Orb Walker","floor":36,"turns":5},{"damage":13,"enemies":"4 Shapes","floor":41,"turns":6},{"damage":0,"enemies":"3 Darklings","floor":45,"turns":6},{"damage":4,"enemies":"Time Eater","floor":50,"turns":18}],"event_choices":[{"event_name":"Scrap Ooze","player_choice":"success","floor":2,"damage_taken":7},{"event_name":"Golden Wing","player_choice":"Card Removal","floor":3,"damage_taken":0},{"event_name":"The Lab","player_choice":"Got Potions","floor":8,"damage_taken":0},{"event_name":"Purifier","player_choice":"One Purge","floor":13,"damage_taken":0},{"event_name":"Upgrade Shrine","player_choice":"Upgraded","floor":19,"damage_taken":0},{"event_name":"Forgotten Altar","player_choice":"Shed Blood","floor":20,"damage_taken":0},{"event_name":"Vampires","player_choice":"Ignored","floor":30,"damage_taken":0},{"event_name":"Bonfire Elementals","player_choice":"UNCOMMON","floor":48,"damage_taken":0}],"boss_relics":[{"not_picked":["Question Card","Astrolabe"],"picked":"Philosopher\u0027s Stone"},{"not_picked":["Cursed Key","Velvet Choker"],"picked":"Tiny House"}],"potions_floor_spawned":[1,18,27,36],"seed_played":"-9149629652350417028","ascension_level":7,"is_trial":false}