{"path_per_floor":["M","?","?","M","M","E","R","M","T","E","R","M","R","M","R","B",null,"M","?","M","$","M","R","M","R","T","M","R","M","?","$","R","B",null,"M","?","?","?","M","R","$","M","T","M","?","M","M","E","R","B"],"character_chosen":"THE_SILENT","items_purchased":["War Paint","Shuriken","Bag of Marbles"],"gold_per_floor":[217,217,217,230,241,266,266,284,284,312,312,329,329,347,347,445,445,465,465,475,257,269,269,283,283,307,327,327,337,337,99,99,197,227,238,238,238,238,248,248,0,13,13,24,24,37,47,81,81,81],"floor_reached":51,"campfire_rested":5,"playtime":4267,"current_hp_per_floor":[70,70,56,56,56,24,45,45,45,30,51,51,51,48,48,25,70,65,65,54,54,41,41,13,34,34,16,37,11,11,11,32,19,75,72,72,72,72,72,72,72,72,72,71,71,68,68,68,68,23],"items_purged":["Strike_G","Strike_G"],"gold":81,"play_id":"05a81b1a-53bb-4b79-afe0-1e704a81a93a","is_prod":false,"is_daily":false,"is_ascension_mode":true,"campfire_upgraded":5,"path_taken":["M","?","?","M","M","E","R","M","T","E","R","M","R","M","R","BOSS","M","?","M","$","?","R","M","R","T","M","R","M","?","$","R","BOSS","M","?","?","?","M","R","$","M","T","M","?","M","M","E","R","BOSS"],"build_version":"2018-01-25-PROD3","purchased_purges":2,"victory":true,"master_deck":["Defend_G+1","Defend_G+1","Defend_G","Defend_G","Defend_G","Strike_G+1","Survivor+1","Neutralize","Flying Knee+1","Sucker Punch","Quick Slash+1","Deflect","Deflect","Quick Slash+1","Well Laid Plans+1","Noxious Fumes+1","Tools of the Trade","Outmaneuver","Acrobatics+1","Blade Dance","Acrobatics+1","Infinite Blades+1","Backflip+1","Footwork+1"],"max_hp_per_floor":[70,70,70,70,70,70,70,70,70,70,70,70,70,70,70,70,70,70,70,70,70,70,70,70,70,70,70,70,70,70,70,70,70,75,75,75,75,75,75,75,75,75,75,75,75,75,75,75,75,75],"relics":["Ring of the Snake","Mummified Hand","Ice Cream","Lantern","Philosopher\u0027s Stone","War Paint","Vajra","Shuriken","Tiny House","Bag of Marbles","Tingsha","Unceasing Top"],"card_choices":[{"not_picked":["Burst","Escape Plan"],"picked":"Flying Knee"},{"not_picked":["Acrobatics","Heel Hook"],"picked":"Sucker Punch"},{"not_picked":["Masterful Stab","Underhanded Strike"],"picked":"Quick Slash"},{"not_picked":["Acrobatics","Flying Knee"],"picked":"Deflect"},{"not_picked":["Deadly Poison","Eviscerate"],"picked":"Acrobatics"},{"not_picked":["PiercingWail","Dodge and Roll"],"picked":"Deflect"},{"not_picked":["Heel Hook","Deadly Poison"],"picked":"Quick Slash"},{"not_picked":["Accuracy","Terror"],"picked":"Well Laid Plans"},{"not_picked":["Outmaneuver","Cloak And Dagger"],"picked":"Noxious Fumes"},{"not_picked":["Burst","Phantasmal Killer"],"picked":"Tools of the Trade"},{"not_picked":["Caltrops","Bane"],"picked":"Outmaneuver"},{"not_picked":["Outmaneuver","Bouncing Flask"],"picked":"Acrobatics"},{"not_picked":["Quick Slash","Dagger Throw"],"picked":"Infinite Blades"},{"not_picked":["Die Die Die","Slice"],"picked":"Backflip"},{"not_picked":["Slice","Outmaneuver"],"picked":"Footwork"}],"player_experience":604062,"potions_floor_usage":[6,10,14,18,29,33,33,46,50],"damage_taken":[{"damage":0,"enemies":"Small Slimes","floor":1,"turns":5},{"damage":0,"enemies":"Jaw Worm","floor":4,"turns":4},{"damage":0,"enemies":"Cultist","floor":5,"turns":3},{"damage":47,"enemies":"Lagavulin","floor":6,"turns":9},{"damage":0,"enemies":"3 Louse","floor":8,"turns":3},{"damage":15,"enemies":"3 Sentries","floor":10,"turns":6},{"damage":0,"enemies":"Looter","floor":12,"turns":2},{"damage":3,"enemies":"Exordium Thugs","floor":14,"turns":3},{"damage":23,"enemies":"The Guardian","floor":16,"turns":14},{"damage":5,"enemies":"2 Thieves","floor":18,"turns":3},{"damage":11,"enemies":"Chosen","floor":20,"turns":6},{"damage":13,"enemies":"Snecko","floor":22,"turns":6},{"damage":28,"enemies":"Centurion and Healer","floor":24,"turns":6},{"damage":18,"enemies":"Sentry and Sphere","floor":27,"turns":6},{"damage":26,"enemies":"Snake Plant","floor":29,"turns":5},{"damage":13,"enemies":"Automaton","floor":33,"turns":10},{"damage":3,"enemies":"3 Shapes","floor":35,"turns":5},{"damage":0,"enemies":"3 Darklings","floor":39,"turns":4},{"damage":0,"enemies":"Maw","floor":42,"turns":6},{"damage":1,"enemies":"4 Shapes","floor":44,"turns":6},{"damage":3,"enemies":"Sphere and 2 Shapes","floor":46,"turns":5},{"damage":0,"enemies":"Maw","floor":47,"turns":6},{"damage":0,"enemies":"Giant Head","floor":48,"turns":6},{"damage":45,"enemies":"Time Eater","floor":50,"turns":10}],"event_choices":[{"event_name":"Liars Game","player_choice":"disagreed","floor":2,"damage_taken":0},{"event_name":"Shining Light","player_choice":"Entered Light","floor":3,"damage_taken":0},{"event_name":"Drug Dealer","player_choice":"Ignored","floor":19,"damage_taken":0},{"event_name":"Wheel of Change","player_choice":"Card Removal","floor":30,"damage_taken":0},{"event_name":"Transmorgrifier","player_choice":"Transform","floor":36,"damage_taken":0},{"event_name":"Duplicator","player_choice":"One dupe","floor":37,"damage_taken":0},{"event_name":"The Lab","player_choice":"Got Potions","floor":45,"damage_taken":0}],"boss_relics":[{"not_picked":["Cursed Key","Eternal Feather"],"picked":"Philosopher\u0027s Stone"},{"not_picked":["Velvet Choker","Calling Bell"],"picked":"Tiny House"}],"potions_floor_spawned":[1,4,8,12,14,16,20,27,29,35,39,48],"seed_played":"4391911071346329121","ascension_level":4,"is_trial":false}