{"path_per_floor":["M","?","M","?","$","R","?","R","T","M","$","R","$","T","R","B",null,"M","?","M","M","M","R","M","?","T","R","?","R","M","$","R","B",null,"M","?","M","?","?","R","$","R","T","R","$","M","M","$","R","B"],"character_chosen":"THE_SILENT","items_purchased":[],"gold_per_floor":[112,112,128,128,53,53,76,76,102,114,114,114,14,14,14,109,109,123,38,48,66,83,83,97,97,120,120,320,320,332,207,207,305,305,321,321,334,334,334,334,184,184,211,211,211,222,237,62,62,62],"floor_reached":51,"campfire_rested":3,"playtime":3495,"current_hp_per_floor":[61,61,61,36,36,36,35,35,35,28,28,49,49,49,49,49,65,65,65,55,55,54,54,42,33,33,33,33,70,70,70,70,25,63,63,63,58,58,58,58,58,58,58,58,58,58,47,47,75,56],"items_purged":["Strike_G","Strike_G","Strike_G","Strike_G","Defend_G"],"gold":62,"play_id":"cf48586a-2657-43a6-9670-31e9363e8eb2","is_prod":false,"is_daily":false,"is_ascension_mode":true,"campfire_upgraded":9,"path_taken":["M","?","M","?","?","R","?","R","T","M","?","R","$","?","R","BOSS","M","?","M","M","M","R","M","?","T","R","?","R","M","$","R","BOSS","M","?","?","?","?","R","?","R","T","R","?","?","M","$","R","BOSS"],"build_version":"2018-01-25-PROD3","purchased_purges":5,"victory":true,"master_deck":["Defend_G","Defend_G","Defend_G","Survivor","Neutralize+1","Noxious Fumes+1","Backflip+1","Well Laid Plans+1","Deflect","Backflip+1","Predator+1","Deflect+1","Dash+1","After Image","Noxious Fumes+1"],"max_hp_per_floor":[70,70,70,70,70,70,70,70,70,70,70,70,70,70,70,70,70,70,70,70,70,70,70,70,75,75,75,75,75,75,75,75,75,75,75,75,75,75,75,75,75,75,75,75,75,75,75,75,75,75],"relics":["Ring of the Snake","Oddly Smooth Stone","Orichalcum","Odd Mushroom","Lantern","Mercury Hourglass","Orrery","Regal Pillow","Anchor","Sozu","Bronze Scales"],"card_choices":[{"not_picked":["Leg Sweep","Dagger Spray"],"picked":"Noxious Fumes"},{"not_picked":["Bouncing Flask","Caltrops"],"picked":"Backflip"},{"not_picked":["Finisher","Outmaneuver"],"picked":"Well Laid Plans"},{"not_picked":["Unload","Sucker Punch"],"picked":"Deflect"},{"not_picked":["Accuracy","Bouncing Flask"],"picked":"Backflip"},{"not_picked":["Slice","Acrobatics"],"picked":"Predator"},{"not_picked":["Prepared","Acrobatics"],"picked":"Deflect"},{"not_picked":["Outmaneuver","Malaise"],"picked":"Dash"},{"not_picked":["Burst","Die Die Die"],"picked":"After Image"},{"not_picked":["Riddle With Holes","Dagger Spray"],"picked":"Noxious Fumes"}],"player_experience":733527,"potions_floor_usage":[7,16,30],"damage_taken":[{"damage":2,"enemies":"Jaw Worm","floor":1,"turns":5},{"damage":0,"enemies":"Cultist","floor":3,"turns":4},{"damage":1,"enemies":"The Mushroom Lair","floor":7,"turns":5},{"damage":7,"enemies":"2 Louse","floor":10,"turns":4},{"damage":0,"enemies":"Hexaghost","floor":16,"turns":10},{"damage":0,"enemies":"Shell Parasite","floor":18,"turns":7},{"damage":10,"enemies":"2 Thieves","floor":20,"turns":5},{"damage":0,"enemies":"Centurion and Healer","floor":21,"turns":8},{"damage":1,"enemies":"Snake Plant","floor":22,"turns":6},{"damage":12,"enemies":"Snecko","floor":24,"turns":6},{"damage":0,"enemies":"3 Cultists","floor":30,"turns":4},{"damage":45,"enemies":"Automaton","floor":33,"turns":14},{"damage":0,"enemies":"Orb Walker","floor":35,"turns":5},{"damage":5,"enemies":"3 Darklings","floor":37,"turns":5},{"damage":0,"enemies":"4 Shapes","floor":46,"turns":5},{"damage":11,"enemies":"Sphere and 2 Shapes","floor":47,"turns":5},{"damage":19,"enemies":"Donu and Deca","floor":50,"turns":10}],"event_choices":[{"event_name":"Living Wall","player_choice":"Forget","floor":2,"damage_taken":0},{"event_name":"Scrap Ooze","player_choice":"success","floor":4,"damage_taken":25},{"event_name":"Mushrooms","player_choice":"Fought Mushrooms","floor":7,"damage_taken":0},{"event_name":"Addict","player_choice":"Obtained Relic","floor":19,"damage_taken":0},{"event_name":"Forgotten Altar","player_choice":"Shed Blood","floor":25,"damage_taken":0},{"event_name":"Wheel of Change","player_choice":"Gold","floor":28,"damage_taken":0},{"event_name":"Mysterious Sphere","player_choice":"Ignore","floor":36,"damage_taken":0},{"event_name":"Tomb of Lord Red Mask","player_choice":"Ignored","floor":38,"damage_taken":0}],"boss_relics":[{"not_picked":["Calling Bell","Ectoplasm"],"picked":"Orrery"},{"not_picked":["Philosopher\u0027s Stone","White Beast Statue"],"picked":"Sozu"}],"potions_floor_spawned":[1,7,10,20,22,33,35,37],"seed_played":"1838743397869460727","ascension_level":8,"is_trial":false}