{"path_per_floor":["M","T","M","?","M","R","$","R","T","M","R","?","$","E","R","B",null,"M","M","?","T","M","R","M","M","T","M","R","T","$","E","R","B",null,"M","M","M","M","?","R","M","$","T","?","?","M","M","M","R","B"],"character_chosen":"THE_SILENT","items_purchased":["Predator","Lee\u0027s Waffle","Well Laid Plans"],"gold_per_floor":[113,113,131,131,146,146,71,71,71,81,81,81,43,76,76,176,176,192,210,210,210,220,220,232,247,304,321,321,321,221,248,248,343,343,358,374,391,403,403,403,418,51,51,51,100,115,133,150,150,150],"floor_reached":51,"campfire_rested":1,"playtime":4111,"current_hp_per_floor":[76,76,71,71,71,71,71,71,85,83,83,83,83,73,73,65,91,90,74,58,58,57,57,57,55,55,55,55,55,55,40,40,40,91,91,90,81,81,81,81,79,98,98,88,86,86,85,85,98,96],"items_purged":["Strike_G","Strike_G","Strike_G"],"gold":150,"play_id":"12f6d79d-3deb-40c0-a9f9-3d66655f78b0","is_prod":false,"is_daily":false,"is_ascension_mode":false,"campfire_upgraded":8,"path_taken":["M","?","M","?","?","R","$","R","T","M","R","?","$","E","R","BOSS","M","?","?","?","M","R","M","M","T","M","R","?","$","E","R","BOSS","M","M","M","M","?","R","?","$","T","?","?","M","M","M","R","BOSS"],"build_version":"2018-01-25-PROD3","purchased_purges":3,"victory":true,"master_deck":["Defend_G","Defend_G","Defend_G","Defend_G","Defend_G","Strike_G","Strike_G+1","Survivor+1","Neutralize+1","Accuracy+1","Backstab+1","Tools of the Trade+1","Backflip+1","Predator+1","Adrenaline","Storm of Steel+1","Accuracy+1","Backflip+1","Acrobatics+1","Footwork+1","Backflip+1","Cloak And Dagger+1","Well Laid Plans","Madness","Madness"],"max_hp_per_floor":[77,77,77,77,77,77,77,77,91,91,91,91,91,91,91,91,91,91,91,91,91,91,91,91,91,91,91,91,91,91,91,91,91,91,91,91,91,91,91,91,91,98,98,98,98,98,98,98,98,98],"relics":["Ring of the Snake","Ginger","Mango","Torii","Sozu","Enchiridion","Du-Vu Doll","Tiny Chest","Calipers","Whetstone","Lee\u0027s Waffle","Thread and Needle","Sundial"],"card_choices":[{"not_picked":["All Out Attack","Outmaneuver"],"picked":"Accuracy"},{"not_picked":["Underhanded Strike","PiercingWail"],"picked":"Backstab"},{"not_picked":["Deadly Poison","Dodge and Roll"],"picked":"Tools of the Trade"},{"not_picked":["Malaise","All Out Attack"],"picked":"Backflip"},{"not_picked":["Grand Finale","Heel Hook"],"picked":"Adrenaline"},{"not_picked":["Night Terror","Phantasmal Killer"],"picked":"Storm of Steel"},{"not_picked":["Cloak And Dagger","Deflect"],"picked":"Accuracy"},{"not_picked":["Concentrate","Poisoned Stab"],"picked":"Backflip"},{"not_picked":["Crippling Poison","Prepared"],"picked":"Acrobatics"},{"not_picked":["Crippling Poison","Calculated Gamble"],"picked":"Footwork"},{"not_picked":["Infinite Blades","Sucker Punch"],"picked":"Backflip"},{"not_picked":["Calculated Gamble","Slice"],"picked":"Cloak And Dagger"}],"player_experience":766747,"potions_floor_usage":[],"damage_taken":[{"damage":1,"enemies":"Blue Slaver","floor":1,"turns":7},{"damage":5,"enemies":"Small Slimes","floor":3,"turns":4},{"damage":0,"enemies":"Cultist","floor":5,"turns":4},{"damage":2,"enemies":"Looter","floor":10,"turns":3},{"damage":10,"enemies":"Lagavulin","floor":14,"turns":6},{"damage":8,"enemies":"The Guardian","floor":16,"turns":13},{"damage":1,"enemies":"3 Byrds","floor":18,"turns":6},{"damage":16,"enemies":"2 Thieves","floor":19,"turns":5},{"damage":1,"enemies":"Chosen and Byrds","floor":22,"turns":6},{"damage":0,"enemies":"Snake Plant","floor":24,"turns":4},{"damage":2,"enemies":"3 Cultists","floor":25,"turns":5},{"damage":0,"enemies":"Centurion and Healer","floor":27,"turns":5},{"damage":15,"enemies":"Slavers","floor":31,"turns":4},{"damage":0,"enemies":"Champ","floor":33,"turns":7},{"damage":0,"enemies":"Orb Walker","floor":35,"turns":2},{"damage":1,"enemies":"3 Shapes","floor":36,"turns":5},{"damage":9,"enemies":"3 Darklings","floor":37,"turns":5},{"damage":0,"enemies":"Maw","floor":38,"turns":7},{"damage":2,"enemies":"Sphere and 2 Shapes","floor":41,"turns":5},{"damage":2,"enemies":"Mysterious Sphere","floor":45,"turns":5},{"damage":0,"enemies":"3 Darklings","floor":46,"turns":4},{"damage":1,"enemies":"4 Shapes","floor":47,"turns":8},{"damage":0,"enemies":"Maw","floor":48,"turns":5},{"damage":2,"enemies":"Time Eater","floor":50,"turns":13}],"event_choices":[{"event_name":"The Woman in Blue","player_choice":"Bought 0 Potions","floor":4,"damage_taken":0},{"event_name":"Upgrade Shrine","player_choice":"Upgraded","floor":12,"damage_taken":0},{"event_name":"Cursed Tome","player_choice":"Obtained Book","floor":20,"damage_taken":0},{"event_name":"Tomb of Lord Red Mask","player_choice":"Ignored","floor":39,"damage_taken":0},{"event_name":"Winding Halls","player_choice":"Embrace Madness","floor":44,"damage_taken":0},{"event_name":"Mysterious Sphere","player_choice":"Fight","floor":45,"damage_taken":0}],"boss_relics":[{"not_picked":["Runic Dome","Black Star"],"picked":"Sozu"},{"not_picked":["Calling Bell","White Beast Statue","Snecko Eye"]}],"potions_floor_spawned":[1,10,18,22,25,33,37,38,41,45],"seed_played":"-1938252696087447245","ascension_level":0,"is_trial":false}