{"path_per_floor":["M","M","M","M","M","R","M","R","T","R","?","M","?","$","R","B",null,"M","M","$","M","M","R","?","M","T","R","M","?","M","M","R","B",null,"M","?","?","M","M","R","M","M","T","M","M","R","$","M","R","B"],"character_chosen":"THE_SILENT","items_purchased":["Noxious Fumes","Dexterity Potion"],"gold_per_floor":[13,31,45,15,30,30,42,42,94,94,94,106,106,31,31,132,132,149,163,28,44,54,54,54,65,89,89,102,17,29,49,49,153,153,166,166,166,182,198,198,208,219,219,236,248,248,74,86,86,86],"floor_reached":51,"campfire_rested":2,"playtime":22781,"current_hp_per_floor":[70,70,65,63,42,42,42,42,42,42,42,42,39,39,39,15,70,52,52,52,52,52,52,43,26,26,48,35,35,17,17,39,55,75,75,75,75,75,75,75,73,73,87,87,87,87,87,85,85,89],"items_purged":["Strike_G","Strike_G","Strike_G"],"gold":86,"play_id":"bdd3ae48-aa8a-489f-986a-e13459b54c7e","is_prod":false,"is_daily":false,"is_ascension_mode":false,"campfire_upgraded":8,"path_taken":["M","?","?","M","M","R","M","R","T","R","?","M","?","?","R","BOSS","M","?","?","M","M","R","?","M","T","R","M","?","M","M","R","BOSS","M","?","?","M","M","R","M","M","T","?","M","R","$","?","R","BOSS"],"build_version":"2018-01-25-PROD3","purchased_purges":3,"victory":true,"master_deck":["Defend_G","Defend_G","Defend_G","Defend_G","Defend_G","Strike_G+1","Survivor","Neutralize+1","Cloak And Dagger+1","Footwork+1","Burst+1","Deflect","Adrenaline","Backflip+1","Noxious Fumes+1","Noxious Fumes+1","Backflip","Backflip","Noxious Fumes+1","PiercingWail","Footwork+1"],"max_hp_per_floor":[70,70,70,70,70,70,70,70,70,70,70,70,70,70,70,70,70,70,70,70,70,70,70,75,75,75,75,75,75,75,75,75,75,75,75,75,75,75,75,75,75,75,89,89,89,89,89,89,89,89],"relics":["Ring of the Snake","Ginger","Anchor","Pantograph","Art of War","Philosopher\u0027s Stone","Molten Egg","Orichalcum","White Beast Statue","Mango"],"card_choices":[{"not_picked":["Poisoned Stab","Flechettes"],"picked":"Cloak And Dagger"},{"not_picked":["Heel Hook","Flying Knee"],"picked":"Footwork"},{"not_picked":["Dagger Throw","Outmaneuver"],"picked":"Burst"},{"not_picked":["Wraith Form","Dodge and Roll"],"picked":"Deflect"},{"not_picked":["A Thousand Cuts","Doppelganger"],"picked":"Adrenaline"},{"not_picked":["Bane","Cloak And Dagger"],"picked":"Backflip"},{"not_picked":["Finisher","Crippling Poison"],"picked":"Noxious Fumes"},{"not_picked":["Burst","Cloak And Dagger"],"picked":"Backflip"},{"not_picked":["Acrobatics","Bane"],"picked":"Backflip"},{"not_picked":["Deflect","Dagger Spray"],"picked":"Noxious Fumes"},{"not_picked":["Well Laid Plans","Crippling Poison"],"picked":"Footwork"}],"player_experience":770858,"potions_floor_usage":[16,16,21,22,33,33,41,44,50,50,50],"damage_taken":[{"damage":0,"enemies":"Blue Slaver","floor":1,"turns":5},{"damage":0,"enemies":"Cultist","floor":2,"turns":5},{"damage":5,"enemies":"Small Slimes","floor":3,"turns":3},{"damage":2,"enemies":"Looter","floor":4,"turns":4},{"damage":21,"enemies":"Large Slime","floor":5,"turns":9},{"damage":0,"enemies":"3 Louse","floor":7,"turns":3},{"damage":0,"enemies":"Looter","floor":12,"turns":4},{"damage":49,"enemies":"Slime Boss","floor":16,"turns":28},{"damage":18,"enemies":"Spheric Guardian","floor":18,"turns":11},{"damage":0,"enemies":"Shell Parasite","floor":19,"turns":13},{"damage":0,"enemies":"Sentry and Sphere","floor":21,"turns":10},{"damage":0,"enemies":"Snake Plant","floor":22,"turns":5},{"damage":17,"enemies":"Chosen and Byrds","floor":25,"turns":7},{"damage":13,"enemies":"Slaver and Parasite","floor":28,"turns":7},{"damage":18,"enemies":"Sentry and Sphere","floor":30,"turns":6},{"damage":0,"enemies":"Snake Plant","floor":31,"turns":5},{"damage":9,"enemies":"Collector","floor":33,"turns":11},{"damage":0,"enemies":"3 Darklings","floor":35,"turns":8},{"damage":0,"enemies":"3 Shapes","floor":38,"turns":5},{"damage":0,"enemies":"3 Darklings","floor":39,"turns":5},{"damage":2,"enemies":"4 Shapes","floor":41,"turns":6},{"damage":0,"enemies":"Maw","floor":42,"turns":9},{"damage":0,"enemies":"3 Darklings","floor":44,"turns":6},{"damage":0,"enemies":"4 Shapes","floor":45,"turns":5},{"damage":2,"enemies":"Maw","floor":48,"turns":9},{"damage":0,"enemies":"Donu and Deca","floor":50,"turns":10}],"event_choices":[{"event_name":"Dead Adventurer","player_choice":"Searched \u00271\u0027 times","floor":11,"damage_taken":0},{"event_name":"Scrap Ooze","player_choice":"success","floor":13,"damage_taken":3},{"event_name":"Forgotten Altar","player_choice":"Shed Blood","floor":24,"damage_taken":0},{"event_name":"Addict","player_choice":"Obtained Relic","floor":29,"damage_taken":0},{"event_name":"Accursed Blacksmith","player_choice":"Forge","floor":36,"damage_taken":0},{"event_name":"Transmorgrifier","player_choice":"Transform","floor":37,"damage_taken":0}],"boss_relics":[{"not_picked":["Runic Pyramid","Snecko Eye"],"picked":"Philosopher\u0027s Stone"},{"not_picked":["Velvet Choker","Black Star"],"picked":"White Beast Statue"}],"potions_floor_spawned":[2,3,7,12,16,18,22,30,31,35,38,39,41,42,44,45,48],"seed_played":"-3265728146739835703","ascension_level":0,"is_trial":false}