{"path_per_floor":["M","?","$","?","M","R","?","R","T","E","M","R","M","M","R","B",null,"M","M","?","?","$","R","E","R","T","R","?","M","M","$","R","B",null,"M","?","M","?","?","R","$","R","T","M","M","$","M","?","R","B"],"character_chosen":"THE_SILENT","items_purchased":["Accuracy","Matryoshka"],"gold_per_floor":[10,185,110,110,129,129,204,204,279,309,329,329,345,355,355,456,456,468,486,486,486,65,65,90,90,90,90,90,108,128,3,3,99,99,116,116,131,131,131,131,131,131,156,166,178,28,42,42,42,42],"floor_reached":51,"campfire_rested":2,"playtime":2462,"current_hp_per_floor":[70,70,70,70,70,70,59,59,59,52,52,52,52,52,52,45,70,60,60,44,44,44,44,27,27,27,48,48,48,48,48,48,48,70,70,70,70,61,61,61,61,61,61,61,61,61,61,61,70,69],"items_purged":["Doubt","Dagger Spray","Choke","Poisoned Stab"],"gold":42,"score":588,"play_id":"b0b3201c-124b-440c-965c-3cb16ef9577d","is_prod":false,"is_daily":false,"is_ascension_mode":false,"campfire_upgraded":9,"path_taken":["M","?","$","?","?","R","?","R","T","E","M","R","M","M","R","BOSS","M","M","?","?","$","R","E","R","T","R","?","?","M","$","R","BOSS","M","?","M","?","?","R","$","R","T","?","M","?","?","?","R","BOSS"],"build_version":"2018-02-08-PROD1","purchased_purges":4,"victory":true,"master_deck":["Survivor","Neutralize+1","After Image","Deadly Poison+1","Cloak And Dagger+1","Bane+1","Cloak And Dagger+1","After Image","Deflect","Choke+1","Dash+1","Dodge and Roll","Acrobatics+1","Accuracy+1","Backflip+1","Accuracy+1","Choke+1","Madness","Madness","Cloak And Dagger+1","Accuracy"],"max_hp_per_floor":[70,70,70,70,70,70,70,70,70,70,70,70,70,70,70,70,70,70,70,70,70,70,70,70,70,70,70,70,70,70,70,70,70,70,70,70,70,70,70,70,70,70,70,70,70,70,70,70,70,70],"relics":["Ring of the Snake","Thread and Needle","Bottled Lightning","Prayer Wheel","Pandora\u0027s Box","Nilry\u0027s Codex","Matryoshka","Oddly Smooth Stone","Bronze Scales","Mummified Hand","Runic Dome","Dream Catcher","Pen Nib"],"card_choices":[{"not_picked":["Outmaneuver","Prepared"],"picked":"After Image"},{"not_picked":["Outmaneuver","Dodge and Roll"],"picked":"Deadly Poison"},{"not_picked":["Malaise","Deflect"],"picked":"Cloak And Dagger"},{"not_picked":["Grand Finale","Dodge and Roll"],"picked":"Bane"},{"not_picked":["Sucker Punch","Bane"],"picked":"Cloak And Dagger"},{"not_picked":["Burst","Phantasmal Killer"],"picked":"After Image"},{"not_picked":["Skewer","Outmaneuver"],"picked":"Acrobatics"},{"not_picked":["Dagger Spray","Flying Knee"],"picked":"Backflip"},{"not_picked":["Finisher","Quick Slash"],"picked":"Accuracy"},{"not_picked":["Deflect","Poisoned Stab"],"picked":"Choke"},{"not_picked":["Flechettes","Acrobatics"],"picked":"Cloak And Dagger"},{"not_picked":["Dagger Throw","Underhanded Strike"],"picked":"Accuracy"}],"player_experience":1142983,"potions_floor_usage":[10,14,24,24,33,33,50,50],"damage_taken":[{"damage":0,"enemies":"Jaw Worm","floor":1,"turns":3},{"damage":0,"enemies":"Cultist","floor":5,"turns":5},{"damage":7,"enemies":"3 Sentries","floor":10,"turns":10},{"damage":0,"enemies":"Small Slimes","floor":11,"turns":4},{"damage":0,"enemies":"2 Fungi Beasts","floor":13,"turns":4},{"damage":0,"enemies":"Exordium Wildlife","floor":14,"turns":4},{"damage":7,"enemies":"The Guardian","floor":16,"turns":12},{"damage":10,"enemies":"Chosen","floor":18,"turns":5},{"damage":0,"enemies":"Spheric Guardian","floor":19,"turns":4},{"damage":17,"enemies":"Slavers","floor":24,"turns":7},{"damage":0,"enemies":"Centurion and Healer","floor":29,"turns":6},{"damage":0,"enemies":"3 Cultists","floor":30,"turns":6},{"damage":0,"enemies":"Automaton","floor":33,"turns":9},{"damage":0,"enemies":"Orb Walker","floor":35,"turns":3},{"damage":0,"enemies":"3 Darklings","floor":37,"turns":4},{"damage":0,"enemies":"Sphere and 2 Shapes","floor":44,"turns":6},{"damage":0,"enemies":"4 Shapes","floor":45,"turns":5},{"damage":0,"enemies":"Maw","floor":47,"turns":6},{"damage":16,"enemies":"Time Eater","floor":50,"turns":10}],"event_choices":[{"event_name":"Liars Game","player_choice":"agreed","floor":2,"damage_taken":0},{"event_name":"Living Wall","player_choice":"Forget","floor":4,"damage_taken":0},{"event_name":"World of Goop","player_choice":"Gather Gold","floor":7,"damage_taken":0},{"event_name":"Cursed Tome","player_choice":"Obtained Book","floor":20,"damage_taken":0},{"event_name":"Back to Basics","player_choice":"Elegance","floor":21,"damage_taken":0},{"event_name":"The Woman in Blue","player_choice":"Bought 0 Potions","floor":28,"damage_taken":0},{"event_name":"Tomb of Lord Red Mask","player_choice":"Ignored","floor":36,"damage_taken":0},{"event_name":"Winding Halls","player_choice":"Embrace Madness","floor":38,"damage_taken":0},{"event_name":"Mysterious Sphere","player_choice":"Ignore","floor":39,"damage_taken":0}],"boss_relics":[{"not_picked":["Tiny House","Orrery"],"picked":"Pandora\u0027s Box"},{"not_picked":["Cursed Key","White Beast Statue"],"picked":"Runic Dome"}],"potions_floor_spawned":[5,10,11,13,18,29,30,35,45],"seed_played":"6658176858433106890","ascension_level":0,"is_trial":false}