{"path_per_floor":["M","?","?","M","?","R","M","M","T","R","T","M","?","M","R","B",null,"M","M","M","?","?","R","?","R","T","M"],"character_chosen":"THE_SILENT","items_purchased":[],"gold_per_floor":[113,113,113,132,132,132,146,160,160,160,160,170,170,182,182,255,255,265,282,293,293,293,293,293,293,317,328],"floor_reached":28,"campfire_rested":1,"playtime":973,"current_hp_per_floor":[60,60,40,41,41,41,42,41,41,41,41,43,63,63,63,47,59,36,32,6,6,19,37,37,37,37,25],"items_purged":[],"gold":328,"score":368,"play_id":"514d3e15-6273-41bc-b4ba-2967074549f0","is_prod":false,"is_daily":false,"is_ascension_mode":true,"campfire_upgraded":3,"path_taken":["M","?","?","?","?","R","?","?","T","R","?","M","?","?","R","BOSS","M","M","M","?","?","R","?","R","T","?","M"],"build_version":"2018-02-12-PROD1","purchased_purges":0,"victory":false,"master_deck":["Defend_G","Defend_G","Defend_G","Defend_G","Defend_G","Strike_G+1","Strike_G+1","Strike_G","Strike_G","Survivor","Neutralize+1","Cloak And Dagger+1","Dagger Throw","Noxious Fumes+1","Accuracy","Acrobatics+1","Backflip","Underhanded Strike+1"],"max_hp_per_floor":[66,66,66,66,63,63,63,63,63,63,63,63,63,63,63,63,63,63,63,63,63,63,63,63,63,63,63],"relics":["Ring of the Snake","Blood Vial","Peace Pipe","Thread and Needle","Runic Pyramid","Orichalcum"],"card_choices":[{"not_picked":["Slice","Choke"],"picked":"Cloak And Dagger"},{"not_picked":["Dagger Throw","Sucker Punch"],"picked":"Finisher"},{"not_picked":["Bouncing Flask","Masterful Stab"],"picked":"Dagger Throw"},{"not_picked":["Escape Plan","Acrobatics"],"picked":"Noxious Fumes"},{"not_picked":["Quick Slash","Sucker Punch"],"picked":"Accuracy"},{"not_picked":["Eviscerate","Heel Hook"],"picked":"Acrobatics"},{"not_picked":["Acrobatics","Calculated Gamble"],"picked":"Backflip"},{"not_picked":["Flying Knee","Endless Agony"],"picked":"Underhanded Strike"}],"player_experience":1167920,"potions_floor_usage":[19,20,28],"damage_taken":[{"damage":1,"enemies":"Small Slimes","floor":1,"turns":4},{"damage":1,"enemies":"Cultist","floor":4,"turns":4},{"damage":1,"enemies":"2 Louse","floor":7,"turns":3},{"damage":3,"enemies":"Looter","floor":8,"turns":3},{"damage":0,"enemies":"3 Louse","floor":12,"turns":3},{"damage":0,"enemies":"2 Fungi Beasts","floor":14,"turns":3},{"damage":16,"enemies":"Slime Boss","floor":16,"turns":12},{"damage":25,"enemies":"Spheric Guardian","floor":18,"turns":6},{"damage":18,"enemies":"2 Thieves","floor":19,"turns":5},{"damage":28,"enemies":"Cultist and Chosen","floor":20,"turns":10},{"damage":14,"enemies":"3 Cultists","floor":27,"turns":6},{"damage":33,"enemies":"Slaver and Parasite","floor":28,"turns":3}],"event_choices":[{"event_name":"Match and Keep!","player_choice":"0 cards matched","floor":2,"damage_taken":0},{"event_name":"Shining Light","player_choice":"Entered Light","floor":3,"damage_taken":0},{"event_name":"Living Wall","player_choice":"Forget","floor":5,"damage_taken":0},{"event_name":"Bonfire Elementals","player_choice":"UNCOMMON","floor":13,"damage_taken":0},{"event_name":"Cursed Tome","player_choice":"Ignored","floor":21,"damage_taken":0},{"event_name":"The Library","player_choice":"Heal","floor":22,"damage_taken":0},{"event_name":"The Mausoleum","player_choice":"No","floor":24,"damage_taken":0}],"boss_relics":[{"not_picked":["White Beast Statue","Black Star"],"picked":"Runic Pyramid"}],"potions_floor_spawned":[12,14,19,27],"seed_played":"-7428090225432998460","killed_by":"Slaver and Parasite","ascension_level":15,"is_trial":false}