{"path_per_floor":["M","M","?","?","M","R","E","M","T","R","$","E","$","E","R","B",null,"M","M","?","?","M","R","E","M","T","$","E","?","R","?","R","B",null,"M","?","?","M","M","E","?","R","T","R","M","M","$","$","R","B"],"character_chosen":"THE_SILENT","items_purchased":["Footwork","Noxious Fumes"],"gold_per_floor":[110,124,124,74,86,86,116,127,127,127,51,84,9,44,44,139,139,139,139,64,64,64,64,64,64,64,25,25,25,25,25,25,25,25,25,25,25,25,25,25,25,25,25,25,25,25,25,25,25,25],"floor_reached":51,"campfire_rested":2,"playtime":3618,"current_hp_per_floor":[63,63,56,56,56,56,49,47,47,47,47,43,43,36,36,33,70,69,69,69,69,69,69,69,69,69,69,69,69,69,69,69,70,70,58,58,58,60,60,24,41,62,62,62,64,62,62,62,70,3],"items_purged":["Strike_G"],"gold":25,"play_id":"83381dc2-6c4c-4fb2-b239-c2bccabb52f0","is_prod":false,"is_daily":false,"is_ascension_mode":false,"campfire_upgraded":7,"path_taken":["M","?","?","?","?","R","E","M","T","R","?","E","$","E","R","BOSS","M","M","?","?","M","R","E","M","T","$","E","?","R","?","R","BOSS","M","?","?","M","?","E","?","R","T","R","M","M","?","$","R","BOSS"],"build_version":"2018-02-01-PROD3","purchased_purges":1,"victory":true,"master_deck":["Defend_G","Defend_G","Defend_G","Defend_G","Defend_G","Strike_G","Strike_G","Survivor","Neutralize+1","Infinite Blades","Escape Plan","Quick Slash+1","Malaise+1","Poisoned Stab","Footwork+1","Escape Plan","Deadly Poison+1","After Image","PiercingWail","Backflip","Footwork","Bouncing Flask+1","Noxious Fumes+1","Die Die Die","Well Laid Plans+1","Tools of the Trade","Cloak And Dagger+1","Catalyst+1","Quick Slash+1","Cloak And Dagger+1"],"max_hp_per_floor":[70,70,70,70,70,70,70,70,70,70,70,70,70,70,70,70,70,70,70,70,70,70,70,70,70,70,70,70,70,70,70,70,70,70,70,70,70,70,70,70,70,70,70,70,70,70,70,70,70,70],"relics":["Sozu","Mercury Hourglass","Art of War","Omamori","Oddly Smooth Stone","Bottled Lightning","Ectoplasm","Kunai","Calipers","Girya","Blood Vial","The Specimen","Bag of Marbles","Ice Cream"],"card_choices":[{"not_picked":["Poisoned Stab","Outmaneuver"],"picked":"Infinite Blades"},{"not_picked":["Dodge and Roll","Dagger Throw"],"picked":"Escape Plan"},{"not_picked":["Calculated Gamble","All Out Attack"],"picked":"Quick Slash"},{"not_picked":["Escape Plan","Skewer"],"picked":"Malaise"},{"not_picked":["Dagger Spray","Setup"],"picked":"Poisoned Stab"},{"not_picked":["Deflect","Underhanded Strike"],"picked":"Escape Plan"},{"not_picked":["Endless Agony","Concentrate"],"picked":"Deadly Poison"},{"not_picked":["Bullet Time","A Thousand Cuts"],"picked":"After Image"},{"not_picked":["Dodge and Roll","Setup"],"picked":"PiercingWail"},{"not_picked":["Heel Hook","Dodge and Roll"],"picked":"Backflip"},{"not_picked":["Flechettes","Backflip"],"picked":"Footwork"},{"not_picked":["Deadly Poison","Deflect"],"picked":"Bouncing Flask"},{"not_picked":["Night Terror","Quick Slash"],"picked":"Die Die Die"},{"not_picked":["Night Terror","Burst"],"picked":"Tools of the Trade"},{"not_picked":["Underhanded Strike","Prepared"],"picked":"Cloak And Dagger"},{"not_picked":["Poisoned Stab","Deadly Poison"],"picked":"Catalyst"},{"not_picked":["Underhanded Strike","Caltrops"],"picked":"Quick Slash"},{"not_picked":["Endless Agony","Slice"],"picked":"Cloak And Dagger"}],"player_experience":939351,"potions_floor_usage":[],"damage_taken":[{"damage":7,"enemies":"Blue Slaver","floor":1,"turns":4},{"damage":0,"enemies":"Jaw Worm","floor":2,"turns":4},{"damage":0,"enemies":"Small Slimes","floor":5,"turns":3},{"damage":7,"enemies":"Lagavulin","floor":7,"turns":8},{"damage":2,"enemies":"Looter","floor":8,"turns":4},{"damage":4,"enemies":"3 Sentries","floor":12,"turns":6},{"damage":7,"enemies":"Gremlin Nob","floor":14,"turns":5},{"damage":3,"enemies":"The Guardian","floor":16,"turns":10},{"damage":1,"enemies":"Shell Parasite","floor":18,"turns":6},{"damage":0,"enemies":"Spheric Guardian","floor":19,"turns":4},{"damage":0,"enemies":"3 Cultists","floor":22,"turns":6},{"damage":0,"enemies":"Gremlin Leader","floor":24,"turns":11},{"damage":0,"enemies":"Snecko","floor":25,"turns":7},{"damage":0,"enemies":"Book of Stabbing","floor":28,"turns":6},{"damage":0,"enemies":"Automaton","floor":33,"turns":10},{"damage":12,"enemies":"3 Darklings","floor":35,"turns":6},{"damage":0,"enemies":"Orb Walker","floor":38,"turns":5},{"damage":2,"enemies":"Sphere and 2 Shapes","floor":39,"turns":6},{"damage":38,"enemies":"2 Orb Walkers","floor":40,"turns":6},{"damage":0,"enemies":"Maw","floor":45,"turns":7},{"damage":4,"enemies":"4 Shapes","floor":46,"turns":3},{"damage":67,"enemies":"Awakened One","floor":50,"turns":14}],"event_choices":[{"event_name":"Scrap Ooze","player_choice":"success","floor":3,"damage_taken":7},{"event_name":"The Cleric","player_choice":"Card Removal","floor":4,"damage_taken":0},{"event_name":"Beggar","player_choice":"Gave Gold","floor":20,"damage_taken":0},{"event_name":"Accursed Blacksmith","player_choice":"Rummage","floor":21,"damage_taken":0},{"event_name":"Drug Dealer","player_choice":"Ignored","floor":29,"damage_taken":0},{"event_name":"The Library","player_choice":"Read","floor":31,"damage_taken":0},{"event_name":"Upgrade Shrine","player_choice":"Upgraded","floor":36,"damage_taken":0},{"event_name":"Mysterious Sphere","player_choice":"Ignore","floor":37,"damage_taken":0},{"event_name":"Winding Halls","player_choice":"Writhe","floor":41,"damage_taken":0}],"boss_relics":[{"not_picked":["Cursed Key","Philosopher\u0027s Stone"],"picked":"Ectoplasm"},{"not_picked":["Runic Pyramid","Velvet Choker"],"picked":"The Specimen"}],"potions_floor_spawned":[1,8,14,16,18,22,28,35,39],"seed_played":"-727784475687126719","ascension_level":0,"is_trial":false}