{"path_per_floor":["M","?","M","?","M","R","E","R","T","R","E","R","M","M","R","B",null,"M","?","?","M","$","R","M","M","T","M","E","?","M","M","R","B",null,"M","T","$","?","M","M","R","M","T","$","M","M","R","T","R","B"],"character_chosen":"THE_SILENT","items_purchased":["Oddly Smooth Stone","Footwork","Well Laid Plans","Strength Potion"],"gold_per_floor":[116,116,129,129,154,154,198,198,224,224,264,264,284,297,297,423,423,437,437,437,457,159,159,173,192,217,242,283,198,221,242,242,373,373,391,391,291,291,315,334,334,347,347,100,120,135,135,214,214,214],"floor_reached":51,"campfire_rested":1,"playtime":2558,"current_hp_per_floor":[70,56,56,56,56,56,63,63,63,63,61,61,60,60,60,48,75,72,72,72,68,68,68,58,58,58,46,37,37,37,31,68,68,75,75,75,75,75,75,75,75,75,75,75,75,68,68,68,68,38],"items_purged":["Strike_G","Strike_G","Injury"],"gold":214,"score":607,"play_id":"7d328cf9-e587-4fb3-9517-ff646f874e95","is_prod":false,"is_daily":false,"is_ascension_mode":false,"campfire_upgraded":9,"path_taken":["M","?","M","?","M","R","E","R","T","R","E","R","M","?","R","BOSS","M","?","?","M","$","R","M","M","T","M","E","?","?","?","R","BOSS","M","?","$","?","M","M","R","M","T","$","M","M","R","?","R","BOSS"],"build_version":"2018-02-08-PROD1","purchased_purges":3,"victory":true,"master_deck":["Defend_G","Defend_G","Defend_G","Defend_G+1","Defend_G","Strike_G","Strike_G","Strike_G","Survivor","Neutralize+1","Footwork+1","Infinite Blades","Infinite Blades","Malaise","Choke+1","Cloak And Dagger+1","Cloak And Dagger+1","Cloak And Dagger+1","Backstab","Accuracy+1","Footwork+1","Footwork+1","Tools of the Trade","Well Laid Plans+1","Cloak And Dagger+1","Parasite"],"max_hp_per_floor":[70,70,70,65,65,65,75,75,75,75,75,75,75,75,75,75,75,75,75,75,75,75,75,75,75,75,75,75,75,75,75,75,75,75,75,75,75,75,75,75,75,75,75,75,75,75,75,75,75,75],"relics":["Orrery","Golden Idol","Pear","Vajra","Omamori","Cursed Key","Oddly Smooth Stone","Regal Pillow","Ornamental Fan","Thread and Needle","Sozu","Ancient Tea Set","Pen Nib","Meat on the Bone"],"card_choices":[{"not_picked":["Backflip","Dagger Spray"],"picked":"Footwork"},{"not_picked":["Underhanded Strike","Dagger Throw"],"picked":"Infinite Blades"},{"not_picked":["Night Terror","Flechettes"],"picked":"Infinite Blades"},{"not_picked":["Poisoned Stab","Dagger Throw"],"picked":"Malaise"},{"not_picked":["Concentrate","Malaise"],"picked":"Choke"},{"not_picked":["PiercingWail","Venomology"],"picked":"Cloak And Dagger"},{"not_picked":["Crippling Poison","Blur"],"picked":"Cloak And Dagger"},{"not_picked":["Underhanded Strike","Bane"],"picked":"Cloak And Dagger"},{"not_picked":["Footwork","Sucker Punch"],"picked":"Backstab"},{"not_picked":["Endless Agony","Malaise"],"picked":"Footwork"},{"not_picked":["Dodge and Roll","Bane"],"picked":"Tools of the Trade"},{"not_picked":["Dodge and Roll","Deflect"],"picked":"Cloak And Dagger"}],"player_experience":1109947,"potions_floor_usage":[7,11,18,24,28],"damage_taken":[{"damage":0,"enemies":"Cultist","floor":1,"turns":5},{"damage":0,"enemies":"Blue Slaver","floor":3,"turns":5},{"damage":0,"enemies":"Small Slimes","floor":5,"turns":3},{"damage":3,"enemies":"Lagavulin","floor":7,"turns":7},{"damage":2,"enemies":"3 Sentries","floor":11,"turns":6},{"damage":1,"enemies":"Red Slaver","floor":13,"turns":4},{"damage":0,"enemies":"2 Fungi Beasts","floor":14,"turns":3},{"damage":12,"enemies":"The Guardian","floor":16,"turns":10},{"damage":3,"enemies":"2 Thieves","floor":18,"turns":4},{"damage":4,"enemies":"3 Byrds","floor":21,"turns":4},{"damage":10,"enemies":"Snake Plant","floor":24,"turns":5},{"damage":0,"enemies":"3 Cultists","floor":25,"turns":5},{"damage":12,"enemies":"Slaver and Parasite","floor":27,"turns":6},{"damage":24,"enemies":"Slavers","floor":28,"turns":6},{"damage":0,"enemies":"Cultist and Chosen","floor":30,"turns":7},{"damage":6,"enemies":"Sentry and Sphere","floor":31,"turns":6},{"damage":0,"enemies":"Automaton","floor":33,"turns":11},{"damage":0,"enemies":"Orb Walker","floor":35,"turns":4},{"damage":0,"enemies":"3 Darklings","floor":39,"turns":5},{"damage":0,"enemies":"4 Shapes","floor":40,"turns":6},{"damage":0,"enemies":"Sphere and 2 Shapes","floor":42,"turns":6},{"damage":0,"enemies":"Maw","floor":45,"turns":7},{"damage":7,"enemies":"4 Shapes","floor":46,"turns":6},{"damage":30,"enemies":"Time Eater","floor":50,"turns":13}],"event_choices":[{"event_name":"Shining Light","player_choice":"Entered Light","floor":2,"damage_taken":0},{"event_name":"Golden Idol","player_choice":"Lose Max HP","floor":4,"damage_taken":0},{"event_name":"The Library","player_choice":"Read","floor":19,"damage_taken":0},{"event_name":"Vampires","player_choice":"Ignored","floor":20,"damage_taken":0},{"event_name":"Addict","player_choice":"Obtained Relic","floor":29,"damage_taken":0},{"event_name":"Mysterious Sphere","player_choice":"Ignore","floor":38,"damage_taken":0}],"boss_relics":[{"not_picked":["Velvet Choker","White Beast Statue"],"picked":"Cursed Key"},{"not_picked":["Snecko Eye","Tiny House"],"picked":"Sozu"}],"potions_floor_spawned":[1,3,5,18,27,33,35,40,42,46],"seed_played":"8962497402838027740","ascension_level":0,"is_trial":false}