{"path_per_floor":["M","?","M","M","M","R","?","M","T","M","M","M","R","$","R","B",null,"M","$","M","M","M","E","R","M","T","?","M","M","R","M","R","B",null,"M","?","?","M","$","R","T","E","T","R","M","M","R","M","R"],"character_chosen":"THE_SILENT","items_purchased":["Noxious Fumes","Snake Skull","Paper Crane","Cloak And Dagger"],"gold_per_floor":[119,119,129,149,161,161,161,173,173,184,199,216,216,24,24,123,123,138,63,82,99,114,147,147,167,167,167,178,193,193,210,210,309,309,322,322,322,341,28,28,28,54,54,54,74,85,85,104,104],"floor_reached":50,"campfire_rested":2,"playtime":3790,"current_hp_per_floor":[63,63,63,63,49,49,37,26,26,26,25,24,24,24,42,34,63,56,56,45,45,33,27,35,24,24,45,41,41,49,42,50,3,63,50,50,50,32,32,58,58,58,58,63,63,63,63,57,63],"items_purged":["Strike_G"],"gold":104,"play_id":"2714d878-637c-493b-8ea2-32005d3446f5","is_prod":false,"is_daily":false,"is_ascension_mode":false,"campfire_upgraded":8,"path_taken":["M","?","M","?","M","R","?","?","T","M","M","M","R","$","R","BOSS","M","$","M","M","M","E","R","M","T","?","M","M","R","M","R","BOSS","M","?","?","M","$","R","?","E","T","R","?","M","R","M","R","BOSS"],"build_version":"2018-02-01-PROD3","purchased_purges":1,"victory":false,"master_deck":["Defend_G+1","Defend_G+1","Defend_G","Defend_G","Defend_G","Strike_G","Survivor+1","Neutralize+1","Deflect+1","Poisoned Stab","Infinite Blades","Bane+1","Flying Knee","Backflip+1","Backstab","Noxious Fumes","Envenom+1","Dagger Spray+1","Footwork+1","PiercingWail","Bane+1","Tools of the Trade","Well Laid Plans+1","Cloak And Dagger+1","Footwork+1","Infinite Blades"],"max_hp_per_floor":[63,63,63,63,63,63,63,63,63,63,63,63,63,63,63,63,63,63,63,63,63,63,63,63,63,63,63,63,63,63,63,63,63,63,63,63,63,63,63,63,63,63,63,63,63,63,63,63,63],"relics":["Ring of the Snake","Bottled Tornado","Snake Skull","Eternal Feather","Shuriken","Mummified Hand","The Specimen","Paper Crane","Calipers","Smiling Mask","Thread and Needle"],"card_choices":[{"not_picked":["Deadly Poison","Prepared"],"picked":"Deflect"},{"not_picked":["Dodge and Roll","Crippling Poison"],"picked":"Poisoned Stab"},{"not_picked":["Blur","PiercingWail"],"picked":"Infinite Blades"},{"not_picked":["Calculated Gamble","Prepared"],"picked":"Bane"},{"not_picked":["Flechettes","Acrobatics"],"picked":"Flying Knee"},{"not_picked":["Deadly Poison","Bane"],"picked":"Backflip"},{"not_picked":["Dodge and Roll","Deadly Poison"],"picked":"Backstab"},{"not_picked":["A Thousand Cuts","Phantasmal Killer"],"picked":"Envenom"},{"not_picked":["Dodge and Roll","Skewer"],"picked":"Dagger Spray"},{"not_picked":["Noxious Fumes","Backstab"],"picked":"Footwork"},{"not_picked":["Slice","Reflex"],"picked":"PiercingWail"},{"not_picked":["Acrobatics","Calculated Gamble"],"picked":"Bane"},{"not_picked":["Burst","Glass Knife"],"picked":"Tools of the Trade"},{"not_picked":["Accuracy","Slice"],"picked":"Well Laid Plans"},{"not_picked":["Backflip","Sucker Punch"],"picked":"Footwork"},{"not_picked":["PiercingWail","Prepared"],"picked":"Infinite Blades"}],"player_experience":976699,"potions_floor_usage":[16,18,22,23,23,29,31,46,48,50],"damage_taken":[{"damage":0,"enemies":"Cultist","floor":1,"turns":5},{"damage":0,"enemies":"Blue Slaver","floor":3,"turns":5},{"damage":0,"enemies":"2 Louse","floor":4,"turns":3},{"damage":14,"enemies":"Gremlin Gang","floor":5,"turns":8},{"damage":11,"enemies":"Lots of Slimes","floor":8,"turns":6},{"damage":0,"enemies":"Looter","floor":10,"turns":3},{"damage":1,"enemies":"3 Louse","floor":11,"turns":4},{"damage":1,"enemies":"2 Fungi Beasts","floor":12,"turns":4},{"damage":8,"enemies":"Hexaghost","floor":16,"turns":7},{"damage":7,"enemies":"Spheric Guardian","floor":18,"turns":6},{"damage":11,"enemies":"Chosen","floor":20,"turns":5},{"damage":0,"enemies":"Centurion and Healer","floor":21,"turns":6},{"damage":12,"enemies":"Snake Plant","floor":22,"turns":5},{"damage":6,"enemies":"Book of Stabbing","floor":23,"turns":6},{"damage":11,"enemies":"Snecko","floor":25,"turns":5},{"damage":4,"enemies":"Centurion and Healer","floor":28,"turns":5},{"damage":0,"enemies":"Cultist and Chosen","floor":29,"turns":4},{"damage":7,"enemies":"Sentry and Sphere","floor":31,"turns":5},{"damage":47,"enemies":"Automaton","floor":33,"turns":7},{"damage":13,"enemies":"3 Darklings","floor":35,"turns":3},{"damage":18,"enemies":"3 Shapes","floor":38,"turns":5},{"damage":0,"enemies":"Nemesis","floor":42,"turns":7},{"damage":0,"enemies":"Maw","floor":45,"turns":6},{"damage":0,"enemies":"3 Darklings","floor":46,"turns":3},{"damage":6,"enemies":"Sphere and 2 Shapes","floor":48,"turns":7},{"damage":72,"enemies":"Awakened One","floor":50,"turns":3}],"event_choices":[{"event_name":"Liars Game","player_choice":"disagreed","floor":2,"damage_taken":0},{"event_name":"Shining Light","player_choice":"Entered Light","floor":7,"damage_taken":0},{"event_name":"The Library","player_choice":"Heal","floor":27,"damage_taken":0},{"event_name":"Tomb of Lord Red Mask","player_choice":"Ignored","floor":37,"damage_taken":0}],"boss_relics":[{"not_picked":["Snecko Eye","White Beast Statue"],"picked":"Eternal Feather"},{"not_picked":["Calling Bell","Question Card"],"picked":"The Specimen"}],"potions_floor_spawned":[3,10,11,16,21,22,28,33,38,45],"seed_played":"-6562384303576479242","killed_by":"Awakened One","ascension_level":0,"is_trial":false}