{"path_per_floor":["M","?","M","$","M","R","M","M","T","?","M","M","R","?","R","B",null,"M","?","$","M","M","R","M","$","T","M","R","E","M","?","R","B",null,"M","M","M","?","M","R","M","R","T","$","R","M","M","?","R","B"],"character_chosen":"THE_SILENT","items_purchased":["Cloak And Dagger","Well Laid Plans"],"gold_per_floor":[116,116,134,14,25,25,35,50,118,118,130,144,144,144,144,221,221,241,241,141,160,172,172,187,62,62,73,73,105,118,118,118,192,192,210,224,242,242,260,260,274,274,274,53,53,65,75,75,75,75],"floor_reached":51,"campfire_rested":2,"playtime":3189,"current_hp_per_floor":[62,67,67,67,67,67,65,62,62,62,58,58,58,51,51,41,64,63,72,72,64,51,51,45,45,45,39,60,62,68,68,68,51,67,67,72,72,72,67,67,56,56,56,56,56,64,60,51,72,26],"items_purged":["Parasite","Strike_G","Defend_G","All Out Attack"],"gold":75,"score":792,"play_id":"2572f95c-46e7-49fa-ab15-b78207b69efa","is_prod":false,"is_daily":false,"is_ascension_mode":true,"campfire_upgraded":8,"path_taken":["M","?","?","$","M","R","M","?","T","?","?","M","R","?","R","BOSS","M","?","$","M","M","R","M","$","T","M","R","E","M","?","R","BOSS","M","M","M","?","M","R","?","R","T","$","R","?","M","?","R","BOSS"],"build_version":"2018-02-12-PROD1","purchased_purges":5,"victory":true,"master_deck":["Defend_G","Defend_G","Defend_G","Defend_G","Survivor","Neutralize+1","Envenom+1","Deadly Poison+1","Backflip+1","Deflect","Cloak And Dagger+1","Flechettes+1","Flechettes+1","Backflip+1","After Image","Noxious Fumes+1","Escape Plan","Escape Plan","Well Laid Plans+1","Backflip","Madness","Madness"],"max_hp_per_floor":[70,75,75,72,72,72,72,72,72,72,72,72,72,72,72,72,72,72,72,72,72,72,72,72,72,72,72,72,72,72,72,72,72,72,72,72,72,72,72,72,72,72,72,72,72,72,72,72,72,72],"relics":["Astrolabe","Centennial Puzzle","Frozen Eye","Runic Dome","Bird Faced Urn","Anchor","Lizard Tail","Shovel"],"card_choices":[{"not_picked":["Poisoned Stab","Dodge and Roll"],"picked":"Backflip"},{"not_picked":["Expertise","Poisoned Stab"],"picked":"Deflect"},{"not_picked":["Escape Plan","Tactician"],"picked":"Flechettes"},{"not_picked":["Poisoned Stab","Acrobatics"],"picked":"Flechettes"},{"not_picked":["Slice","Cloak And Dagger"],"picked":"Backflip"},{"not_picked":["Unload","Grand Finale"],"picked":"After Image"},{"not_picked":["Accuracy","Expertise"],"picked":"Noxious Fumes"},{"not_picked":["All Out Attack","Crippling Poison"],"picked":"Escape Plan"},{"not_picked":["Underhanded Strike","Quick Slash"],"picked":"Escape Plan"},{"not_picked":["PiercingWail","Glass Knife"],"picked":"Backflip"}],"player_experience":1159841,"potions_floor_usage":[16,21,29,33,37,41,46,50,50],"damage_taken":[{"damage":1,"enemies":"2 Louse","floor":1,"turns":3},{"damage":0,"enemies":"Blue Slaver","floor":3,"turns":5},{"damage":0,"enemies":"Jaw Worm","floor":5,"turns":4},{"damage":2,"enemies":"Gremlin Gang","floor":7,"turns":4},{"damage":3,"enemies":"Exordium Wildlife","floor":8,"turns":3},{"damage":4,"enemies":"Red Slaver","floor":11,"turns":4},{"damage":0,"enemies":"2 Fungi Beasts","floor":12,"turns":2},{"damage":10,"enemies":"The Guardian","floor":16,"turns":7},{"damage":1,"enemies":"Spheric Guardian","floor":18,"turns":4},{"damage":8,"enemies":"2 Thieves","floor":21,"turns":2},{"damage":13,"enemies":"Centurion and Healer","floor":22,"turns":5},{"damage":6,"enemies":"Snecko","floor":24,"turns":5},{"damage":12,"enemies":"Sentry and Sphere","floor":27,"turns":3},{"damage":4,"enemies":"Book of Stabbing","floor":29,"turns":4},{"damage":0,"enemies":"Centurion and Healer","floor":30,"turns":5},{"damage":21,"enemies":"Champ","floor":33,"turns":15},{"damage":5,"enemies":"3 Shapes","floor":35,"turns":8},{"damage":0,"enemies":"Orb Walker","floor":36,"turns":4},{"damage":16,"enemies":"4 Shapes","floor":37,"turns":6},{"damage":5,"enemies":"Sphere and 2 Shapes","floor":39,"turns":7},{"damage":17,"enemies":"3 Darklings","floor":41,"turns":6},{"damage":0,"enemies":"4 Shapes","floor":46,"turns":7},{"damage":12,"enemies":"Maw","floor":47,"turns":6},{"damage":46,"enemies":"Time Eater","floor":50,"turns":10}],"event_choices":[{"event_name":"Big Fish","player_choice":"Donut","floor":2,"damage_taken":0},{"event_name":"Wheel of Change","player_choice":"Relic","floor":10,"damage_taken":0},{"event_name":"Golden Wing","player_choice":"Card Removal","floor":14,"damage_taken":0},{"event_name":"Wheel of Change","player_choice":"Full Heal","floor":19,"damage_taken":0},{"event_name":"The Mausoleum","player_choice":"No","floor":31,"damage_taken":0},{"event_name":"Tomb of Lord Red Mask","player_choice":"Ignored","floor":38,"damage_taken":0},{"event_name":"Winding Halls","player_choice":"Embrace Madness","floor":48,"damage_taken":0}],"boss_relics":[{"not_picked":["Philosopher\u0027s Stone","Calling Bell"],"picked":"Runic Dome"},{"not_picked":["Eternal Feather","Velvet Choker"],"picked":"Lizard Tail"}],"potions_floor_spawned":[3,5,8,22,24,27,35,36,39,41,46],"seed_played":"-8889410063114348334","ascension_level":13,"is_trial":false}