{"path_per_floor":["M","?","?","M","M","R","M","R","T","M","R","$","M","E","R","B",null,"M","$","M","M","?","R","M","R","T","M","R","M","E","?","R","B",null,"M","?","$","?","M","R","M","R","T","M","R","M","$","M","R","B"],"character_chosen":"THE_SILENT","items_purchased":["Footwork"],"gold_per_floor":[116,116,116,129,139,139,155,155,155,170,170,95,115,140,140,237,237,237,56,56,56,56,56,56,56,56,56,56,56,56,56,56,56,56,56,0,0,0,0,0,0,0,0,0,0,0,0,0,0,0],"floor_reached":51,"campfire_rested":0,"playtime":2722,"current_hp_per_floor":[69,62,55,55,55,55,43,43,43,43,43,43,43,40,40,12,70,70,70,70,58,58,58,58,58,58,58,58,58,50,50,50,24,70,70,70,70,71,71,71,71,71,71,71,71,71,71,71,71,51],"items_purged":["Strike_G","Strike_G"],"gold":0,"score":496,"play_id":"7a1958f9-ec30-44aa-af82-aeae7873bcf0","is_prod":false,"is_daily":false,"is_ascension_mode":false,"campfire_upgraded":6,"path_taken":["M","?","?","M","M","R","M","R","T","M","R","$","M","E","R","BOSS","M","$","M","M","?","R","M","R","T","M","R","M","E","?","R","BOSS","M","?","?","?","M","R","?","R","T","M","R","M","?","M","R","BOSS"],"build_version":"2018-02-08-PROD1","purchased_purges":3,"victory":true,"master_deck":["Defend_G","Survivor+1","Neutralize+1","Dagger Throw","Cloak And Dagger+1","Adrenaline","After Image","Cloak And Dagger+1","Footwork+1","Infinite Blades+1","Predator+1","Die Die Die","Quick Slash+1","Expertise+1"],"max_hp_per_floor":[70,70,70,70,70,70,70,70,70,70,70,70,70,70,70,70,70,70,70,70,70,70,70,70,70,70,70,70,70,70,70,70,70,70,70,70,70,84,84,84,84,84,84,84,84,84,84,84,84,84],"relics":["Question Card","Peace Pipe","Vajra","Ectoplasm","Ancient Tea Set","Sundial","Sozu","Red Mask","Mango","Art of War"],"card_choices":[{"not_picked":["PiercingWail","Concentrate","Deflect"],"picked":"Poisoned Stab"},{"not_picked":["Sucker Punch","Acrobatics","Leg Sweep"],"picked":"Dagger Throw"},{"not_picked":["Endless Agony","Outmaneuver","Dodge and Roll"],"picked":"Cloak And Dagger"},{"not_picked":["Sucker Punch","Outmaneuver","Backflip"],"picked":"Adrenaline"},{"not_picked":["Corpse Explosion","Envenom","Glass Knife"],"picked":"After Image"},{"not_picked":["Dodge and Roll","Skewer","Acrobatics"],"picked":"Cloak And Dagger"},{"not_picked":["Riddle With Holes","Backflip","Catalyst"],"picked":"Infinite Blades"},{"not_picked":["Poisoned Stab","Backflip","Quick Slash"],"picked":"Predator"},{"not_picked":["Underhanded Strike","Outmaneuver","Blur"],"picked":"Die Die Die"},{"not_picked":["Dagger Throw","Distraction","Acrobatics"],"picked":"Quick Slash"},{"not_picked":["Corpse Explosion","Well Laid Plans","Prepared"],"picked":"Expertise"}],"player_experience":1000036,"potions_floor_usage":[14,20,30,33,33],"damage_taken":[{"damage":1,"enemies":"Cultist","floor":1,"turns":4},{"damage":0,"enemies":"Blue Slaver","floor":4,"turns":4},{"damage":0,"enemies":"2 Louse","floor":5,"turns":3},{"damage":12,"enemies":"Exordium Wildlife","floor":7,"turns":6},{"damage":0,"enemies":"3 Louse","floor":10,"turns":3},{"damage":0,"enemies":"Large Slime","floor":13,"turns":5},{"damage":3,"enemies":"3 Sentries","floor":14,"turns":8},{"damage":28,"enemies":"Hexaghost","floor":16,"turns":13},{"damage":0,"enemies":"3 Byrds","floor":18,"turns":7},{"damage":0,"enemies":"Chosen","floor":20,"turns":5},{"damage":12,"enemies":"Centurion and Healer","floor":21,"turns":8},{"damage":0,"enemies":"Snecko","floor":24,"turns":6},{"damage":0,"enemies":"Snake Plant","floor":27,"turns":6},{"damage":0,"enemies":"Centurion and Healer","floor":29,"turns":5},{"damage":8,"enemies":"Gremlin Leader","floor":30,"turns":8},{"damage":26,"enemies":"Champ","floor":33,"turns":12},{"damage":0,"enemies":"3 Shapes","floor":35,"turns":5},{"damage":13,"enemies":"Mysterious Sphere","floor":38,"turns":8},{"damage":0,"enemies":"Orb Walker","floor":39,"turns":3},{"damage":0,"enemies":"4 Shapes","floor":41,"turns":6},{"damage":0,"enemies":"Maw","floor":44,"turns":7},{"damage":0,"enemies":"3 Darklings","floor":46,"turns":3},{"damage":0,"enemies":"Sphere and 2 Shapes","floor":48,"turns":3},{"damage":20,"enemies":"Donu and Deca","floor":50,"turns":8}],"event_choices":[{"event_name":"Wheel of Change","player_choice":"Damage","floor":2,"damage_taken":0},{"event_name":"Golden Wing","player_choice":"Card Removal","floor":3,"damage_taken":0},{"event_name":"Vampires","player_choice":"Ignored","floor":22,"damage_taken":0},{"event_name":"Back to Basics","player_choice":"Elegance","floor":31,"damage_taken":0},{"event_name":"Tomb of Lord Red Mask","player_choice":"Paid","floor":36,"damage_taken":0},{"event_name":"Mysterious Sphere","player_choice":"Fight","floor":38,"damage_taken":0}],"boss_relics":[{"not_picked":["Tiny House","The Specimen"],"picked":"Ectoplasm"},{"not_picked":["White Beast Statue","Astrolabe"],"picked":"Sozu"}],"potions_floor_spawned":[5,7,13,16,18,30,41,44,48],"seed_played":"-9083939026676747594","ascension_level":0,"is_trial":false}