{"path_per_floor":["M","M","M","?","M","R","M","R","T","R","E","?","R","?","R"],"character_chosen":"THE_SILENT","items_purchased":[],"gold_per_floor":[117,132,148,148,158,158,173,173,196,196,227,227,227,247,247],"floor_reached":16,"campfire_rested":1,"playtime":598,"current_hp_per_floor":[70,69,70,56,58,58,60,60,60,60,32,32,53,53,53],"items_purged":[],"gold":247,"score":100,"play_id":"566c3310-7c9c-4673-bddf-d416b7d7b2c4","is_prod":false,"is_daily":false,"is_ascension_mode":false,"campfire_upgraded":4,"path_taken":["M","M","?","?","M","R","M","R","T","R","E","?","R","?","R","BOSS"],"build_version":"2018-02-12-PROD1","purchased_purges":0,"victory":false,"master_deck":["Defend_G","Defend_G","Defend_G","Defend_G","Defend_G","Strike_G","Strike_G","Strike_G+1","Strike_G","Strike_G+1","Survivor","Neutralize+1","Infinite Blades","Backflip+1","Backflip+1","Outmaneuver+1","Adrenaline","Backstab"],"max_hp_per_floor":[70,70,70,70,70,70,70,70,70,70,70,70,70,70,70],"relics":["Ring of the Snake","Blood Vial","Dream Catcher","Art of War","Odd Mushroom"],"card_choices":[{"not_picked":["Slice","Masterful Stab"],"picked":"Infinite Blades"},{"not_picked":["Heel Hook","Setup"],"picked":"Backflip"},{"not_picked":["Quick Slash","Deadly Poison"],"picked":"Backflip"},{"not_picked":["Acrobatics","Riddle With Holes"],"picked":"Outmaneuver"},{"not_picked":["Distraction","Slice"],"picked":"Adrenaline"},{"not_picked":["Poisoned Stab","Deflect"],"picked":"Backstab"}],"player_experience":1206313,"potions_floor_usage":[16,16],"damage_taken":[{"damage":0.0,"enemies":"Blue Slaver","floor":1.0,"turns":7.0},{"damage":1.0,"enemies":"Jaw Worm","floor":2.0,"turns":6.0},{"damage":0.0,"enemies":"2 Louse","floor":3.0,"turns":3.0},{"damage":0.0,"enemies":"Exordium Thugs","floor":5.0,"turns":4.0},{"damage":0.0,"enemies":"2 Fungi Beasts","floor":7.0,"turns":4.0},{"damage":30.0,"enemies":"Gremlin Nob","floor":11.0,"turns":6.0},{"damage":2.0,"enemies":"The Mushroom Lair","floor":14.0,"turns":4.0},{"damage":56,"enemies":"Hexaghost","floor":16,"turns":14}],"event_choices":[{"event_name":"Shining Light","player_choice":"Entered Light","floor":4.0,"damage_taken":0.0},{"event_name":"The Woman in Blue","player_choice":"Bought 0 Potions","floor":12.0,"damage_taken":0.0},{"event_name":"Mushrooms","player_choice":"Fought Mushrooms","floor":14.0,"damage_taken":0.0}],"boss_relics":[],"potions_floor_spawned":[1,3,5,11],"seed_played":"-15148625107470631","killed_by":"Hexaghost","ascension_level":0,"is_trial":false}