{"path_per_floor":["M","M","?","M","M","R","M","R","T","R","E","$","M","M","R","B",null,"M","M","?","$","M","R","E","M","T","M","R","M","R","M","R","B",null,"M","$","M","?","$","R","?","M","T","R","M","?","M","M","R","B"],"character_chosen":"THE_SILENT","items_purchased":["Footwork"],"gold_per_floor":[116,126,126,143,156,156,174,174,174,174,200,125,139,157,157,257,257,197,197,197,16,16,16,16,16,16,16,16,16,16,16,16,16,16,16,16,16,16,16,16,16,16,16,16,16,16,16,16,16,16],"floor_reached":51,"campfire_rested":2,"playtime":3635,"current_hp_per_floor":[68,68,73,68,45,45,45,45,45,45,45,45,45,42,42,37,75,60,55,55,55,55,55,47,47,47,38,38,38,38,31,53,43,75,75,75,75,75,75,75,75,70,70,70,63,63,54,53,75,63],"items_purged":["Strike_G","Strike_G"],"gold":16,"score":475,"play_id":"416e7650-f483-4d03-a3e4-dafc7cedb29d","is_prod":false,"is_daily":false,"is_ascension_mode":false,"campfire_upgraded":9,"path_taken":["M","?","?","?","M","R","M","R","T","R","E","$","M","M","R","BOSS","M","M","?","$","M","R","E","M","T","M","R","?","R","M","R","BOSS","M","?","?","?","$","R","?","?","T","R","M","?","M","M","R","BOSS"],"build_version":"2018-02-08-PROD1","purchased_purges":3,"victory":true,"master_deck":["Defend_G+1","Defend_G+1","Defend_G+1","Defend_G+1","Survivor+1","Neutralize+1","Caltrops+1","Blur+1","Infinite Blades+1","Leg Sweep+1","A Thousand Cuts+1","Noxious Fumes+1","Deflect","Die Die Die","Infinite Blades","Adrenaline+1","Flying Knee+1","Dash+1","Footwork+1","Backflip+1","After Image","Noxious Fumes+1","Backflip","Dash"],"max_hp_per_floor":[70,70,75,75,75,75,75,75,75,75,75,75,75,75,75,75,75,75,75,75,75,75,75,75,75,75,75,75,75,75,75,75,75,75,75,75,75,75,75,75,75,75,75,75,75,75,75,75,75,75],"relics":["Astrolabe","Sundial","Prayer Wheel","Ectoplasm","The Courier","Tiny Chest","Philosopher\u0027s Stone","Oddly Smooth Stone"],"card_choices":[{"not_picked":["Underhanded Strike","Heel Hook"],"picked":"Leg Sweep"},{"not_picked":["Prepared","Dagger Spray"],"picked":"A Thousand Cuts"},{"not_picked":["Deflect","Heel Hook"],"picked":"Noxious Fumes"},{"not_picked":["Prepared","Masterful Stab"],"picked":"Deflect"},{"not_picked":["Slice","Flying Knee"],"picked":"Die Die Die"},{"not_picked":["Quick Slash","Dagger Throw"],"picked":"Infinite Blades"},{"not_picked":["A Thousand Cuts","Die Die Die"],"picked":"Adrenaline"},{"not_picked":["Dodge and Roll","Poisoned Stab"],"picked":"Flying Knee"},{"not_picked":["Setup","Dodge and Roll"],"picked":"Dash"},{"not_picked":["Prepared","PiercingWail"],"picked":"Backflip"},{"not_picked":["Catalyst","Infinite Blades"],"picked":"After Image"},{"not_picked":["Deadly Poison","Calculated Gamble"],"picked":"Noxious Fumes"},{"not_picked":["Heel Hook","Cloak And Dagger"],"picked":"Backflip"},{"not_picked":["Flying Knee","Storm of Steel"],"picked":"Dash"}],"player_experience":1135929,"potions_floor_usage":[11,11,24,24,24,50,50,50],"damage_taken":[{"damage":2,"enemies":"Blue Slaver","floor":1,"turns":6},{"damage":0,"enemies":"Jaw Worm","floor":2,"turns":6},{"damage":5,"enemies":"Small Slimes","floor":4,"turns":5},{"damage":23,"enemies":"Gremlin Gang","floor":5,"turns":6},{"damage":0,"enemies":"Exordium Wildlife","floor":7,"turns":4},{"damage":12,"enemies":"Gremlin Nob","floor":11,"turns":5},{"damage":0,"enemies":"Looter","floor":13,"turns":4},{"damage":3,"enemies":"Red Slaver","floor":14,"turns":6},{"damage":5,"enemies":"Hexaghost","floor":16,"turns":9},{"damage":15,"enemies":"2 Thieves","floor":18,"turns":3},{"damage":5,"enemies":"3 Byrds","floor":19,"turns":3},{"damage":0,"enemies":"Centurion and Healer","floor":22,"turns":8},{"damage":8,"enemies":"Slavers","floor":24,"turns":5},{"damage":0,"enemies":"Snecko","floor":25,"turns":5},{"damage":9,"enemies":"Chosen and Byrds","floor":27,"turns":7},{"damage":0,"enemies":"3 Cultists","floor":29,"turns":4},{"damage":7,"enemies":"Slaver and Parasite","floor":31,"turns":6},{"damage":10,"enemies":"Collector","floor":33,"turns":8},{"damage":0,"enemies":"Orb Walker","floor":35,"turns":4},{"damage":0,"enemies":"3 Darklings","floor":37,"turns":5},{"damage":5,"enemies":"4 Shapes","floor":42,"turns":6},{"damage":7,"enemies":"Sphere and 2 Shapes","floor":45,"turns":6},{"damage":9,"enemies":"3 Darklings","floor":47,"turns":4},{"damage":1,"enemies":"Maw","floor":48,"turns":8},{"damage":27,"enemies":"Donu and Deca","floor":50,"turns":10}],"event_choices":[{"event_name":"Big Fish","player_choice":"Donut","floor":3,"damage_taken":0},{"event_name":"Back to Basics","player_choice":"Simplicity","floor":20,"damage_taken":0},{"event_name":"Mysterious Sphere","player_choice":"Ignore","floor":41,"damage_taken":0},{"event_name":"Wheel of Change","player_choice":"Gold","floor":46,"damage_taken":0}],"boss_relics":[{"not_picked":["Eternal Feather","The Specimen"],"picked":"Ectoplasm"},{"not_picked":["Pandora\u0027s Box","Runic Dome"],"picked":"Philosopher\u0027s Stone"}],"potions_floor_spawned":[4,5,11,14,16,19,22,31,33,42,47,48],"seed_played":"-1749444989869127885","ascension_level":0,"is_trial":false}