{"path_per_floor":["M","?","?","M","$","R","M","M","T","$","?","R","?","M","R","B",null,"M","?","?","M","M","R","M","R","T","$","R","M","M","M","R","B",null,"M","M","$","?","M","?","R","M","T","?","M","M","$","M","R","B"],"character_chosen":"THE_SILENT","items_purchased":["Footwork"],"gold_per_floor":[210,210,210,231,156,156,175,200,225,125,75,75,75,99,99,225,225,245,160,160,181,199,199,219,219,219,27,27,46,65,83,83,204,204,225,243,93,93,116,0,0,25,93,93,113,128,128,152,152,152],"floor_reached":51,"campfire_rested":1,"playtime":2206,"current_hp_per_floor":[63,63,63,63,63,63,63,62,62,62,62,62,55,53,53,53,65,60,60,60,60,60,60,58,58,58,58,58,58,58,48,48,39,65,65,65,65,65,65,65,65,65,65,57,57,57,57,57,65,65],"items_purged":["Strike_G","Strike_G","Defend_G","Defend_G"],"gold":152,"score":669,"play_id":"471eb11a-8326-4896-8971-6fd78fcd725e","is_prod":false,"is_daily":false,"is_ascension_mode":false,"campfire_upgraded":6,"path_taken":["M","?","?","?","$","R","M","M","T","$","?","R","?","M","R","BOSS","M","?","?","M","M","R","M","R","T","$","R","M","?","M","R","BOSS","M","M","$","?","?","?","R","?","T","?","?","M","$","M","R","BOSS"],"build_version":"2018-02-08-PROD1","purchased_purges":4,"victory":true,"master_deck":["Defend_G","Survivor","Neutralize+1","Deadly Poison+1","Dash+1","Backflip+1","Backstab","Footwork+1","Bouncing Flask+1","Footwork+1","Footwork+1","Escape Plan","Madness","Madness","Footwork+1"],"max_hp_per_floor":[70,65,65,65,65,65,65,65,65,65,65,65,65,65,65,65,65,65,65,65,65,65,65,65,65,65,65,65,65,65,65,65,65,65,65,65,65,65,65,65,65,65,65,65,65,65,65,65,65,65],"relics":["Ring of the Snake","Golden Idol","Lantern","Sozu","Bag of Preparation","Peace Pipe","The Specimen","Red Mask","Letter Opener"],"card_choices":[{"not_picked":["Slice","Eviscerate"],"picked":"Deadly Poison"},{"not_picked":["Prepared","Skewer"],"picked":"Dash"},{"not_picked":["PiercingWail","Venomology"],"picked":"Backflip"},{"not_picked":["Masterful Stab","Prepared"],"picked":"Backstab"},{"not_picked":["Outmaneuver","Backflip"],"picked":"Bouncing Flask"},{"not_picked":["PiercingWail","Skewer"],"picked":"Footwork"},{"not_picked":["Flying Knee","Outmaneuver"],"picked":"Escape Plan"},{"not_picked":["Infinite Blades","Noxious Fumes"],"picked":"Footwork"}],"player_experience":1145445,"potions_floor_usage":[8],"damage_taken":[{"damage":7,"enemies":"Jaw Worm","floor":1,"turns":8},{"damage":0,"enemies":"Small Slimes","floor":4,"turns":4},{"damage":0,"enemies":"2 Louse","floor":7,"turns":2},{"damage":1,"enemies":"Lots of Slimes","floor":8,"turns":4},{"damage":2,"enemies":"Large Slime","floor":14,"turns":9},{"damage":0,"enemies":"The Guardian","floor":16,"turns":9},{"damage":5,"enemies":"Chosen","floor":18,"turns":6},{"damage":0,"enemies":"3 Byrds","floor":21,"turns":6},{"damage":0,"enemies":"Centurion and Healer","floor":22,"turns":7},{"damage":2,"enemies":"Sentry and Sphere","floor":24,"turns":7},{"damage":0,"enemies":"3 Cultists","floor":29,"turns":6},{"damage":0,"enemies":"Snake Plant","floor":30,"turns":3},{"damage":10,"enemies":"Chosen and Byrds","floor":31,"turns":5},{"damage":9,"enemies":"Collector","floor":33,"turns":10},{"damage":0,"enemies":"Orb Walker","floor":35,"turns":4},{"damage":0,"enemies":"3 Darklings","floor":36,"turns":7},{"damage":0,"enemies":"4 Shapes","floor":39,"turns":5},{"damage":0,"enemies":"Maw","floor":42,"turns":6},{"damage":0,"enemies":"Sphere and 2 Shapes","floor":45,"turns":4},{"damage":0,"enemies":"3 Darklings","floor":46,"turns":3},{"damage":0,"enemies":"4 Shapes","floor":48,"turns":4},{"damage":0,"enemies":"Time Eater","floor":50,"turns":12}],"event_choices":[{"event_name":"Golden Idol","player_choice":"Lose Max HP","floor":2,"damage_taken":0},{"event_name":"Purifier","player_choice":"One Purge","floor":3,"damage_taken":0},{"event_name":"The Cleric","player_choice":"Card Removal","floor":11,"damage_taken":0},{"event_name":"Golden Wing","player_choice":"Card Removal","floor":13,"damage_taken":0},{"event_name":"Addict","player_choice":"Obtained Relic","floor":19,"damage_taken":0},{"event_name":"The Library","player_choice":"Read","floor":20,"damage_taken":0},{"event_name":"Accursed Blacksmith","player_choice":"Ignore","floor":38,"damage_taken":0},{"event_name":"Tomb of Lord Red Mask","player_choice":"Paid","floor":40,"damage_taken":0},{"event_name":"Winding Halls","player_choice":"Embrace Madness","floor":44,"damage_taken":0}],"boss_relics":[{"not_picked":["Philosopher\u0027s Stone","Ectoplasm"],"picked":"Sozu"},{"not_picked":["Velvet Choker","Orrery"],"picked":"The Specimen"}],"potions_floor_spawned":[1,8,14,22,24,29,30,33,36,46,48],"seed_played":"1249179241320974401","ascension_level":0,"is_trial":false}