{"path_per_floor":["M","M","M","T","$","R","M","?","T","R","M","?","R","M","R","B",null,"M","M","?","M","?"],"character_chosen":"THE_SILENT","items_purchased":["Footwork"],"gold_per_floor":[112,123,141,189,74,74,94,157,180,180,194,194,194,205,205,309,309,319,338,338,353,353],"floor_reached":23,"campfire_rested":2,"playtime":951,"current_hp_per_floor":[56,55,52,52,52,52,52,24,24,44,33,26,46,46,46,17,55,11,11,11,11,11],"items_purged":["Strike_G"],"gold":353,"score":275,"play_id":"71c44c6b-c34d-476b-8376-b8808894399c","is_prod":false,"is_daily":false,"is_ascension_mode":true,"campfire_upgraded":2,"path_taken":["M","M","?","?","?","R","M","?","T","R","M","?","R","M","R","BOSS","M","M","?","?","?","E"],"build_version":"2018-02-12-PROD1","purchased_purges":1,"victory":false,"master_deck":["Defend_G+1","Defend_G+1","Defend_G+1","Defend_G+1","Defend_G+1","Strike_G+1","Strike_G+1","Strike_G+1","Strike_G+1","Survivor","Neutralize","Calculated Gamble","Deflect","Dagger Spray+1","Footwork+1","Quick Slash","Blur","Blur","Burst","Noxious Fumes","Deflect+1"],"max_hp_per_floor":[67,67,67,67,67,67,67,67,67,67,67,67,67,67,67,67,67,67,67,67,67,67],"relics":["Ring of the Snake","Whetstone","Peace Pipe","Anchor","The Courier","Philosopher\u0027s Stone"],"card_choices":[{"not_picked":["Prepared","Finisher"],"picked":"Calculated Gamble"},{"not_picked":["Blade Dance","Accuracy"],"picked":"Deflect"},{"not_picked":["Masterful Stab","Acrobatics"],"picked":"Dagger Spray"},{"not_picked":["Bane","PiercingWail"],"picked":"Quick Slash"},{"not_picked":["Quick Slash","Sucker Punch"],"picked":"Blur"},{"not_picked":["Riddle With Holes","Endless Agony"],"picked":"Blur"},{"not_picked":["Storm of Steel","Doppelganger"],"picked":"Burst"},{"not_picked":["Malaise","Acrobatics"],"picked":"Noxious Fumes"},{"not_picked":["Finisher","Acrobatics"],"picked":"Deflect"}],"player_experience":1150412,"potions_floor_usage":[8,11,16,19,21,21,23,23],"damage_taken":[{"damage":7,"enemies":"Blue Slaver","floor":1,"turns":8},{"damage":1,"enemies":"Cultist","floor":2,"turns":4},{"damage":3,"enemies":"2 Louse","floor":3,"turns":4},{"damage":0,"enemies":"2 Fungi Beasts","floor":7,"turns":4},{"damage":28,"enemies":"Lagavulin Event","floor":8,"turns":11},{"damage":11,"enemies":"Gremlin Gang","floor":11,"turns":6},{"damage":0,"enemies":"Large Slime","floor":14,"turns":7},{"damage":29,"enemies":"Slime Boss","floor":16,"turns":15},{"damage":44,"enemies":"Chosen","floor":18,"turns":9},{"damage":0,"enemies":"Spheric Guardian","floor":19,"turns":6},{"damage":0,"enemies":"Snecko","floor":21,"turns":7},{"damage":30,"enemies":"Slavers","floor":23,"turns":4}],"event_choices":[{"event_name":"Dead Adventurer","player_choice":"Searched \u00271\u0027 times","floor":8,"damage_taken":0},{"event_name":"Scrap Ooze","player_choice":"success","floor":12,"damage_taken":7},{"event_name":"Drug Dealer","player_choice":"Ignored","floor":20,"damage_taken":0},{"event_name":"Back to Basics","player_choice":"Simplicity","floor":22,"damage_taken":0}],"boss_relics":[{"not_picked":["Lizard Tail","Question Card"],"picked":"Philosopher\u0027s Stone"}],"potions_floor_spawned":[2,3,8,11,16,18,19,21],"seed_played":"-1917800430562980860","killed_by":"Slavers","ascension_level":10,"is_trial":false}