{"path_per_floor":["M","?","$","M","M","R","M","R","T","R","E","R","?","M","R","B",null,"M","M","?","?","?","R","E","R","T","$","M","R","M","E","R","B",null,"M","M","M","$","M","R","M","?","T","R","?","M","R","M","R","B"],"character_chosen":"THE_SILENT","items_purchased":["Predator","Secret Technique","Dramatic Entrance"],"gold_per_floor":[217,317,242,260,280,280,294,294,342,342,397,397,347,361,361,463,463,452,466,466,466,466,466,497,497,524,355,372,372,382,411,411,507,507,520,530,544,116,130,130,150,150,176,176,176,191,191,204,204,204],"floor_reached":51,"campfire_rested":2,"playtime":2735,"current_hp_per_floor":[67,67,67,65,65,65,65,65,65,65,30,30,30,30,30,38,70,60,44,67,67,67,67,33,33,33,33,44,44,44,51,74,58,77,72,72,71,71,72,72,72,72,72,72,72,63,63,70,77,61],"items_purged":["Strike_G","Strike_G","Strike_G"],"gold":204,"score":637,"play_id":"d3f22f14-3229-4c42-a248-bd5818f84d94","is_prod":false,"is_daily":false,"is_ascension_mode":false,"campfire_upgraded":11,"path_taken":["M","?","$","?","M","R","M","R","T","R","E","R","?","M","R","BOSS","M","M","?","?","?","R","E","R","T","$","M","R","M","E","R","BOSS","M","M","M","$","M","R","M","?","T","R","?","M","R","?","R","BOSS"],"build_version":"2018-02-08-PROD1","purchased_purges":3,"victory":true,"master_deck":["Defend_G+1","Defend_G+1","Defend_G+1","Defend_G+1","Strike_G+1","Survivor+1","Neutralize+1","Backstab+1","PiercingWail+1","Deflect+1","Well Laid Plans+1","Flying Knee+1","Venomology+1","Dagger Throw+1","Backflip+1","Predator+1","Slice+1","Quick Slash+1","After Image","Cloak And Dagger+1","Secret Technique","Dramatic Entrance","Tactician+1","Escape Plan"],"max_hp_per_floor":[70,70,70,70,70,70,70,70,70,70,70,70,70,70,70,70,70,70,70,70,70,70,70,70,70,70,70,70,70,70,77,77,77,77,77,77,77,77,77,77,77,77,77,77,77,77,77,77,77,77],"relics":["Ring of the Snake","Bronze Scales","Tiny Chest","Philosopher\u0027s Stone","Bottled Lightning","Dream Catcher","Strawberry","Question Card","Prayer Wheel"],"card_choices":[{"not_picked":["Sucker Punch","Endless Agony"],"picked":"Backstab"},{"not_picked":["Poisoned Stab","Dodge and Roll"],"picked":"PiercingWail"},{"not_picked":["Outmaneuver","Sucker Punch"],"picked":"Deflect"},{"not_picked":["Skewer","Slice"],"picked":"Well Laid Plans"},{"not_picked":["Prepared","Underhanded Strike"],"picked":"Flying Knee"},{"not_picked":["Grand Finale","Wraith Form"],"picked":"Venomology"},{"not_picked":["Eviscerate","Choke"],"picked":"Dagger Throw"},{"not_picked":["Unload","Malaise"],"picked":"Backflip"},{"not_picked":["Escape Plan","Dagger Spray"],"picked":"Slice"},{"not_picked":["Poisoned Stab","Well Laid Plans"],"picked":"Quick Slash"},{"not_picked":["Die Die Die","Venomology"],"picked":"After Image"},{"not_picked":["All Out Attack","Quick Slash","Underhanded Strike"],"picked":"Cloak And Dagger"},{"not_picked":["Poisoned Stab","Endless Agony","Bane"],"picked":"Escape Plan"}],"player_experience":1013138,"potions_floor_usage":[11,16,18,19,19,28,30,31,33,33,35,36,39,41,41,46,48,48,48,50,50],"damage_taken":[{"damage":3,"enemies":"Jaw Worm","floor":1,"turns":5},{"damage":2,"enemies":"Cultist","floor":4,"turns":4},{"damage":0,"enemies":"2 Louse","floor":5,"turns":2},{"damage":0,"enemies":"Lots of Slimes","floor":7,"turns":7},{"damage":35,"enemies":"Gremlin Nob","floor":11,"turns":6},{"damage":0,"enemies":"2 Fungi Beasts","floor":14,"turns":3},{"damage":7,"enemies":"The Guardian","floor":16,"turns":11},{"damage":10,"enemies":"2 Thieves","floor":18,"turns":4},{"damage":16,"enemies":"3 Byrds","floor":19,"turns":4},{"damage":34,"enemies":"Book of Stabbing","floor":24,"turns":6},{"damage":1,"enemies":"Slaver and Parasite","floor":28,"turns":5},{"damage":0,"enemies":"Snecko","floor":30,"turns":4},{"damage":0,"enemies":"Gremlin Leader","floor":31,"turns":7},{"damage":16,"enemies":"Automaton","floor":33,"turns":10},{"damage":5,"enemies":"3 Darklings","floor":35,"turns":5},{"damage":0,"enemies":"Orb Walker","floor":36,"turns":4},{"damage":1,"enemies":"4 Shapes","floor":37,"turns":7},{"damage":5,"enemies":"Maw","floor":39,"turns":9},{"damage":0,"enemies":"3 Darklings","floor":41,"turns":5},{"damage":9,"enemies":"4 Shapes","floor":46,"turns":4},{"damage":8,"enemies":"Maw","floor":48,"turns":8},{"damage":16,"enemies":"Awakened One","floor":50,"turns":17}],"event_choices":[{"event_name":"Golden Shrine","player_choice":"Pray","floor":2,"damage_taken":0},{"event_name":"The Cleric","player_choice":"Card Removal","floor":13,"damage_taken":0},{"event_name":"The Library","player_choice":"Heal","floor":20,"damage_taken":0},{"event_name":"Back to Basics","player_choice":"Simplicity","floor":21,"damage_taken":0},{"event_name":"Drug Dealer","player_choice":"Ignored","floor":22,"damage_taken":0},{"event_name":"Transmorgrifier","player_choice":"Transform","floor":42,"damage_taken":0},{"event_name":"Mysterious Sphere","player_choice":"Ignore","floor":45,"damage_taken":0}],"boss_relics":[{"not_picked":["Tiny House","Runic Pyramid"],"picked":"Philosopher\u0027s Stone"},{"not_picked":["Velvet Choker","The Specimen"],"picked":"Question Card"}],"potions_floor_spawned":[4,7,16,18,28,31,37,46],"seed_played":"-6685250103831847871","ascension_level":0,"is_trial":false}