{"path_per_floor":["M","?","M","M","T","E","R","?","T","M","M","R","M","M","R","B",null,"M","M","M","?","?","R","?","E","T","R","?","M","M","M","R","B",null,"M","?","M","?","M","R","$","R","T","M","R","M","?","E","R"],"character_chosen":"THE_SILENT","items_purchased":[],"gold_per_floor":[99,64,64,64,64,64,64,64,64,64,64,64,64,64,64,64,64,64,64,64,64,64,64,64,64,64,64,64,64,64,64,64,64,64,64,64,64,64,64,64,64,64,64,64,64,64,64,64,64],"floor_reached":50,"campfire_rested":2,"playtime":45063,"current_hp_per_floor":[70,70,70,70,70,64,64,57,57,57,57,57,57,57,57,57,70,70,58,49,49,49,49,42,29,29,45,45,53,51,54,54,16,54,54,54,54,54,54,54,54,54,54,54,54,54,47,10,26],"items_purged":[],"gold":64,"score":522,"play_id":"ae4c74f5-c5fe-409b-ab30-69b99655068e","is_prod":false,"is_daily":false,"is_ascension_mode":false,"campfire_upgraded":8,"path_taken":["M","?","M","M","?","E","R","?","T","?","M","R","M","?","R","BOSS","M","M","M","?","?","R","?","E","T","R","?","?","M","M","R","BOSS","M","?","M","?","M","R","?","R","T","M","R","M","?","E","R","BOSS"],"build_version":"2018-02-08-PROD1","purchased_purges":0,"victory":false,"master_deck":["Defend_G","Defend_G","Defend_G","Defend_G","Defend_G","Survivor+1","Neutralize+1","Backflip+1","Quick Slash","Escape Plan","Backstab","Deadly Poison+1","Deadly Poison+1","Backflip+1","Die Die Die","Backstab+1","Skewer+1","Bite","Bite","Bite","Bite","Bite","Calculated Gamble+1","Bane+1","Backflip","Madness","Madness"],"max_hp_per_floor":[70,70,70,70,70,70,70,70,70,70,70,70,70,70,70,70,70,70,70,70,49,49,49,54,54,54,54,54,54,54,54,54,54,54,54,54,54,54,54,54,54,54,54,54,54,54,54,54,54],"relics":["Ectoplasm","Calipers","Bottled Lightning","Oddly Smooth Stone","Lantern","Sozu","Tough Bandages","Dead Branch","Orrery","Gambling Chip","Pen Nib"],"card_choices":[{"not_picked":["Bane","Phantasmal Killer"],"picked":"Backflip"},{"not_picked":["Escape Plan","Blur"],"picked":"Quick Slash"},{"not_picked":["Reflex","Deadly Poison"],"picked":"Escape Plan"},{"not_picked":["Blade Dance","Distraction"],"picked":"Backstab"},{"not_picked":["Flying Knee","Acrobatics"],"picked":"Deadly Poison"},{"not_picked":["Dagger Throw","Flying Knee"],"picked":"Deadly Poison"},{"not_picked":["Escape Plan","Poisoned Stab"],"picked":"Backflip"},{"not_picked":["Dagger Throw","Outmaneuver"],"picked":"Die Die Die"},{"not_picked":["Slice","Underhanded Strike"],"picked":"Backstab"},{"not_picked":["Prepared","Dodge and Roll"],"picked":"Skewer"},{"not_picked":["Poisoned Stab","Doppelganger"],"picked":"Bane"},{"not_picked":["Dagger Spray","Deflect"],"picked":"Calculated Gamble"},{"not_picked":["Deflect","Underhanded Strike"],"picked":"Bane"},{"not_picked":["Blade Dance","Corpse Explosion"],"picked":"Backflip"}],"player_experience":1055316,"potions_floor_usage":[6],"damage_taken":[{"damage":0,"enemies":"2 Louse","floor":1,"turns":3},{"damage":0,"enemies":"Cultist","floor":3,"turns":4},{"damage":0,"enemies":"Jaw Worm","floor":4,"turns":3},{"damage":6,"enemies":"3 Sentries","floor":6,"turns":7},{"damage":0,"enemies":"Large Slime","floor":10,"turns":7},{"damage":0,"enemies":"3 Louse","floor":11,"turns":3},{"damage":0,"enemies":"Exordium Wildlife","floor":13,"turns":4},{"damage":0,"enemies":"Lots of Slimes","floor":14,"turns":3},{"damage":0,"enemies":"The Guardian","floor":16,"turns":8},{"damage":0,"enemies":"Shell Parasite","floor":18,"turns":4},{"damage":12,"enemies":"Spheric Guardian","floor":19,"turns":5},{"damage":9,"enemies":"Snake Plant","floor":20,"turns":3},{"damage":29,"enemies":"Gremlin Leader","floor":25,"turns":7},{"damage":0,"enemies":"Snecko","floor":29,"turns":3},{"damage":12,"enemies":"Centurion and Healer","floor":30,"turns":7},{"damage":0,"enemies":"Cultist and Chosen","floor":31,"turns":4},{"damage":52,"enemies":"Collector","floor":33,"turns":10},{"damage":0,"enemies":"3 Darklings","floor":35,"turns":7},{"damage":0,"enemies":"Orb Walker","floor":37,"turns":2},{"damage":8,"enemies":"4 Shapes","floor":39,"turns":8},{"damage":9,"enemies":"3 Darklings","floor":44,"turns":15},{"damage":2,"enemies":"Maw","floor":46,"turns":7},{"damage":46,"enemies":"Nemesis","floor":48,"turns":7},{"damage":73,"enemies":"Time Eater","floor":50,"turns":8}],"event_choices":[{"event_name":"World of Goop","player_choice":"Left","floor":2,"damage_taken":0},{"event_name":"Scrap Ooze","player_choice":"success","floor":8,"damage_taken":7},{"event_name":"Vampires","player_choice":"Became a vampire","floor":21,"damage_taken":0},{"event_name":"Beggar","player_choice":"Ignored","floor":22,"damage_taken":0},{"event_name":"Forgotten Altar","player_choice":"Shed Blood","floor":24,"damage_taken":0},{"event_name":"Drug Dealer","player_choice":"Ignored","floor":28,"damage_taken":0},{"event_name":"Mysterious Sphere","player_choice":"Ignore","floor":38,"damage_taken":0},{"event_name":"Winding Halls","player_choice":"Embrace Madness","floor":47,"damage_taken":0}],"boss_relics":[{"not_picked":["Lizard Tail","White Beast Statue"],"picked":"Sozu"},{"not_picked":["Calling Bell","Velvet Choker"],"picked":"Orrery"}],"potions_floor_spawned":[4,6,10,13,16,19,20,30,31,35,37,44],"seed_played":"-5879958001068784018","killed_by":"Time Eater","ascension_level":0,"is_trial":false}