{"path_per_floor":["M","M","?","?","M","E","R","?","T","R","M","M","?","M","R","B",null,"M","$","M","T","$","R","M","R","T","R","M","$","?","M","R","B",null,"M","?","M","M","?","R","?","R","T","?","M","R","M","$","R","B"],"character_chosen":"THE_SILENT","items_purchased":["Dash"],"gold_per_floor":[14,34,34,34,50,75,75,25,48,48,61,78,78,93,93,195,195,211,136,146,146,46,46,56,56,56,56,66,66,66,83,83,187,187,199,199,211,223,223,223,223,223,223,223,241,241,256,96,96,96],"floor_reached":51,"campfire_rested":1,"playtime":2963,"current_hp_per_floor":[70,70,63,63,63,55,55,55,55,55,50,50,36,36,36,24,70,69,69,69,69,69,69,69,69,69,69,69,69,69,69,69,53,70,70,70,67,67,60,64,55,59,59,59,52,56,45,45,70,52],"items_purged":["Strike_G","Defend_G","Survivor"],"gold":96,"score":497,"play_id":"7b8e4c20-7ccc-4bc0-a6fe-bcfaab7055ce","is_prod":false,"is_daily":false,"is_ascension_mode":false,"campfire_upgraded":10,"path_taken":["M","?","?","?","?","E","R","?","T","R","M","M","?","M","R","BOSS","M","?","M","?","$","R","M","R","T","R","M","$","?","?","R","BOSS","M","?","M","?","?","R","?","R","T","?","M","R","M","$","R","BOSS"],"build_version":"2018-02-12-PROD1","purchased_purges":4,"victory":true,"master_deck":["Defend_G+1","Defend_G+1","Strike_G+1","Neutralize+1","Well Laid Plans+1","Flying Knee+1","Predator+1","Deflect+1","Terror+1","Phantasmal Killer+1","Madness+1","Madness","Footwork+1","Predator+1","Dash"],"max_hp_per_floor":[70,70,70,70,70,70,70,70,70,70,70,70,70,70,70,70,70,70,70,70,70,70,70,70,70,70,70,70,70,70,70,70,70,70,70,70,70,70,70,70,70,70,70,70,70,70,70,70,70,70],"relics":["Ring of the Snake","Bottled Tornado","Omamori","Sozu","Frozen Egg 2","Prayer Wheel","Eternal Feather","Du-Vu Doll"],"card_choices":[{"not_picked":["Finisher","Acrobatics"],"picked":"Well Laid Plans"},{"not_picked":["Malaise","Prepared"],"picked":"Flying Knee"},{"not_picked":["Sucker Punch","Quick Slash"],"picked":"Predator"},{"not_picked":["Dagger Throw","Prepared"],"picked":"Deflect"},{"not_picked":["Prepared","Setup"],"picked":"Backflip"},{"not_picked":["PiercingWail","Poisoned Stab"],"picked":"Terror"},{"not_picked":["Glass Knife","Corpse Explosion"],"picked":"Phantasmal Killer"},{"not_picked":["Dagger Throw","Eviscerate"],"picked":"Footwork"},{"not_picked":["Sucker Punch","Escape Plan"],"picked":"Predator"}],"player_experience":1186553,"potions_floor_usage":[],"damage_taken":[{"damage":0,"enemies":"Blue Slaver","floor":1,"turns":9},{"damage":0,"enemies":"Cultist","floor":2,"turns":5},{"damage":0,"enemies":"Jaw Worm","floor":5,"turns":5},{"damage":8,"enemies":"Lagavulin","floor":6,"turns":7},{"damage":5,"enemies":"3 Louse","floor":11,"turns":2},{"damage":0,"enemies":"2 Fungi Beasts","floor":12,"turns":2},{"damage":0,"enemies":"Gremlin Gang","floor":14,"turns":4},{"damage":12,"enemies":"The Guardian","floor":16,"turns":10},{"damage":1,"enemies":"Shell Parasite","floor":18,"turns":4},{"damage":0,"enemies":"Spheric Guardian","floor":20,"turns":3},{"damage":0,"enemies":"Snake Plant","floor":24,"turns":3},{"damage":0,"enemies":"Snecko","floor":28,"turns":4},{"damage":0,"enemies":"3 Cultists","floor":31,"turns":4},{"damage":16,"enemies":"Champ","floor":33,"turns":9},{"damage":0,"enemies":"3 Darklings","floor":35,"turns":6},{"damage":3,"enemies":"Orb Walker","floor":37,"turns":2},{"damage":0,"enemies":"4 Shapes","floor":38,"turns":5},{"damage":7,"enemies":"Maw","floor":45,"turns":6},{"damage":11,"enemies":"Sphere and 2 Shapes","floor":47,"turns":7},{"damage":18,"enemies":"Time Eater","floor":50,"turns":8}],"event_choices":[{"event_name":"Golden Wing","player_choice":"Card Removal","floor":3,"damage_taken":0},{"event_name":"Living Wall","player_choice":"Forget","floor":4,"damage_taken":0},{"event_name":"The Cleric","player_choice":"Card Removal","floor":8,"damage_taken":0},{"event_name":"Shining Light","player_choice":"Entered Light","floor":13,"damage_taken":0},{"event_name":"N\u0027loth","player_choice":"Ignored","floor":30,"damage_taken":0},{"event_name":"The Lab","player_choice":"Got Potions","floor":36,"damage_taken":0},{"event_name":"Wheel of Change","player_choice":"Damage","floor":39,"damage_taken":0},{"event_name":"Winding Halls","player_choice":"Embrace Madness","floor":41,"damage_taken":0}],"boss_relics":[{"not_picked":["Question Card","The Specimen"],"picked":"Sozu"},{"not_picked":["Snecko Eye","Orrery"],"picked":"Eternal Feather"}],"potions_floor_spawned":[1,6,14,24,28,31,45,47],"seed_played":"3273499061212306280","ascension_level":0,"is_trial":false}