{"path_per_floor":["M","?","?","$","M","R","E","R","T","R","M","M","M","M","R","B",null,"M","M","$","?","M","R","?","R","T","$","?","R","M","M","R","B",null,"M","$","M","M","?","R","M","?","T","$","M","?","M","M","R","B"],"character_chosen":"THE_SILENT","items_purchased":["Footwork","Oddly Smooth Stone","Predator","Vajra","Venomology","Strange Spoon","Block Potion"],"gold_per_floor":[109,109,109,34,49,49,88,88,88,88,102,118,131,149,149,269,269,283,308,20,20,40,40,40,40,40,6,6,6,21,40,40,160,160,184,59,73,89,389,389,407,740,767,55,66,66,82,94,94,94],"floor_reached":51,"campfire_rested":2,"playtime":2122,"current_hp_per_floor":[70,70,53,53,53,53,30,30,30,51,50,50,45,37,37,36,70,70,68,68,68,64,64,64,64,64,64,64,64,64,64,64,59,70,70,70,65,61,61,61,56,56,56,56,55,55,55,55,70,55],"items_purged":["Strike_G","Strike_G","Survivor","Strike_G"],"gold":94,"score":526,"play_id":"d491a61c-8e67-43c8-9db1-1dce39d4fb12","is_prod":false,"is_daily":false,"is_ascension_mode":false,"campfire_upgraded":8,"path_taken":["M","?","?","?","M","R","E","R","T","R","M","M","M","M","R","BOSS","M","M","$","?","M","R","?","R","T","$","?","R","?","M","R","BOSS","M","$","M","M","?","R","M","?","T","$","M","?","M","M","R","BOSS"],"build_version":"2018-02-08-PROD1","purchased_purges":5,"victory":true,"master_deck":["Defend_G+1","Defend_G+1","Defend_G+1","Defend_G+1","Strike_G+1","Neutralize+1","Bouncing Flask+1","Deadly Poison","Dash+1","Flying Knee","Bane+1","Footwork+1","Glass Knife+1","Bane+1","Footwork+1","Predator+1","Adrenaline","After Image","Backflip","Venomology","Noxious Fumes+1"],"max_hp_per_floor":[70,70,70,70,70,70,70,70,70,70,70,70,70,70,70,70,70,70,70,70,70,70,70,70,70,70,70,70,70,70,70,70,70,70,70,70,70,70,70,70,70,70,70,70,70,70,70,70,70,70],"relics":["Runic Pyramid","Art of War","Gambling Chip","Velvet Choker","Oddly Smooth Stone","Bag of Marbles","The Specimen","Bronze Scales","Vajra","Strange Spoon"],"card_choices":[{"not_picked":["Bane","Eviscerate"],"picked":"Bouncing Flask"},{"not_picked":["Dagger Spray","Outmaneuver"],"picked":"Deadly Poison"},{"not_picked":["Outmaneuver","Wraith Form"],"picked":"Dash"},{"not_picked":["PiercingWail","Prepared"],"picked":"Flying Knee"},{"not_picked":["Acrobatics","Choke"],"picked":"Bane"},{"not_picked":["Distraction","Dagger Spray"],"picked":"Footwork"},{"not_picked":["Burst","Envenom"],"picked":"Glass Knife"},{"not_picked":["Sucker Punch","Outmaneuver"],"picked":"Bane"},{"not_picked":["Deadly Poison","Blur"],"picked":"Adrenaline"},{"not_picked":["Grand Finale","Unload"],"picked":"After Image"},{"not_picked":["Sucker Punch","Dodge and Roll"],"picked":"Backflip"},{"not_picked":["Masterful Stab","Deflect"],"picked":"Noxious Fumes"}],"player_experience":1107825,"potions_floor_usage":[7,7,18,38,45,47,47,48,48,50,50,50,50,50,50,50],"damage_taken":[{"damage":0,"enemies":"Jaw Worm","floor":1,"turns":8},{"damage":0,"enemies":"2 Louse","floor":5,"turns":3},{"damage":23,"enemies":"3 Sentries","floor":7,"turns":14},{"damage":1,"enemies":"Cultist","floor":11,"turns":4},{"damage":0,"enemies":"Exordium Wildlife","floor":12,"turns":3},{"damage":5,"enemies":"2 Fungi Beasts","floor":13,"turns":3},{"damage":8,"enemies":"Large Slime","floor":14,"turns":5},{"damage":1,"enemies":"The Guardian","floor":16,"turns":8},{"damage":0,"enemies":"3 Byrds","floor":18,"turns":5},{"damage":2,"enemies":"Spheric Guardian","floor":19,"turns":4},{"damage":4,"enemies":"3 Cultists","floor":22,"turns":6},{"damage":0,"enemies":"Snake Plant","floor":30,"turns":2},{"damage":0,"enemies":"Chosen and Byrds","floor":31,"turns":3},{"damage":5,"enemies":"Champ","floor":33,"turns":12},{"damage":0,"enemies":"3 Shapes","floor":35,"turns":4},{"damage":5,"enemies":"3 Darklings","floor":37,"turns":6},{"damage":4,"enemies":"Maw","floor":38,"turns":8},{"damage":5,"enemies":"4 Shapes","floor":41,"turns":6},{"damage":1,"enemies":"Sphere and 2 Shapes","floor":45,"turns":7},{"damage":0,"enemies":"Maw","floor":47,"turns":6},{"damage":0,"enemies":"4 Shapes","floor":48,"turns":4},{"damage":15,"enemies":"Time Eater","floor":50,"turns":12}],"event_choices":[{"event_name":"Living Wall","player_choice":"Forget","floor":2,"damage_taken":0},{"event_name":"Golden Idol","player_choice":"Take Damage","floor":3,"damage_taken":0},{"event_name":"Drug Dealer","player_choice":"Ignored","floor":21,"damage_taken":0},{"event_name":"Beggar","player_choice":"Ignored","floor":24,"damage_taken":0},{"event_name":"Back to Basics","player_choice":"Simplicity","floor":28,"damage_taken":0},{"event_name":"Wheel of Change","player_choice":"Gold","floor":39,"damage_taken":0},{"event_name":"The Moai Head","player_choice":"Gave Idol","floor":42,"damage_taken":0}],"boss_relics":[{"not_picked":["Philosopher\u0027s Stone","Lizard Tail"],"picked":"Velvet Choker"},{"not_picked":["White Beast Statue","Tiny House"],"picked":"The Specimen"}],"potions_floor_spawned":[1,5,11,30,31,35,37,45,48],"seed_played":"4371046096413888424","ascension_level":0,"is_trial":false}