{"path_per_floor":["M","?","M","?","M","R","?","R","T","$","M","M","M","M","R","B",null,"M","?","M","M","?","R","E","R","T","M","M","M","R","M","R"],"character_chosen":"THE_SILENT","items_purchased":["Well Laid Plans"],"gold_per_floor":[99,99,99,99,99,99,99,99,99,32,32,32,17,17,17,17,17,17,17,17,17,17,17,17,17,17,17,17,17,17,17,17],"floor_reached":33,"campfire_rested":1,"playtime":1709,"current_hp_per_floor":[59,59,55,55,55,55,48,48,48,48,45,45,45,45,45,45,59,59,59,58,58,58,63,47,55,55,44,33,29,55,39,47],"items_purged":[],"gold":17,"score":532,"play_id":"c1fb9efe-d074-4a1d-8d0e-0c57e4e5c533","is_prod":false,"is_daily":false,"is_ascension_mode":true,"campfire_upgraded":6,"path_taken":["M","?","M","?","?","R","?","R","T","?","M","?","M","M","R","BOSS","M","?","M","M","?","R","E","R","T","M","M","M","R","?","R","BOSS"],"build_version":"2018-02-12-PROD1","purchased_purges":1,"victory":false,"master_deck":["Defend_G","Defend_G","Defend_G","Defend_G","Defend_G","Strike_G","Strike_G","Strike_G","Survivor","Neutralize+1","Dagger Throw+1","Backstab","Calculated Gamble","Backflip","Well Laid Plans+1","Footwork+1","Dash+1","Infinite Blades","Escape Plan","Die Die Die","PiercingWail","Flying Knee","Footwork+1"],"max_hp_per_floor":[66,66,66,63,63,63,63,63,63,63,63,63,63,63,63,63,63,63,63,63,63,63,63,63,63,63,63,63,63,63,63,63],"relics":["Ectoplasm","Anchor","Eternal Feather","Vajra","Unceasing Top"],"card_choices":[{"not_picked":["Bane","Expertise"],"picked":"Dagger Throw"},{"not_picked":["Deadly Poison","Outmaneuver"],"picked":"Calculated Gamble"},{"not_picked":["Dagger Spray","Dodge and Roll"],"picked":"Backflip"},{"not_picked":["Doppelganger","Dagger Throw"],"picked":"Footwork"},{"not_picked":["Riddle With Holes","Reflex"],"picked":"Dash"},{"not_picked":["Deadly Poison","Blade Dance"],"picked":"Infinite Blades"},{"not_picked":["Acrobatics","Dodge and Roll"],"picked":"Escape Plan"},{"not_picked":["Doppelganger","Phantasmal Killer"],"picked":"Die Die Die"},{"not_picked":["Bane","Dagger Spray"],"picked":"PiercingWail"},{"not_picked":["Caltrops","Backstab"],"picked":"Flying Knee"},{"not_picked":["Quick Slash","Deadly Poison"],"picked":"Footwork"}],"player_experience":1163558,"potions_floor_usage":[16,21,24,24,28,33],"damage_taken":[{"damage":0,"enemies":"2 Louse","floor":1,"turns":3},{"damage":4,"enemies":"Blue Slaver","floor":3,"turns":4},{"damage":0,"enemies":"Small Slimes","floor":5,"turns":3},{"damage":3,"enemies":"Gremlin Gang","floor":11,"turns":6},{"damage":0,"enemies":"Red Slaver","floor":12,"turns":3},{"damage":0,"enemies":"Looter","floor":13,"turns":2},{"damage":0,"enemies":"2 Fungi Beasts","floor":14,"turns":3},{"damage":0,"enemies":"Hexaghost","floor":16,"turns":13},{"damage":0,"enemies":"Spheric Guardian","floor":18,"turns":4},{"damage":1,"enemies":"Chosen","floor":20,"turns":6},{"damage":0,"enemies":"Snecko","floor":21,"turns":7},{"damage":16,"enemies":"Book of Stabbing","floor":24,"turns":8},{"damage":11,"enemies":"3 Cultists","floor":27,"turns":6},{"damage":23,"enemies":"Sentry and Sphere","floor":28,"turns":6},{"damage":4,"enemies":"Centurion and Healer","floor":29,"turns":8},{"damage":16,"enemies":"Cultist and Chosen","floor":31,"turns":8},{"damage":48,"enemies":"Collector","floor":33,"turns":18}],"event_choices":[{"event_name":"Transmorgrifier","player_choice":"Transform","floor":2,"damage_taken":0},{"event_name":"Fountain of Cleansing","player_choice":"Removed Curse","floor":4,"damage_taken":0},{"event_name":"Golden Wing","player_choice":"Card Removal","floor":7,"damage_taken":0},{"event_name":"Beggar","player_choice":"Ignored","floor":19,"damage_taken":0},{"event_name":"Drug Dealer","player_choice":"Ignored","floor":22,"damage_taken":0}],"boss_relics":[{"not_picked":["Calling Bell","White Beast Statue"],"picked":"Eternal Feather"}],"potions_floor_spawned":[3,11,16,20,21,31],"seed_played":"7487265070507485249","killed_by":"Collector","ascension_level":14,"is_trial":false}