{"path_per_floor":["M","?","M","M","M","R","M","$","T","R","$","M","T","M","R","B",null,"M","$","?","$","M","R","T","?","T","M","M","R","?","M","R","B",null,"M","M","$","M","$","R","?","R","T","R","?","?","$","M","R","B"],"character_chosen":"THE_SILENT","items_purchased":["Cloak And Dagger","Footwork","Kunai","Quick Slash","Dash","Vajra","Snake Skull","Ornamental Fan","Escape Plan"],"gold_per_floor":[111,111,136,156,171,171,190,93,116,116,78,93,93,111,111,235,235,249,6,106,6,16,16,89,89,89,107,128,128,128,147,147,277,277,297,321,180,200,200,200,200,200,227,227,560,560,18,36,36,36],"floor_reached":51,"campfire_rested":1,"playtime":2462,"current_hp_per_floor":[77,58,58,58,58,58,53,53,53,53,53,53,67,67,67,66,91,91,91,91,91,91,91,91,91,91,84,84,84,84,63,63,59,91,80,69,69,69,69,69,69,69,69,91,91,91,91,86,86,79],"items_purged":["Strike_G","Strike_G","Setup"],"gold":36,"score":537,"play_id":"4199f2cb-e5ce-4610-95ef-c862aaef2923","is_prod":false,"is_daily":false,"is_ascension_mode":false,"campfire_upgraded":9,"path_taken":["M","?","?","?","M","R","M","$","T","R","$","M","?","?","R","BOSS","M","$","?","$","M","R","?","?","T","M","?","R","?","M","R","BOSS","M","M","$","M","$","R","?","R","T","R","?","?","$","M","R","BOSS"],"build_version":"2018-02-15-PROD1","purchased_purges":3,"victory":true,"master_deck":["Defend_G","Defend_G","Defend_G","Defend_G","Survivor","Neutralize+1","Dagger Spray","Well Laid Plans+1","Adrenaline","Cloak And Dagger+1","Footwork+1","Blur+1","Footwork+1","Envenom+1","Dagger Throw+1","Tactician+1","Tactician+1","Quick Slash+1","Quick Slash+1","Dash+1","Escape Plan","Flechettes+1"],"max_hp_per_floor":[77,77,77,77,77,77,77,77,77,77,77,77,91,91,91,91,91,91,91,91,91,91,91,91,91,91,91,91,91,91,91,91,91,91,91,91,91,91,91,91,91,91,91,91,91,91,91,91,91,91],"relics":["Ring of the Snake","Art of War","Mango","Runic Dome","Kunai","The Courier","Peace Pipe","Astrolabe","Ancient Tea Set","Vajra","Snake Skull","Ornamental Fan"],"card_choices":[{"not_picked":["Bane","Finisher"],"picked":"Dagger Spray"},{"not_picked":["Outmaneuver","Cloak And Dagger"],"picked":"Well Laid Plans"},{"not_picked":["Dagger Spray","Backflip"],"picked":"Adrenaline"},{"not_picked":["Dagger Spray","Crippling Poison"],"picked":"Blur"},{"not_picked":["All Out Attack","Heel Hook"],"picked":"Footwork"},{"not_picked":["Night Terror","Tools of the Trade"],"picked":"Envenom"},{"not_picked":["Outmaneuver","Dodge and Roll"],"picked":"Dagger Throw"},{"not_picked":["Dagger Throw","Bane"],"picked":"Quick Slash"},{"not_picked":["Outmaneuver","Deadly Poison"],"picked":"Flechettes"}],"player_experience":1238268,"potions_floor_usage":[5,22,31,35,50,50,50],"damage_taken":[{"damage":0,"enemies":"2 Louse","floor":1,"turns":3},{"damage":0,"enemies":"Small Slimes","floor":3,"turns":3},{"damage":0,"enemies":"Jaw Worm","floor":4,"turns":5},{"damage":0,"enemies":"Lots of Slimes","floor":5,"turns":2},{"damage":5,"enemies":"Gremlin Gang","floor":7,"turns":5},{"damage":0,"enemies":"Exordium Wildlife","floor":12,"turns":4},{"damage":0,"enemies":"Blue Slaver","floor":14,"turns":3},{"damage":1,"enemies":"The Guardian","floor":16,"turns":20},{"damage":0,"enemies":"Shell Parasite","floor":18,"turns":11},{"damage":0,"enemies":"2 Thieves","floor":22,"turns":4},{"damage":7,"enemies":"3 Cultists","floor":27,"turns":7},{"damage":0,"enemies":"Snake Plant","floor":28,"turns":7},{"damage":21,"enemies":"Cultist and Chosen","floor":31,"turns":10},{"damage":4,"enemies":"Automaton","floor":33,"turns":13},{"damage":11,"enemies":"Orb Walker","floor":35,"turns":8},{"damage":11,"enemies":"3 Darklings","floor":36,"turns":11},{"damage":0,"enemies":"4 Shapes","floor":38,"turns":6},{"damage":5,"enemies":"Maw","floor":48,"turns":7},{"damage":7,"enemies":"Donu and Deca","floor":50,"turns":8}],"event_choices":[{"event_name":"Golden Idol","player_choice":"Take Damage","floor":2,"damage_taken":0},{"event_name":"Golden Shrine","player_choice":"Pray","floor":20,"damage_taken":0},{"event_name":"Purifier","player_choice":"One Purge","floor":25,"damage_taken":0},{"event_name":"The Mausoleum","player_choice":"No","floor":30,"damage_taken":0},{"event_name":"Tomb of Lord Red Mask","player_choice":"Ignored","floor":41,"damage_taken":0},{"event_name":"The Moai Head","player_choice":"Gave Idol","floor":45,"damage_taken":0},{"event_name":"Mysterious Sphere","player_choice":"Ignore","floor":46,"damage_taken":0}],"boss_relics":[{"not_picked":["Question Card","Pandora\u0027s Box"],"picked":"Runic Dome"},{"not_picked":["Calling Bell","Eternal Feather"],"picked":"Astrolabe"}],"potions_floor_spawned":[1,3,5,18,28,35,38],"seed_played":"4988340208180813293","ascension_level":0,"is_trial":false}