{"path_per_floor":["M","M","$","M","?","R","M","?","T","M","M","M","R","M","R","B",null,"M","M","M","?","M","R","M","M","T","$","$","R","?","M","R","B",null,"M","?","M","?","M","R","M","R","T","M","$","M","M","M","R","B"],"character_chosen":"THE_SILENT","items_purchased":["Footwork","Paper Crane","Weak Potion"],"gold_per_floor":[114,131,50,68,68,68,86,86,112,126,141,155,155,176,176,300,300,319,339,358,283,303,303,328,342,342,99,24,24,24,38,38,134,134,150,150,170,170,188,188,206,206,206,224,76,87,106,119,119,119],"floor_reached":51,"campfire_rested":1,"playtime":2679,"current_hp_per_floor":[70,70,70,70,70,70,69,52,52,45,46,40,40,33,33,20,70,65,58,47,47,45,45,49,45,45,45,45,45,45,50,50,35,70,70,61,62,62,53,53,53,70,70,70,67,60,63,67,67,32],"items_purged":["Strike_G","Parasite"],"gold":119,"score":501,"play_id":"c441fdf0-74c0-43c1-a3a4-cd2d6ac9b485","is_prod":false,"is_daily":false,"is_ascension_mode":false,"campfire_upgraded":8,"path_taken":["M","M","$","M","?","R","M","?","T","?","?","?","R","M","R","BOSS","M","M","?","?","M","R","?","M","T","?","$","R","?","M","R","BOSS","M","?","M","?","M","R","M","R","T","M","$","M","M","M","R","BOSS"],"build_version":"2018-02-12-PROD1","purchased_purges":2,"victory":true,"master_deck":["Defend_G","Defend_G","Defend_G","Defend_G","Defend_G","Strike_G","Strike_G","Strike_G","Strike_G","Survivor","Neutralize+1","Terror+1","Predator+1","Footwork+1","Quick Slash+1","Dodge and Roll+1","Dagger Throw","Venomology","Dash+1","Noxious Fumes+1","Footwork+1","Clumsy","Predator+1","Madness+1","Madness+1","Leg Sweep+1"],"max_hp_per_floor":[70,70,70,70,70,70,70,70,70,70,70,70,70,70,70,70,70,70,70,70,70,70,70,70,70,70,70,70,70,70,70,70,70,70,70,70,70,70,70,70,70,70,70,70,67,67,67,67,67,67],"relics":["Cursed Key","Bloody Idol","Lantern","Lizard Tail","Orichalcum","Paper Crane","The Specimen","Sundial"],"card_choices":[{"not_picked":["Crippling Poison","PiercingWail"],"picked":"Terror"},{"not_picked":["Poisoned Stab","Masterful Stab"],"picked":"Predator"},{"not_picked":["Expertise","Catalyst"],"picked":"Quick Slash"},{"not_picked":["Caltrops","Heel Hook"],"picked":"Dodge and Roll"},{"not_picked":["Backflip","Underhanded Strike"],"picked":"Dagger Throw"},{"not_picked":["Unload","Doppelganger"],"picked":"Venomology"},{"not_picked":["Deflect","Acrobatics"],"picked":"Dash"},{"not_picked":["Dagger Spray","Backstab"],"picked":"Noxious Fumes"},{"not_picked":["Distraction","Dagger Throw"],"picked":"Footwork"},{"not_picked":["Blade Dance","Acrobatics"],"picked":"Predator"},{"not_picked":["Acrobatics","Backflip"],"picked":"Leg Sweep"}],"player_experience":1174115,"potions_floor_usage":[11,14,18,18,19,20,22,24,24,25,31,33,33,37,39,39,39,44,46,47,48,48,48,50,50,50],"damage_taken":[{"damage":0,"enemies":"2 Louse","floor":1,"turns":4},{"damage":0,"enemies":"Cultist","floor":2,"turns":4},{"damage":0,"enemies":"Small Slimes","floor":4,"turns":2},{"damage":1,"enemies":"3 Louse","floor":7,"turns":4},{"damage":7,"enemies":"Lots of Slimes","floor":10,"turns":5},{"damage":8,"enemies":"Gremlin Gang","floor":11,"turns":4},{"damage":6,"enemies":"Red Slaver","floor":12,"turns":3},{"damage":7,"enemies":"Exordium Thugs","floor":14,"turns":6},{"damage":13,"enemies":"The Guardian","floor":16,"turns":8},{"damage":5,"enemies":"Shell Parasite","floor":18,"turns":6},{"damage":7,"enemies":"3 Byrds","floor":19,"turns":6},{"damage":11,"enemies":"Centurion and Healer","floor":20,"turns":7},{"damage":2,"enemies":"Snake Plant","floor":22,"turns":5},{"damage":11,"enemies":"Slaver and Parasite","floor":24,"turns":6},{"damage":4,"enemies":"3 Cultists","floor":25,"turns":6},{"damage":0,"enemies":"Centurion and Healer","floor":31,"turns":5},{"damage":20,"enemies":"Champ","floor":33,"turns":15},{"damage":0,"enemies":"Orb Walker","floor":35,"turns":4},{"damage":4,"enemies":"3 Shapes","floor":37,"turns":6},{"damage":14,"enemies":"3 Darklings","floor":39,"turns":6},{"damage":5,"enemies":"4 Shapes","floor":41,"turns":9},{"damage":2,"enemies":"Maw","floor":44,"turns":9},{"damage":12,"enemies":"3 Darklings","floor":46,"turns":7},{"damage":15,"enemies":"Sphere and 2 Shapes","floor":47,"turns":7},{"damage":6,"enemies":"Maw","floor":48,"turns":8},{"damage":35,"enemies":"Awakened One","floor":50,"turns":20}],"event_choices":[{"event_name":"Upgrade Shrine","player_choice":"Upgraded","floor":5,"damage_taken":0},{"event_name":"Golden Idol","player_choice":"Take Damage","floor":8,"damage_taken":0},{"event_name":"Beggar","player_choice":"Gave Gold","floor":21,"damage_taken":0},{"event_name":"Forgotten Altar","player_choice":"Gave Idol","floor":30,"damage_taken":0},{"event_name":"Winding Halls","player_choice":"Embrace Madness","floor":36,"damage_taken":0},{"event_name":"Upgrade Shrine","player_choice":"Upgraded","floor":38,"damage_taken":0}],"boss_relics":[{"not_picked":["Runic Dome","Orrery"],"picked":"Lizard Tail"},{"not_picked":["Black Star","Question Card"],"picked":"The Specimen"}],"potions_floor_spawned":[1,2,12,14,16,18,22,24,31,41,48],"seed_played":"4759923101802032857","ascension_level":0,"is_trial":false}