{"path_per_floor":["M","?","M","M","M","R","E","R","T","R","M","M","R","$","R","B",null,"M","?","$","?","M","R","?","R","T","M","E","M","R","M","R","B",null,"M","?","$","?","M","R","?","E","T","M","$","T","T","$","R","B"],"character_chosen":"THE_SILENT","items_purchased":["Calipers"],"gold_per_floor":[111,61,81,92,104,104,137,137,137,137,147,157,157,82,82,177,177,194,109,9,9,25,25,25,25,25,45,373,384,384,403,403,506,506,524,524,114,114,133,133,133,158,208,221,71,71,71,71,71,71],"floor_reached":51,"campfire_rested":3,"playtime":2145,"current_hp_per_floor":[68,68,68,68,68,68,63,63,63,63,63,63,63,63,63,54,70,54,54,54,41,39,39,39,61,61,61,43,42,42,42,64,64,75,74,65,65,65,58,58,58,58,58,57,57,57,57,57,75,69],"items_purged":["Strike_G","Strike_G","Dagger Throw","Defend_G"],"gold":71,"score":618,"play_id":"ba2d1344-6318-4e34-8e6a-26e0ed77a5f9","is_prod":false,"is_daily":false,"is_ascension_mode":false,"campfire_upgraded":6,"path_taken":["M","?","M","M","M","R","E","R","T","R","?","M","R","$","R","BOSS","M","?","$","?","M","R","?","R","T","M","E","M","R","M","R","BOSS","M","?","$","?","M","R","?","E","T","?","$","?","?","$","R","BOSS"],"build_version":"2018-02-15-PROD1","purchased_purges":4,"victory":true,"master_deck":["Defend_G","Defend_G","Survivor","Neutralize+1","Terror+1","Dagger Spray+1","Blur+1","Cloak And Dagger+1","Flying Knee+1","A Thousand Cuts+1","Footwork+1","Infinite Blades+1","Backflip+1","Caltrops+1","Dodge and Roll+1","Madness","Madness","Acrobatics+1"],"max_hp_per_floor":[70,70,70,70,70,70,70,70,70,70,70,70,70,70,70,70,70,70,70,70,75,75,75,75,75,75,75,75,75,75,75,75,75,75,75,75,75,75,75,75,75,75,75,75,75,75,75,75,75,75],"relics":["Ring of the Snake","Dream Catcher","Peace Pipe","Sozu","Bronze Scales","Thread and Needle","Old Coin","Orrery","Calipers","Blue Candle","Whetstone","Bird Faced Urn","Frozen Egg 2"],"card_choices":[{"not_picked":["Poisoned Stab","Endless Agony"],"picked":"Terror"},{"not_picked":["Slice","Expertise"],"picked":"Dagger Throw"},{"not_picked":["Catalyst","Prepared"],"picked":"Dagger Spray"},{"not_picked":["Outmaneuver","Burst"],"picked":"Blur"},{"not_picked":["Quick Slash","Prepared"],"picked":"Cloak And Dagger"},{"not_picked":["Outmaneuver","Cloak And Dagger"],"picked":"Flying Knee"},{"not_picked":["Corpse Explosion","Bullet Time"],"picked":"A Thousand Cuts"},{"not_picked":["Blade Dance","Deadly Poison"],"picked":"Footwork"},{"not_picked":["Quick Slash","Deadly Poison"],"picked":"Infinite Blades"},{"not_picked":["Distraction","Dagger Throw"],"picked":"Backflip"},{"not_picked":["Concentrate","Distraction"],"picked":"Caltrops"},{"not_picked":["Quick Slash","Infinite Blades"],"picked":"Dodge and Roll"},{"not_picked":["Quick Slash","Infinite Blades"],"picked":"Acrobatics"}],"player_experience":1228117,"potions_floor_usage":[],"damage_taken":[{"damage":2,"enemies":"Small Slimes","floor":1,"turns":6},{"damage":0,"enemies":"2 Louse","floor":3,"turns":3},{"damage":0,"enemies":"Cultist","floor":4,"turns":4},{"damage":0,"enemies":"3 Louse","floor":5,"turns":4},{"damage":5,"enemies":"Lagavulin","floor":7,"turns":5},{"damage":0,"enemies":"Large Slime","floor":11,"turns":7},{"damage":0,"enemies":"Looter","floor":12,"turns":3},{"damage":9,"enemies":"The Guardian","floor":16,"turns":11},{"damage":16,"enemies":"2 Thieves","floor":18,"turns":4},{"damage":2,"enemies":"Chosen","floor":22,"turns":5},{"damage":0,"enemies":"Snake Plant","floor":27,"turns":3},{"damage":18,"enemies":"Slavers","floor":28,"turns":3},{"damage":1,"enemies":"Snecko","floor":29,"turns":4},{"damage":0,"enemies":"Centurion and Healer","floor":31,"turns":5},{"damage":0,"enemies":"Collector","floor":33,"turns":8},{"damage":1,"enemies":"Orb Walker","floor":35,"turns":4},{"damage":7,"enemies":"3 Shapes","floor":39,"turns":5},{"damage":0,"enemies":"Nemesis","floor":42,"turns":10},{"damage":1,"enemies":"Sphere and 2 Shapes","floor":44,"turns":4},{"damage":10,"enemies":"Time Eater","floor":50,"turns":15}],"event_choices":[{"event_name":"The Cleric","player_choice":"Card Removal","floor":2,"damage_taken":0},{"event_name":"Addict","player_choice":"Obtained Relic","floor":19,"damage_taken":0},{"event_name":"Forgotten Altar","player_choice":"Shed Blood","floor":21,"damage_taken":0},{"event_name":"Wheel of Change","player_choice":"Card Removal","floor":24,"damage_taken":0},{"event_name":"Winding Halls","player_choice":"Embrace Madness","floor":36,"damage_taken":0},{"event_name":"Mysterious Sphere","player_choice":"Ignore","floor":41,"damage_taken":0}],"boss_relics":[{"not_picked":["Runic Dome","Question Card"],"picked":"Sozu"},{"not_picked":["White Beast Statue","The Specimen"],"picked":"Orrery"}],"potions_floor_spawned":[7,11,16,27,29,31,35,42,44],"seed_played":"-7302888998910565724","ascension_level":0,"is_trial":false}