{"path_per_floor":["M","M","?","M","$","M","M","R","T","M","R","M","?","?","R","B",null,"M","M","?","?","$","M","R","M","T","R","E","?","R","M","R","B",null,"M","?","$","M","M","R","M","R","T","?","?","$","R","T","R","B"],"character_chosen":"THE_SILENT","items_purchased":["Footwork","Backflip","Terror","Bouncing Flask","Torii"],"gold_per_floor":[110,126,126,138,64,75,86,86,86,101,101,113,113,113,113,232,232,255,279,204,204,129,153,153,169,169,169,207,122,122,140,140,261,261,280,613,414,433,446,446,463,463,510,510,510,13,13,38,38,38],"floor_reached":51,"campfire_rested":1,"playtime":3799,"current_hp_per_floor":[62,62,50,50,50,34,34,34,34,34,34,34,34,34,34,34,58,58,58,58,42,42,37,37,37,37,54,58,58,58,58,58,11,58,58,58,58,58,58,58,58,58,58,58,58,58,58,65,65,65],"items_purged":["Strike_G","Strike_G","Strike_G"],"gold":38,"score":532,"play_id":"eb6d6563-305a-4231-9343-f5a7b6665aee","is_prod":false,"is_daily":false,"is_ascension_mode":false,"campfire_upgraded":10,"path_taken":["M","M","?","M","$","M","M","R","T","?","R","M","?","?","R","BOSS","M","M","?","?","$","M","R","?","T","R","E","?","R","M","R","BOSS","M","?","$","M","M","R","M","R","T","?","?","$","R","?","R","BOSS"],"build_version":"2018-02-12-PROD1","purchased_purges":4,"victory":true,"master_deck":["Defend_G","Defend_G","Defend_G","Defend_G","Defend_G","Strike_G","Survivor","Neutralize+1","Quick Slash","Well Laid Plans+1","Footwork+1","Flechettes+1","Expertise+1","Bullet Time+1","Outmaneuver+1","Acrobatics+1","Leg Sweep","Backflip+1","Terror","Dash+1","Dash+1","Bouncing Flask+1"],"max_hp_per_floor":[63,63,63,63,63,63,63,63,63,63,63,63,63,58,58,58,58,58,58,58,58,58,58,58,58,58,58,58,58,58,58,58,58,58,58,58,58,58,58,58,58,58,58,58,58,58,58,65,65,65],"relics":["Ring of the Snake","Ice Cream","Happy Flower","Thread and Needle","Runic Dome","Nilry\u0027s Codex","Bird Faced Urn","Ancient Tea Set","Anchor","Lizard Tail","Snake Skull","Torii","Strawberry"],"card_choices":[{"not_picked":["Dagger Throw","Bane"],"picked":"Quick Slash"},{"not_picked":["Underhanded Strike","Prepared"],"picked":"Well Laid Plans"},{"not_picked":["Cloak And Dagger","Accuracy"],"picked":"Flechettes"},{"not_picked":["Well Laid Plans","Dagger Spray"],"picked":"Expertise"},{"not_picked":["Phantasmal Killer","Storm of Steel"],"picked":"Bullet Time"},{"not_picked":["Prepared","Blur"],"picked":"Outmaneuver"},{"not_picked":["Accuracy","Flying Knee"],"picked":"Acrobatics"},{"not_picked":["Acrobatics","Setup"],"picked":"Leg Sweep"},{"not_picked":["Night Terror","Bullet Time"],"picked":"Tools of the Trade"},{"not_picked":["Outmaneuver","Caltrops"],"picked":"Dash"}],"player_experience":1179647,"potions_floor_usage":[19,28,35,50],"damage_taken":[{"damage":1,"enemies":"Jaw Worm","floor":1,"turns":5},{"damage":0,"enemies":"2 Louse","floor":2,"turns":4},{"damage":0,"enemies":"Cultist","floor":4,"turns":3},{"damage":16,"enemies":"Gremlin Gang","floor":6,"turns":7},{"damage":0,"enemies":"Looter","floor":7,"turns":4},{"damage":0,"enemies":"Exordium Wildlife","floor":10,"turns":3},{"damage":0,"enemies":"3 Louse","floor":12,"turns":3},{"damage":0,"enemies":"The Guardian","floor":16,"turns":11},{"damage":0,"enemies":"Shell Parasite","floor":18,"turns":6},{"damage":0,"enemies":"3 Byrds","floor":19,"turns":5},{"damage":5,"enemies":"Sentry and Sphere","floor":23,"turns":6},{"damage":0,"enemies":"Snake Plant","floor":25,"turns":6},{"damage":0,"enemies":"Book of Stabbing","floor":28,"turns":4},{"damage":0,"enemies":"3 Cultists","floor":31,"turns":5},{"damage":47,"enemies":"Champ","floor":33,"turns":12},{"damage":0,"enemies":"3 Darklings","floor":35,"turns":8},{"damage":0,"enemies":"Orb Walker","floor":38,"turns":3},{"damage":0,"enemies":"Maw","floor":39,"turns":7},{"damage":1,"enemies":"Sphere and 2 Shapes","floor":41,"turns":6},{"damage":1,"enemies":"Awakened One","floor":50,"turns":15}],"event_choices":[{"event_name":"Scrap Ooze","player_choice":"success","floor":3,"damage_taken":12},{"event_name":"Upgrade Shrine","player_choice":"Upgraded","floor":13,"damage_taken":0},{"event_name":"Golden Idol","player_choice":"Lose Max HP","floor":14,"damage_taken":0},{"event_name":"Beggar","player_choice":"Gave Gold","floor":20,"damage_taken":0},{"event_name":"Cursed Tome","player_choice":"Obtained Book","floor":21,"damage_taken":0},{"event_name":"Addict","player_choice":"Obtained Relic","floor":29,"damage_taken":0},{"event_name":"The Moai Head","player_choice":"Gave Idol","floor":36,"damage_taken":0},{"event_name":"Duplicator","player_choice":"One dupe","floor":44,"damage_taken":0}],"boss_relics":[{"not_picked":["The Specimen","Orrery"],"picked":"Runic Dome"},{"not_picked":["Runic Pyramid","Pandora\u0027s Box"],"picked":"Lizard Tail"}],"potions_floor_spawned":[6,7,12,25],"seed_played":"-5112847865571704729","ascension_level":0,"is_trial":false}