{"path_per_floor":["M","M","?","?","T","R","M","E","T","R","E","M","M","E","R","B",null,"M","M","M","M","?","R","E","R","T","M","R","?","R","M","R","B",null,"M","?","M","?","?","R","$","?","T","M","R","?","$","T","R","B"],"character_chosen":"THE_SILENT","items_purchased":["Footwork","Kunai","Bag of Preparation","Flash of Steel"],"gold_per_floor":[115,135,85,85,85,85,100,134,134,134,167,181,201,236,236,335,335,352,366,380,396,396,396,429,429,453,471,471,471,471,483,483,582,582,601,601,615,615,615,615,9,9,60,73,73,173,123,123,123,123],"floor_reached":51,"campfire_rested":0,"playtime":2011,"current_hp_per_floor":[70,70,70,70,70,70,70,53,53,53,52,54,56,54,54,39,70,70,70,70,70,70,70,70,70,70,70,70,70,70,70,70,38,70,61,52,50,50,50,58,58,58,58,60,70,70,70,70,70,63],"items_purged":["Dagger Spray","Defend_G"],"gold":123,"score":558,"play_id":"287296bb-6398-48cf-b54d-dcb2cf959370","is_prod":false,"is_daily":false,"is_ascension_mode":false,"campfire_upgraded":11,"path_taken":["M","M","?","?","?","R","M","E","T","R","E","M","M","E","R","BOSS","M","M","?","M","?","R","E","R","T","M","R","?","R","M","R","BOSS","M","?","M","?","?","R","$","?","T","M","R","?","$","?","R","BOSS"],"build_version":"2018-02-08-PROD1","purchased_purges":2,"victory":true,"master_deck":["Defend_G","Defend_G","Defend_G","Defend_G","Survivor","Neutralize+1","Flying Knee+1","Adrenaline+1","Well Laid Plans+1","Glass Knife+1","Dagger Spray+1","Terror+1","Dagger Throw+1","Dash+1","Predator+1","Flying Knee+1","Backflip+1","After Image","Dash+1","Madness+1","Madness+1","Footwork+1","Flash of Steel","Backstab+1"],"max_hp_per_floor":[70,70,70,70,70,70,70,70,70,70,70,70,70,70,70,70,70,70,70,70,70,70,70,70,70,70,70,70,70,70,70,70,70,70,70,70,70,70,70,70,70,70,70,70,70,70,70,70,70,70],"relics":["Ring of the Snake","Ice Cream","Bag of Marbles","Blood Vial","Ornamental Fan","Regal Pillow","Astrolabe","Smiling Mask","Juzu Bracelet","Eternal Feather","Kunai","Bag of Preparation","Orichalcum","Tingsha"],"card_choices":[{"not_picked":["Cloak And Dagger","Backstab"],"picked":"Adrenaline"},{"not_picked":["Deflect","Quick Slash"],"picked":"Dagger Spray"},{"not_picked":["Infinite Blades","Underhanded Strike"],"picked":"Well Laid Plans"},{"not_picked":["Dagger Throw","Well Laid Plans"],"picked":"Glass Knife"},{"not_picked":["Phantasmal Killer","A Thousand Cuts"],"picked":"Tools of the Trade"},{"not_picked":["Outmaneuver","Bane"],"picked":"Dash"},{"not_picked":["Poisoned Stab","PiercingWail"],"picked":"Predator"},{"not_picked":["Deadly Poison","Dodge and Roll"],"picked":"Flying Knee"},{"not_picked":["A Thousand Cuts","Unload"],"picked":"After Image"},{"not_picked":["Dagger Spray","Flying Knee"],"picked":"Dash"},{"not_picked":["Slice","Cloak And Dagger"],"picked":"Backstab"}],"player_experience":1133918,"potions_floor_usage":[8,14,27,37,50,50,50],"damage_taken":[{"damage":0,"enemies":"Cultist","floor":1,"turns":4},{"damage":0,"enemies":"Small Slimes","floor":2,"turns":3},{"damage":0,"enemies":"2 Louse","floor":7,"turns":2},{"damage":17,"enemies":"Gremlin Nob","floor":8,"turns":5},{"damage":3,"enemies":"Lagavulin","floor":11,"turns":4},{"damage":0,"enemies":"Lots of Slimes","floor":12,"turns":3},{"damage":0,"enemies":"Looter","floor":13,"turns":2},{"damage":4,"enemies":"Gremlin Nob","floor":14,"turns":3},{"damage":17,"enemies":"The Guardian","floor":16,"turns":12},{"damage":0,"enemies":"2 Thieves","floor":18,"turns":1},{"damage":0,"enemies":"3 Byrds","floor":19,"turns":3},{"damage":0,"enemies":"Snake Plant","floor":20,"turns":2},{"damage":0,"enemies":"3 Cultists","floor":21,"turns":3},{"damage":0,"enemies":"Gremlin Leader","floor":24,"turns":4},{"damage":0,"enemies":"Chosen and Byrds","floor":27,"turns":3},{"damage":0,"enemies":"Snecko","floor":31,"turns":4},{"damage":32,"enemies":"Champ","floor":33,"turns":9},{"damage":9,"enemies":"Orb Walker","floor":35,"turns":3},{"damage":4,"enemies":"3 Darklings","floor":37,"turns":4},{"damage":0,"enemies":"Maw","floor":44,"turns":6},{"damage":7,"enemies":"Donu and Deca","floor":50,"turns":10}],"event_choices":[{"event_name":"The Cleric","player_choice":"Card Removal","floor":3,"damage_taken":0},{"event_name":"Accursed Blacksmith","player_choice":"Forge","floor":4,"damage_taken":0},{"event_name":"Drug Dealer","player_choice":"Ignored","floor":22,"damage_taken":0},{"event_name":"The Library","player_choice":"Read","floor":29,"damage_taken":0},{"event_name":"Winding Halls","player_choice":"Embrace Madness","floor":36,"damage_taken":0},{"event_name":"Tomb of Lord Red Mask","player_choice":"Ignored","floor":39,"damage_taken":0},{"event_name":"Mysterious Sphere","player_choice":"Ignore","floor":42,"damage_taken":0},{"event_name":"Golden Shrine","player_choice":"Pray","floor":46,"damage_taken":0}],"boss_relics":[{"not_picked":["Runic Pyramid","Lizard Tail"],"picked":"Astrolabe"},{"not_picked":["Pandora\u0027s Box","Runic Dome"],"picked":"Eternal Feather"}],"potions_floor_spawned":[7,8,12,14,18,20,24,31,37],"seed_played":"3504821008204866274","ascension_level":0,"is_trial":false}