{"path_per_floor":["M","$","M","T","M","R","M","?","T","R","E","M","E","M","R","B",null,"M","?","M","M","?","R","M","R","T","R","?","?","$","?","R","B",null,"M","?","?","?","?","R","?","?","T","R","?","T","E","$","R","B"],"character_chosen":"THE_SILENT","items_purchased":["Bag of Preparation","Oddly Smooth Stone"],"gold_per_floor":[110,35,53,104,118,118,134,134,158,158,192,210,238,248,248,345,345,365,365,380,391,391,391,408,408,408,408,408,408,163,88,88,185,185,201,201,201,201,251,251,251,251,251,251,251,251,277,6,6,6],"floor_reached":51,"campfire_rested":0,"playtime":4224,"current_hp_per_floor":[70,70,70,70,70,70,70,63,63,63,40,42,37,38,38,28,70,70,54,52,54,54,54,61,61,61,61,61,61,61,61,61,49,70,42,60,60,60,51,57,57,80,80,80,80,80,80,80,80,52],"items_purged":["Strike_G","Cloak And Dagger","Writhe"],"gold":6,"score":527,"play_id":"667d41bd-5254-4091-b4b3-c9bc4cb01e9e","is_prod":false,"is_daily":false,"is_ascension_mode":false,"campfire_upgraded":10,"path_taken":["M","$","?","?","M","R","M","?","T","R","E","M","E","M","R","BOSS","M","?","M","M","?","R","M","R","T","R","?","?","?","?","R","BOSS","M","?","?","?","?","R","?","?","T","R","?","?","E","$","R","BOSS"],"build_version":"2018-02-08-PROD1","purchased_purges":4,"victory":true,"master_deck":["Survivor+1","Neutralize+1","Quick Slash+1","Flying Knee+1","Dagger Throw","Skewer+1","Flying Knee+1","Acrobatics+1","Quick Slash+1","Outmaneuver+1","Dagger Spray","Well Laid Plans+1","Necronomicurse","Backflip+1","Adrenaline+1","Skewer+1"],"max_hp_per_floor":[70,70,70,70,70,70,70,70,70,70,70,70,70,70,70,70,70,70,70,70,70,70,70,70,70,70,70,70,70,70,70,70,70,70,70,70,70,70,70,70,70,80,80,80,80,80,80,80,80,80],"relics":["Velvet Choker","Vajra","Juzu Bracelet","Blood Vial","Lantern","Pandora\u0027s Box","Necronomicon","Toolbox","Bag of Preparation","Eternal Feather","Thread and Needle","Bird Faced Urn","Du-Vu Doll","Oddly Smooth Stone"],"card_choices":[{"not_picked":["Expertise","Dagger Throw"],"picked":"Quick Slash"},{"not_picked":["Masterful Stab","Deadly Poison"],"picked":"Cloak And Dagger"},{"not_picked":["Concentrate","Slice"],"picked":"Flying Knee"},{"not_picked":["Sucker Punch","PiercingWail"],"picked":"Dagger Throw"},{"not_picked":["Heel Hook","Dagger Throw"],"picked":"Skewer"},{"not_picked":["Phantasmal Killer","Grand Finale"],"picked":"Venomology"},{"not_picked":["Slice","Quick Slash"],"picked":"Well Laid Plans"},{"not_picked":["Acrobatics","Prepared"],"picked":"Backflip"},{"not_picked":["Phantasmal Killer","Grand Finale"],"picked":"Adrenaline"}],"player_experience":1021459,"potions_floor_usage":[16,24,33,35,35,50],"damage_taken":[{"damage":0,"enemies":"Blue Slaver","floor":1,"turns":5},{"damage":0,"enemies":"Small Slimes","floor":3,"turns":4},{"damage":0,"enemies":"2 Louse","floor":5,"turns":2},{"damage":0,"enemies":"Large Slime","floor":7,"turns":7},{"damage":23,"enemies":"Gremlin Nob","floor":11,"turns":5},{"damage":0,"enemies":"Exordium Wildlife","floor":12,"turns":3},{"damage":7,"enemies":"Lagavulin","floor":13,"turns":5},{"damage":1,"enemies":"3 Louse","floor":14,"turns":2},{"damage":12,"enemies":"Slime Boss","floor":16,"turns":7},{"damage":0,"enemies":"3 Byrds","floor":18,"turns":3},{"damage":4,"enemies":"2 Thieves","floor":20,"turns":2},{"damage":0,"enemies":"Snecko","floor":21,"turns":2},{"damage":1,"enemies":"Centurion and Healer","floor":24,"turns":3},{"damage":14,"enemies":"Automaton","floor":33,"turns":6},{"damage":34,"enemies":"3 Darklings","floor":35,"turns":4},{"damage":11,"enemies":"Mysterious Sphere","floor":39,"turns":3},{"damage":0,"enemies":"Giant Head","floor":47,"turns":5},{"damage":30,"enemies":"Awakened One","floor":50,"turns":8}],"event_choices":[{"event_name":"Golden Wing","player_choice":"Card Removal","floor":8,"damage_taken":0},{"event_name":"Cursed Tome","player_choice":"Obtained Book","floor":19,"damage_taken":0},{"event_name":"Back to Basics","player_choice":"Elegance","floor":22,"damage_taken":0},{"event_name":"Drug Dealer","player_choice":"Ignored","floor":28,"damage_taken":0},{"event_name":"Vampires","player_choice":"Ignored","floor":29,"damage_taken":0},{"event_name":"Beggar","player_choice":"Gave Gold","floor":31,"damage_taken":0},{"event_name":"Winding Halls","player_choice":"Writhe","floor":36,"damage_taken":0},{"event_name":"Duplicator","player_choice":"One dupe","floor":38,"damage_taken":0},{"event_name":"Mysterious Sphere","player_choice":"Fight","floor":39,"damage_taken":0},{"event_name":"Tomb of Lord Red Mask","player_choice":"Ignored","floor":41,"damage_taken":0},{"event_name":"Bonfire Elementals","player_choice":"RARE","floor":42,"damage_taken":0},{"event_name":"Accursed Blacksmith","player_choice":"Forge","floor":45,"damage_taken":0}],"boss_relics":[{"not_picked":["Runic Pyramid","Ectoplasm"],"picked":"Pandora\u0027s Box"},{"not_picked":["Snecko Eye","Calling Bell"],"picked":"Eternal Feather"}],"potions_floor_spawned":[5,13,14,16,21,24,33,47],"seed_played":"8907573397734967913","ascension_level":0,"is_trial":false}