{"path_per_floor":["M","?","T","$","M","R","M","M","T","E","R","M","R","?","R","B",null,"M","$","?","$","M","E","R","M","T","R","?","E","$","M","R","B",null,"M","?","M","M","M","R","?","$","T","?","R","E","R","$","R","B"],"character_chosen":"THE_SILENT","items_purchased":["Footwork","Footwork","Strength Potion"],"gold_per_floor":[118,118,167,13,25,25,37,51,51,81,81,94,94,94,94,196,196,196,96,96,4,4,4,4,4,4,4,4,4,4,4,4,4,4,4,4,4,4,4,4,0,0,0,0,0,0,0,0,0,0],"floor_reached":51,"campfire_rested":2,"playtime":3034,"current_hp_per_floor":[70,56,56,56,56,56,56,56,56,50,50,48,48,80,80,73,80,80,80,80,80,80,62,62,61,68,68,52,46,46,61,87,85,87,87,67,67,58,58,58,58,58,58,50,87,87,87,87,87,83],"items_purged":["Strike_G","Strike_G"],"gold":0,"score":586,"play_id":"f1a34b1d-9240-4ebe-ab59-6c815577e1c4","is_prod":false,"is_daily":false,"is_ascension_mode":false,"campfire_upgraded":9,"path_taken":["M","?","?","$","M","R","M","M","T","E","R","M","R","?","R","BOSS","M","$","?","?","M","E","R","?","T","R","?","E","$","M","R","BOSS","M","?","M","M","?","R","?","$","T","?","R","E","R","$","R","BOSS"],"build_version":"2018-02-15-PROD1","purchased_purges":2,"victory":true,"master_deck":["Defend_G","Defend_G","Defend_G","Defend_G","Strike_G+1","Survivor+1","Neutralize+1","Footwork+1","Flying Knee+1","Dash+1","After Image","PiercingWail+1","Footwork+1","Infinite Blades","Expertise+1","Malaise+1","Backflip+1","Glass Knife+1","Venomology+1","Expertise+1","Footwork+1","Calculated Gamble+1","Backstab+1","Cloak And Dagger+1","Eviscerate+1"],"max_hp_per_floor":[70,70,70,70,70,70,70,70,70,70,70,70,70,80,80,80,80,80,80,80,80,80,80,80,80,87,87,87,87,87,87,87,87,87,87,87,87,87,87,87,87,87,87,87,87,87,87,87,87,87],"relics":["Ring of the Snake","Orichalcum","Du-Vu Doll","Regal Pillow","Ectoplasm","Pantograph","Strawberry","Enchiridion","Tingsha","Astrolabe","Gambling Chip","Red Mask","Calipers","The Courier"],"card_choices":[{"not_picked":["Bane","Distraction"],"picked":"Poisoned Stab"},{"not_picked":["Outmaneuver","Poisoned Stab"],"picked":"Flying Knee"},{"not_picked":["Escape Plan","PiercingWail"],"picked":"Dash"},{"not_picked":["Slice","Eviscerate"],"picked":"Venomology"},{"not_picked":["Glass Knife","Wraith Form"],"picked":"After Image"},{"not_picked":["Poisoned Stab","Underhanded Strike"],"picked":"PiercingWail"},{"not_picked":["Poisoned Stab","Blur"],"picked":"Infinite Blades"},{"not_picked":["Sucker Punch","Slice"],"picked":"Expertise"},{"not_picked":["PiercingWail","Quick Slash"],"picked":"Malaise"},{"not_picked":["Accuracy","Deadly Poison"],"picked":"Backflip"},{"not_picked":["After Image","Phantasmal Killer"],"picked":"Glass Knife"},{"not_picked":["Escape Plan","Deadly Poison"],"picked":"Calculated Gamble"},{"not_picked":["Skewer","Dagger Throw"],"picked":"Backstab"},{"not_picked":["Quick Slash","Deflect"],"picked":"Cloak And Dagger"},{"not_picked":["Catalyst","Poisoned Stab"],"picked":"Eviscerate"}],"player_experience":1248654,"potions_floor_usage":[10,22,23,31,36,36,37,38,39,46,46,46,50,50],"damage_taken":[{"damage":0,"enemies":"2 Louse","floor":1,"turns":3},{"damage":0,"enemies":"Jaw Worm","floor":5,"turns":4},{"damage":0,"enemies":"Small Slimes","floor":7,"turns":3},{"damage":0,"enemies":"Red Slaver","floor":8,"turns":6},{"damage":6,"enemies":"3 Sentries","floor":10,"turns":11},{"damage":2,"enemies":"2 Fungi Beasts","floor":12,"turns":4},{"damage":7,"enemies":"Slime Boss","floor":16,"turns":19},{"damage":0,"enemies":"Shell Parasite","floor":18,"turns":6},{"damage":0,"enemies":"Chosen","floor":22,"turns":7},{"damage":18,"enemies":"Slavers","floor":23,"turns":8},{"damage":1,"enemies":"Snake Plant","floor":25,"turns":5},{"damage":6,"enemies":"Gremlin Leader","floor":29,"turns":9},{"damage":0,"enemies":"3 Cultists","floor":31,"turns":6},{"damage":2,"enemies":"Automaton","floor":33,"turns":13},{"damage":0,"enemies":"3 Shapes","floor":35,"turns":7},{"damage":20,"enemies":"Mysterious Sphere","floor":36,"turns":5},{"damage":0,"enemies":"Orb Walker","floor":37,"turns":3},{"damage":9,"enemies":"3 Darklings","floor":38,"turns":14},{"damage":0,"enemies":"4 Shapes","floor":39,"turns":6},{"damage":0,"enemies":"Nemesis","floor":46,"turns":9},{"damage":4,"enemies":"Awakened One","floor":50,"turns":18}],"event_choices":[{"event_name":"Shining Light","player_choice":"Entered Light","floor":2,"damage_taken":0},{"event_name":"Bonfire Elementals","player_choice":"RARE","floor":14,"damage_taken":0},{"event_name":"The Mausoleum","player_choice":"No","floor":20,"damage_taken":0},{"event_name":"Cursed Tome","player_choice":"Obtained Book","floor":28,"damage_taken":0},{"event_name":"Mysterious Sphere","player_choice":"Fight","floor":36,"damage_taken":0},{"event_name":"Tomb of Lord Red Mask","player_choice":"Paid","floor":41,"damage_taken":0},{"event_name":"Wheel of Change","player_choice":"Damage","floor":44,"damage_taken":0}],"boss_relics":[{"not_picked":["White Beast Statue","Lizard Tail"],"picked":"Ectoplasm"},{"not_picked":["Question Card","Runic Dome"],"picked":"Astrolabe"}],"potions_floor_spawned":[5,16,29,31,33,36,38],"seed_played":"-156516036535068331","ascension_level":0,"is_trial":false}