{"path_per_floor":["M","$","?","?","M","R","M","M","T","M","R","?","M","$","R","B",null,"M","?","M","$","M","R","M","M","T","$","R","M","R","?","R","B",null,"M","?","?","?","M","R","M","M","T","M","R","M","M","T","R","B"],"character_chosen":"THE_SILENT","items_purchased":["Backflip","Predator"],"gold_per_floor":[14,14,14,14,29,29,49,64,64,76,76,251,267,192,192,291,291,302,352,367,240,256,256,267,278,278,79,79,95,95,20,20,115,115,133,133,0,0,11,11,28,48,75,85,85,95,108,108,108,108],"floor_reached":51,"campfire_rested":2,"playtime":3107,"current_hp_per_floor":[69,69,62,44,44,44,44,44,44,44,44,44,44,44,44,31,70,66,66,64,64,42,42,42,42,42,42,42,42,42,42,63,36,70,68,68,68,68,61,61,55,55,55,52,52,52,52,52,70,38],"items_purged":["Doubt","Escape Plan","Strike_G"],"gold":108,"score":468,"play_id":"0589e1d3-f9d2-4e26-8cf7-e169ab5860f9","is_prod":false,"is_daily":false,"is_ascension_mode":false,"campfire_upgraded":8,"path_taken":["M","?","?","?","M","R","M","M","T","?","R","?","M","$","R","BOSS","M","?","M","$","M","R","M","?","T","?","R","M","R","?","R","BOSS","M","?","?","?","?","R","M","M","T","M","R","M","M","?","R","BOSS"],"build_version":"2018-02-12-PROD1","purchased_purges":4,"victory":true,"master_deck":["Defend_G","Defend_G","Defend_G","Defend_G","Defend_G","Strike_G","Survivor","Neutralize+1","Dagger Spray","Cloak And Dagger+1","Backflip+1","Bouncing Flask+1","Tools of the Trade","Leg Sweep","Backflip","Dash+1","Envenom","Predator+1","Wraith Form+1","Bouncing Flask+1"],"max_hp_per_floor":[70,70,70,70,70,70,70,70,70,70,70,70,70,70,70,70,70,70,70,70,70,70,70,70,70,70,70,70,70,70,70,70,70,70,70,70,70,70,70,70,70,70,70,70,70,70,70,70,70,70],"relics":["Ring of the Snake","Sundial","Bronze Scales","Frozen Eye","Snecko Eye","Ice Cream","Runic Dome","Red Mask","Pen Nib","Thread and Needle"],"card_choices":[{"not_picked":["Expertise","Endless Agony"],"picked":"Escape Plan"},{"not_picked":["Deflect","Underhanded Strike"],"picked":"Dagger Spray"},{"not_picked":["Deadly Poison","Expertise"],"picked":"Cloak And Dagger"},{"not_picked":["Dodge and Roll","Crippling Poison"],"picked":"Backflip"},{"not_picked":["Malaise","Backstab"],"picked":"Bouncing Flask"},{"not_picked":["Bullet Time","Doppelganger"],"picked":"Tools of the Trade"},{"not_picked":["Calculated Gamble","Caltrops"],"picked":"Leg Sweep"},{"not_picked":["Quick Slash","Flying Knee"],"picked":"Dash"},{"not_picked":["Caltrops","Prepared"],"picked":"Envenom"},{"not_picked":["Venomology","Adrenaline"],"picked":"Wraith Form"},{"not_picked":["Blade Dance","Dodge and Roll"],"picked":"Bouncing Flask"}],"player_experience":1183446,"potions_floor_usage":[24,42,46,50,50],"damage_taken":[{"damage":1,"enemies":"Blue Slaver","floor":1,"turns":6},{"damage":0,"enemies":"2 Louse","floor":5,"turns":3},{"damage":0,"enemies":"Small Slimes","floor":7,"turns":3},{"damage":0,"enemies":"Exordium Wildlife","floor":8,"turns":4},{"damage":0,"enemies":"Looter","floor":10,"turns":4},{"damage":0,"enemies":"3 Louse","floor":13,"turns":3},{"damage":13,"enemies":"Hexaghost","floor":16,"turns":8},{"damage":4,"enemies":"Shell Parasite","floor":18,"turns":5},{"damage":2,"enemies":"Spheric Guardian","floor":20,"turns":3},{"damage":22,"enemies":"3 Cultists","floor":22,"turns":7},{"damage":0,"enemies":"Snake Plant","floor":24,"turns":4},{"damage":0,"enemies":"Snecko","floor":25,"turns":4},{"damage":0,"enemies":"Chosen and Byrds","floor":29,"turns":4},{"damage":27,"enemies":"Champ","floor":33,"turns":10},{"damage":2,"enemies":"Orb Walker","floor":35,"turns":3},{"damage":7,"enemies":"3 Darklings","floor":39,"turns":3},{"damage":6,"enemies":"Sphere and 2 Shapes","floor":41,"turns":7},{"damage":0,"enemies":"4 Shapes","floor":42,"turns":3},{"damage":3,"enemies":"Maw","floor":44,"turns":6},{"damage":0,"enemies":"Sphere and 2 Shapes","floor":46,"turns":4},{"damage":0,"enemies":"4 Shapes","floor":47,"turns":5},{"damage":32,"enemies":"Time Eater","floor":50,"turns":10}],"event_choices":[{"event_name":"Golden Wing","player_choice":"Card Removal","floor":3,"damage_taken":0},{"event_name":"Scrap Ooze","player_choice":"success","floor":4,"damage_taken":18},{"event_name":"Liars Game","player_choice":"agreed","floor":12,"damage_taken":0},{"event_name":"The Joust","player_choice":"Bet on Murderer","floor":19,"damage_taken":0},{"event_name":"Beggar","player_choice":"Gave Gold","floor":31,"damage_taken":0},{"event_name":"Mysterious Sphere","player_choice":"Ignore","floor":36,"damage_taken":0},{"event_name":"Tomb of Lord Red Mask","player_choice":"Paid","floor":37,"damage_taken":0},{"event_name":"Bonfire Elementals","player_choice":"BASIC","floor":38,"damage_taken":0}],"boss_relics":[{"not_picked":["Ectoplasm","Cursed Key"],"picked":"Snecko Eye"},{"not_picked":["White Beast Statue","Question Card"],"picked":"Runic Dome"}],"potions_floor_spawned":[1,5,8,16,20,24,25,33,39,42],"seed_played":"4520911561022447373","ascension_level":0,"is_trial":false}