{"path_per_floor":["M","M","?","$","M","?","?","M","T","R","$","R","?","M","R","B",null,"M","?","$","M","M","R","M","R","T","?","?","E","?","M","R","B",null,"M","?","$","M","M","R","?","M","T","M","M","M","R","M","R"],"character_chosen":"THE_SILENT","items_purchased":[],"gold_per_floor":[99,99,99,24,24,24,24,0,0,0,0,0,0,0,0,0,0,0,0,0,0,0,0,0,0,0,0,0,0,0,0,0,0,0,0,0,0,0,0,0,0,0,0,0,0,0,0,0,0],"floor_reached":50,"campfire_rested":6,"playtime":2761,"current_hp_per_floor":[70,70,53,53,53,53,39,39,39,39,39,39,39,29,50,25,75,68,52,52,38,32,54,49,71,71,71,63,46,46,46,68,37,75,53,53,53,47,54,75,75,75,75,75,67,61,61,51,73],"items_purged":["Strike_G"],"gold":0,"score":406,"play_id":"fe98d07d-0411-4c2b-b24d-f51e4e52c8f2","is_prod":false,"is_daily":false,"is_ascension_mode":false,"campfire_upgraded":3,"path_taken":["M","M","?","$","M","?","?","M","T","R","?","R","?","?","R","BOSS","M","?","?","M","M","R","M","R","T","?","?","E","?","M","R","BOSS","M","?","$","M","M","R","?","M","T","M","M","M","R","?","R","BOSS"],"build_version":"2018-02-08-PROD1","purchased_purges":1,"victory":false,"master_deck":["Defend_G","Defend_G","Defend_G","Defend_G","Defend_G+1","Strike_G","Strike_G","Strike_G","Strike_G+1","Survivor","Neutralize+1","Dagger Throw","Noxious Fumes+1","Poisoned Stab","PiercingWail","Noxious Fumes+1","Noxious Fumes","Calculated Gamble+1","Deflect","Footwork+1","PiercingWail+1","Decay","PiercingWail+1","Backflip","Backflip+1"],"max_hp_per_floor":[70,70,70,70,70,70,70,70,70,70,70,70,70,70,70,70,75,75,75,75,75,75,75,75,75,75,75,75,75,75,75,75,75,75,75,75,75,75,75,75,75,75,75,75,75,75,75,75,75],"relics":["Ectoplasm","Golden Idol","Letter Opener","Tiny House","Enchiridion","Girya","Mercury Hourglass","White Beast Statue","Pantograph"],"card_choices":[{"not_picked":["Malaise","Acrobatics"],"picked":"Dagger Throw"},{"not_picked":["Deflect","Infinite Blades"],"picked":"Noxious Fumes"},{"not_picked":["Outmaneuver","Reflex"],"picked":"Poisoned Stab"},{"not_picked":["Envenom","Crippling Poison"],"picked":"PiercingWail"},{"not_picked":["PiercingWail","Poisoned Stab"],"picked":"Noxious Fumes"},{"not_picked":["Deadly Poison","Dodge and Roll"],"picked":"Noxious Fumes"},{"not_picked":["Heel Hook","Blur"],"picked":"Calculated Gamble"},{"not_picked":["Flying Knee","Sucker Punch"],"picked":"Deflect"},{"not_picked":["Deflect","Envenom"],"picked":"Footwork"},{"not_picked":["Quick Slash","Backstab"],"picked":"PiercingWail"},{"not_picked":["Endless Agony","Caltrops"],"picked":"PiercingWail"},{"not_picked":["Expertise","Deflect"],"picked":"Backflip"},{"not_picked":["Deflect","Bane"],"picked":"Backflip"}],"player_experience":1147651,"potions_floor_usage":[14,18,21,24,29,29,35,39,39,45,45,46,50,50,50],"damage_taken":[{"damage":0,"enemies":"Cultist","floor":1,"turns":4},{"damage":0,"enemies":"2 Louse","floor":2,"turns":3},{"damage":0,"enemies":"Jaw Worm","floor":5,"turns":5},{"damage":0,"enemies":"Looter","floor":8,"turns":3},{"damage":10,"enemies":"Large Slime","floor":14,"turns":5},{"damage":25,"enemies":"Slime Boss","floor":16,"turns":10},{"damage":7,"enemies":"Spheric Guardian","floor":18,"turns":6},{"damage":14,"enemies":"2 Thieves","floor":21,"turns":4},{"damage":6,"enemies":"Centurion and Healer","floor":22,"turns":5},{"damage":5,"enemies":"Snake Plant","floor":24,"turns":6},{"damage":17,"enemies":"Slavers","floor":29,"turns":5},{"damage":0,"enemies":"3 Cultists","floor":31,"turns":4},{"damage":31,"enemies":"Collector","floor":33,"turns":9},{"damage":22,"enemies":"Orb Walker","floor":35,"turns":5},{"damage":6,"enemies":"3 Darklings","floor":38,"turns":5},{"damage":5,"enemies":"Sphere and 2 Shapes","floor":39,"turns":4},{"damage":0,"enemies":"4 Shapes","floor":42,"turns":4},{"damage":0,"enemies":"3 Darklings","floor":44,"turns":5},{"damage":8,"enemies":"Sphere and 2 Shapes","floor":45,"turns":5},{"damage":6,"enemies":"4 Shapes","floor":46,"turns":6},{"damage":10,"enemies":"3 Darklings","floor":48,"turns":5},{"damage":90,"enemies":"Donu and Deca","floor":50,"turns":9}],"event_choices":[{"event_name":"Golden Idol","player_choice":"Take Damage","floor":3,"damage_taken":0},{"event_name":"Liars Game","player_choice":"disagreed","floor":6,"damage_taken":0},{"event_name":"Shining Light","player_choice":"Entered Light","floor":7,"damage_taken":0},{"event_name":"Wheel of Change","player_choice":"Gold","floor":13,"damage_taken":0},{"event_name":"Cursed Tome","player_choice":"Obtained Book","floor":19,"damage_taken":0},{"event_name":"Drug Dealer","player_choice":"Ignored","floor":27,"damage_taken":0},{"event_name":"Knowing Skull","player_choice":"","floor":28,"damage_taken":0},{"event_name":"The Mausoleum","player_choice":"No","floor":30,"damage_taken":0},{"event_name":"Wheel of Change","player_choice":"Curse","floor":36,"damage_taken":0},{"event_name":"Mysterious Sphere","player_choice":"Ignore","floor":41,"damage_taken":0}],"boss_relics":[{"not_picked":["Philosopher\u0027s Stone","Runic Dome"],"picked":"Tiny House"},{"not_picked":["Black Star","Velvet Choker"],"picked":"White Beast Statue"}],"potions_floor_spawned":[8,14,16,22,24,33,35,38,39,42,44,45,46,48],"seed_played":"-3227917163483881644","killed_by":"Donu and Deca","ascension_level":0,"is_trial":false}