{"path_per_floor":["M","M","$","?","$","R","M","R","T","M","?","?","E","M","R","B",null,"M","?","$","?","?","R","E","R","T","$","M","R","$","?","R","B",null,"M","M","M","M","$","E","R","?","T","R","M","M","R","M","R","B"],"character_chosen":"THE_SILENT","items_purchased":["Footwork","Noxious Fumes","Energy Potion"],"gold_per_floor":[215,228,153,153,78,78,92,92,92,117,67,67,105,128,128,252,252,273,273,173,173,173,173,204,204,229,32,50,50,50,50,50,178,178,203,222,243,257,58,98,98,98,98,98,113,137,137,150,150,150],"floor_reached":51,"campfire_rested":6,"playtime":2503,"current_hp_per_floor":[58,58,58,58,58,58,58,58,58,45,45,33,29,24,42,38,56,56,56,56,56,56,56,33,33,33,33,11,44,44,44,62,61,62,62,47,59,55,55,35,72,62,62,62,16,12,49,49,76,36],"items_purged":["Strike_G","Strike_G","Dagger Throw","Survivor"],"gold":150,"score":827,"play_id":"15140464-b175-4761-9dca-3a1bac611e14","is_prod":false,"is_daily":false,"is_ascension_mode":true,"campfire_upgraded":5,"path_taken":["M","?","$","?","?","R","?","R","T","M","?","?","E","M","R","BOSS","M","?","$","?","?","R","E","R","T","$","M","R","?","?","R","BOSS","M","M","M","?","$","E","R","?","T","R","M","M","R","?","R","BOSS"],"build_version":"2018-02-12-PROD1","purchased_purges":4,"victory":true,"master_deck":["Defend_G+1","Defend_G+1","Defend_G+1","Defend_G+1","Defend_G+1","Neutralize+1","Footwork+1","Footwork+1","Flechettes+1","Backstab","After Image","Corpse Explosion+1","Catalyst+1","Doppelganger+1","Well Laid Plans+1","Bouncing Flask+1","Noxious Fumes","Burst+1","Dodge and Roll+1","Madness","Madness","Backflip+1"],"max_hp_per_floor":[70,70,70,65,65,65,65,65,65,65,62,62,62,62,62,62,62,62,62,62,62,62,62,62,62,62,62,62,62,62,62,62,62,62,62,62,62,62,62,76,76,76,76,76,76,76,76,76,76,76],"relics":["Ring of the Snake","Golden Idol","Calipers","Orichalcum","Nloth\u0027s Gift","Happy Flower","Regal Pillow","The Specimen","Mango","Kunai"],"card_choices":[{"not_picked":["Calculated Gamble","Sucker Punch"],"picked":"Dagger Throw"},{"not_picked":["Sucker Punch","Poisoned Stab"],"picked":"Footwork"},{"not_picked":["Finisher","All Out Attack"],"picked":"Flechettes"},{"not_picked":["Flying Knee","Choke"],"picked":"Backstab"},{"not_picked":["Doppelganger","Tactician"],"picked":"After Image"},{"not_picked":["Underhanded Strike","Escape Plan"],"picked":"Well Laid Plans"},{"not_picked":["Night Terror","A Thousand Cuts"],"picked":"Burst"},{"not_picked":["Flying Knee","Poisoned Stab"],"picked":"Dodge and Roll"},{"not_picked":["Quick Slash","Cloak And Dagger"],"picked":"Backflip"}],"player_experience":1151363,"potions_floor_usage":[13,13,14,18,37,38,40,46,46,50],"damage_taken":[{"damage":5,"enemies":"Blue Slaver","floor":1,"turns":6},{"damage":0,"enemies":"2 Louse","floor":2,"turns":3},{"damage":0,"enemies":"Cultist","floor":7,"turns":5},{"damage":13,"enemies":"Lots of Slimes","floor":10,"turns":8},{"damage":19,"enemies":"3 Sentries","floor":13,"turns":7},{"damage":5,"enemies":"Exordium Thugs","floor":14,"turns":5},{"damage":4,"enemies":"Slime Boss","floor":16,"turns":21},{"damage":0,"enemies":"Chosen","floor":18,"turns":8},{"damage":23,"enemies":"Gremlin Leader","floor":24,"turns":10},{"damage":22,"enemies":"2 Thieves","floor":28,"turns":3},{"damage":1,"enemies":"Champ","floor":33,"turns":8},{"damage":0,"enemies":"Orb Walker","floor":35,"turns":4},{"damage":15,"enemies":"3 Darklings","floor":36,"turns":4},{"damage":0,"enemies":"Maw","floor":37,"turns":6},{"damage":4,"enemies":"Sphere and 2 Shapes","floor":38,"turns":9},{"damage":34,"enemies":"2 Orb Walkers","floor":40,"turns":5},{"damage":46,"enemies":"3 Darklings","floor":45,"turns":5},{"damage":4,"enemies":"4 Shapes","floor":46,"turns":7},{"damage":0,"enemies":"Maw","floor":48,"turns":4},{"damage":55,"enemies":"Time Eater","floor":50,"turns":7}],"event_choices":[{"event_name":"Golden Idol","player_choice":"Lose Max HP","floor":4,"damage_taken":0},{"event_name":"The Cleric","player_choice":"Card Removal","floor":11,"damage_taken":0},{"event_name":"Shining Light","player_choice":"Entered Light","floor":12,"damage_taken":0},{"event_name":"The Library","player_choice":"Read","floor":19,"damage_taken":0},{"event_name":"N\u0027loth","player_choice":"Traded a Astrolabe","floor":21,"damage_taken":0},{"event_name":"Back to Basics","player_choice":"Simplicity","floor":22,"damage_taken":0},{"event_name":"Beggar","player_choice":"Ignored","floor":31,"damage_taken":0},{"event_name":"Winding Halls","player_choice":"Embrace Madness","floor":42,"damage_taken":0}],"boss_relics":[{"not_picked":["White Beast Statue","Lizard Tail"],"picked":"Astrolabe"},{"not_picked":["Orrery","Pandora\u0027s Box"],"picked":"The Specimen"}],"potions_floor_spawned":[7,10,13,16,28,35,37,40,48],"seed_played":"-496202322676522414","ascension_level":10,"is_trial":false}