{"path_per_floor":["M","M","?","M","?","E","?","R","T","R","M","R","M","?","R","B",null,"M","?","M","M","?","R","?","?","T","M","?","R","M","$","R"],"character_chosen":"THE_SILENT","items_purchased":["Predator"],"gold_per_floor":[117,136,136,151,151,186,186,186,186,186,204,204,216,216,216,311,311,297,297,310,328,328,328,328,328,328,342,257,257,276,133,133],"floor_reached":33,"campfire_rested":0,"playtime":1248,"current_hp_per_floor":[77,77,77,77,77,70,63,63,63,63,62,62,62,62,62,51,77,77,77,75,69,69,69,53,53,53,53,53,53,53,53,53],"items_purged":["Pain"],"gold":133,"score":270,"play_id":"98bd930c-ad8f-4010-9925-24014d30dc0a","is_prod":false,"is_daily":false,"is_ascension_mode":false,"campfire_upgraded":7,"path_taken":["M","M","?","M","?","E","?","R","T","R","M","R","M","?","R","BOSS","M","?","M","M","?","R","?","?","T","M","?","R","M","$","R","BOSS"],"build_version":"2018-02-08-PROD1","purchased_purges":1,"victory":false,"master_deck":["Defend_G+1","Defend_G+1","Defend_G","Defend_G","Defend_G","Survivor+1","Neutralize+1","Dash+1","Sucker Punch+1","Deep Breath+1","Backstab+1","Flying Knee+1","Skewer+1","Backstab+1","Bite+1","Bite+1","Bite+1","Bite+1","Bite+1","Backstab+1","Escape Plan+1","Predator+1"],"max_hp_per_floor":[77,77,77,77,77,77,77,77,77,77,77,77,77,77,77,77,77,77,77,77,77,77,77,53,53,53,53,53,53,53,53,53],"relics":["Ring of the Snake","Molten Egg 2","Happy Flower","Cursed Key","Spirit Poop","Ancient Tea Set","Meat on the Bone"],"card_choices":[{"not_picked":["Bouncing Flask","Heel Hook"],"picked":"Dash"},{"not_picked":["Bouncing Flask","Slice"],"picked":"Sucker Punch"},{"not_picked":["Quick Slash","Poisoned Stab"],"picked":"Backstab"},{"not_picked":["Concentrate","Deadly Poison"],"picked":"Flying Knee"},{"not_picked":["Heel Hook","Noxious Fumes"],"picked":"Skewer"},{"not_picked":["Dodge and Roll","Blur"],"picked":"Backstab"},{"not_picked":["Bouncing Flask","Bane"],"picked":"Escape Plan"}],"player_experience":1031679,"potions_floor_usage":[6,16,18,30,33,33],"damage_taken":[{"damage":0,"enemies":"Cultist","floor":1,"turns":4},{"damage":0,"enemies":"Blue Slaver","floor":2,"turns":5},{"damage":0,"enemies":"2 Louse","floor":4,"turns":2},{"damage":7,"enemies":"3 Sentries","floor":6,"turns":8},{"damage":1,"enemies":"Lots of Slimes","floor":11,"turns":6},{"damage":0,"enemies":"3 Louse","floor":13,"turns":3},{"damage":11,"enemies":"The Guardian","floor":16,"turns":11},{"damage":0,"enemies":"2 Thieves","floor":18,"turns":4},{"damage":2,"enemies":"Shell Parasite","floor":20,"turns":4},{"damage":6,"enemies":"Snecko","floor":21,"turns":5},{"damage":3,"enemies":"Centurion and Healer","floor":27,"turns":4},{"damage":1,"enemies":"Chosen and Byrds","floor":30,"turns":4},{"damage":107,"enemies":"Champ","floor":33,"turns":18}],"event_choices":[{"event_name":"Accursed Blacksmith","player_choice":"Forge","floor":3,"damage_taken":0},{"event_name":"Match and Keep!","player_choice":"1 cards matched","floor":5,"damage_taken":0},{"event_name":"Wheel of Change","player_choice":"Damage","floor":7,"damage_taken":0},{"event_name":"The Lab","player_choice":"Got Potions","floor":14,"damage_taken":0},{"event_name":"Bonfire Elementals","player_choice":"CURSE","floor":19,"damage_taken":0},{"event_name":"Drug Dealer","player_choice":"Ignored","floor":22,"damage_taken":0},{"event_name":"Vampires","player_choice":"Became a vampire","floor":24,"damage_taken":0},{"event_name":"The Library","player_choice":"Read","floor":25,"damage_taken":0},{"event_name":"Addict","player_choice":"Obtained Relic","floor":28,"damage_taken":0}],"boss_relics":[{"not_picked":["Orrery","Philosopher\u0027s Stone"],"picked":"Cursed Key"}],"potions_floor_spawned":[1,2,4,27,30],"seed_played":"-4293166888328566617","killed_by":"Champ","ascension_level":0,"is_trial":false}