{"path_per_floor":["M","?","M","?","M","R","M","R","T","M","R","?","E","$","R","B",null,"M","M","M","?","?","M","R","E","T","M","?","R","M","M","R","B",null,"M","$","M","$","T","R","M","M","T","R","M","M","?","M","R","B"],"character_chosen":"THE_SILENT","items_purchased":[],"gold_per_floor":[118,118,135,135,153,153,169,169,218,230,230,230,255,180,180,280,280,280,280,280,280,280,280,280,280,280,280,280,280,280,280,280,280,280,280,180,180,55,55,55,55,55,55,55,55,55,0,0,0,0],"floor_reached":51,"campfire_rested":1,"playtime":11584,"current_hp_per_floor":[70,70,70,75,75,75,75,75,82,82,82,82,82,82,82,80,82,82,81,81,81,81,81,81,80,80,80,72,72,72,72,72,31,92,85,85,86,86,86,86,88,88,102,102,104,106,106,108,116,89],"items_purged":["Strike_G","Strike_G","Strike_G"],"gold":0,"score":573,"play_id":"8db5338a-40e8-40dc-bf75-e0e806c369a4","is_prod":false,"is_daily":false,"is_ascension_mode":false,"campfire_upgraded":9,"path_taken":["M","?","M","?","M","R","M","R","T","M","R","?","E","$","R","BOSS","M","M","?","?","?","M","R","E","T","?","?","R","M","M","R","BOSS","M","$","M","$","?","R","M","M","T","R","M","M","?","?","R","BOSS"],"build_version":"2018-02-08-PROD1","purchased_purges":3,"victory":true,"master_deck":["Defend_G+1","Defend_G","Defend_G+1","Defend_G","Defend_G","Strike_G","Survivor+1","Neutralize+1","Well Laid Plans+1","Deflect+1","Quick Slash+1","Bouncing Flask+1","Calculated Gamble+1","Adrenaline","Backflip+1","PiercingWail","Backstab+1","After Image","Deadly Poison+1","Deadly Poison+1","Catalyst+1","Footwork+1","Adrenaline"],"max_hp_per_floor":[70,70,70,75,75,75,75,75,82,82,82,82,82,82,82,82,82,82,82,82,82,82,82,82,82,82,82,82,82,82,82,82,84,92,92,92,94,94,94,94,96,96,110,110,112,114,114,116,116,116],"relics":["Ring of the Snake","Oddly Smooth Stone","Strawberry","Torii","Ectoplasm","Singing Bowl","War Paint","Orrery","Sundial","Mango","Red Mask"],"card_choices":[{"not_picked":["Poisoned Stab","Distraction"],"picked":"Well Laid Plans"},{"not_picked":["Endless Agony","Expertise"],"picked":"Deflect"},{"not_picked":["Blade Dance","Finisher"],"picked":"Quick Slash"},{"not_picked":["Cloak And Dagger","Underhanded Strike"],"picked":"Bouncing Flask"},{"not_picked":["Blade Dance","Sucker Punch"],"picked":"Calculated Gamble"},{"not_picked":["Glass Knife","Tactician"],"picked":"Adrenaline"},{"not_picked":["Dodge and Roll","Poisoned Stab"],"picked":"Backflip"},{"not_picked":["Bane","Flying Knee"],"picked":"PiercingWail"},{"not_picked":["Choke","Blur"],"picked":"Backstab"},{"not_picked":["Dodge and Roll","PiercingWail"],"picked":"After Image"},{"not_picked":["Bane","Skewer"],"picked":"Deadly Poison"},{"not_picked":["Cloak And Dagger","Dodge and Roll"],"picked":"Deadly Poison"},{"not_picked":["Quick Slash","Sucker Punch"],"picked":"Catalyst"},{"not_picked":["Deadly Poison","Backstab"],"picked":"Footwork"},{"not_picked":["All Out Attack","Concentrate"],"picked":"Adrenaline"}],"player_experience":1114918,"potions_floor_usage":[7,13,25,33,50,50,50],"damage_taken":[{"damage":0,"enemies":"Blue Slaver","floor":1,"turns":6},{"damage":0,"enemies":"Small Slimes","floor":3,"turns":4},{"damage":0,"enemies":"2 Louse","floor":5,"turns":4},{"damage":0,"enemies":"Gremlin Gang","floor":7,"turns":2},{"damage":0,"enemies":"Large Slime","floor":10,"turns":6},{"damage":0,"enemies":"3 Sentries","floor":13,"turns":8},{"damage":2,"enemies":"The Guardian","floor":16,"turns":10},{"damage":0,"enemies":"Spheric Guardian","floor":18,"turns":3},{"damage":1,"enemies":"3 Byrds","floor":19,"turns":5},{"damage":0,"enemies":"Snake Plant","floor":20,"turns":4},{"damage":0,"enemies":"Centurion and Healer","floor":23,"turns":6},{"damage":1,"enemies":"Book of Stabbing","floor":25,"turns":5},{"damage":0,"enemies":"3 Cultists","floor":27,"turns":6},{"damage":0,"enemies":"Cultist and Chosen","floor":30,"turns":6},{"damage":0,"enemies":"Centurion and Healer","floor":31,"turns":5},{"damage":43,"enemies":"Collector","floor":33,"turns":9},{"damage":7,"enemies":"3 Darklings","floor":35,"turns":7},{"damage":1,"enemies":"Orb Walker","floor":37,"turns":4},{"damage":0,"enemies":"3 Darklings","floor":41,"turns":6},{"damage":0,"enemies":"Maw","floor":42,"turns":5},{"damage":0,"enemies":"Sphere and 2 Shapes","floor":45,"turns":5},{"damage":0,"enemies":"4 Shapes","floor":46,"turns":7},{"damage":0,"enemies":"Maw","floor":48,"turns":5},{"damage":42,"enemies":"Donu and Deca","floor":50,"turns":12}],"event_choices":[{"event_name":"Upgrade Shrine","player_choice":"Upgraded","floor":2,"damage_taken":0},{"event_name":"Big Fish","player_choice":"Donut","floor":4,"damage_taken":0},{"event_name":"Purifier","player_choice":"One Purge","floor":12,"damage_taken":0},{"event_name":"Vampires","player_choice":"Ignored","floor":21,"damage_taken":0},{"event_name":"Accursed Blacksmith","player_choice":"Forge","floor":22,"damage_taken":0},{"event_name":"Knowing Skull","player_choice":"","floor":28,"damage_taken":0},{"event_name":"Tomb of Lord Red Mask","player_choice":"Paid","floor":47,"damage_taken":0}],"boss_relics":[{"not_picked":["Philosopher\u0027s Stone","The Specimen"],"picked":"Ectoplasm"},{"not_picked":["Snecko Eye","Tiny House"],"picked":"Orrery"}],"potions_floor_spawned":[3,7,10,16,20,23,27,33,45,48],"seed_played":"-2219843689780147552","ascension_level":0,"is_trial":false}