{"path_per_floor":["M","?","M","M","?","E","T","T","T","E","R","M","R","M","R","B",null,"M","M","$","M","M","R","E","?","T","R","M","$","?","$","R","B",null,"M","M","$","?","M","R","M","R","T","M","R","M","M","M","R","B"],"character_chosen":"THE_SILENT","items_purchased":["Footwork","Tough Bandages"],"gold_per_floor":[117,117,129,147,147,180,180,180,251,281,281,295,295,306,306,401,401,411,423,277,296,314,314,345,260,260,260,272,28,28,28,28,125,125,145,165,65,65,85,85,105,105,105,122,122,135,149,164,164,164],"floor_reached":51,"campfire_rested":1,"playtime":4080,"current_hp_per_floor":[70,70,70,70,70,56,56,56,56,56,56,56,56,42,42,44,70,70,67,67,59,45,45,21,21,21,42,41,41,41,41,41,66,70,70,69,69,69,69,69,69,69,69,68,68,68,68,68,68,69],"items_purged":["Strike_G","Defend_G"],"gold":164,"score":606,"play_id":"71e20b2c-91d3-4b6a-ac81-bbc62962be44","is_prod":false,"is_daily":false,"is_ascension_mode":false,"campfire_upgraded":4,"path_taken":["M","?","M","M","?","E","?","?","T","E","R","?","R","M","R","BOSS","M","M","?","M","?","R","E","?","T","R","M","?","?","$","R","BOSS","M","M","?","?","M","R","M","R","T","M","R","?","M","M","R","BOSS"],"build_version":"2018-02-08-PROD1","purchased_purges":2,"victory":true,"master_deck":["Neutralize+1","Dash+1","PiercingWail","Calculated Gamble","Quick Slash","Escape Plan","Noxious Fumes+1","Backflip","After Image","PiercingWail","Footwork+1","Dodge and Roll+1","Tactician+1","Backstab","Footwork","Catalyst+1","Well Laid Plans+1","Adrenaline","Prepared+1","Calculated Gamble+1","Escape Plan+1","Acrobatics+1","Calculated Gamble"],"max_hp_per_floor":[70,70,70,70,70,70,70,70,70,70,70,70,70,70,70,70,70,70,70,70,70,70,70,70,70,70,70,70,70,70,70,70,70,70,70,70,70,70,70,70,70,70,70,70,70,70,70,70,70,70],"relics":["Orrery","Prayer Wheel","Peace Pipe","Pen Nib","Pantograph","Bottled Tornado","Astrolabe","Frozen Egg 2","Torii","Unceasing Top","Tough Bandages","Philosopher\u0027s Stone","Centennial Puzzle"],"card_choices":[{"not_picked":["Sucker Punch","Prepared"],"picked":"Dash"},{"not_picked":["Unload","Poisoned Stab"],"picked":"PiercingWail"},{"not_picked":["Dagger Spray","Crippling Poison"],"picked":"Calculated Gamble"},{"not_picked":["Poisoned Stab","Slice"],"picked":"Quick Slash"},{"not_picked":["Leg Sweep","Dagger Throw"],"picked":"Escape Plan"},{"not_picked":["Calculated Gamble","PiercingWail"],"picked":"Noxious Fumes"},{"not_picked":["Cloak And Dagger","Bane"],"picked":"Backflip"},{"not_picked":["Cloak And Dagger","Reflex"],"picked":"After Image"},{"not_picked":["Heel Hook","Outmaneuver"],"picked":"PiercingWail"},{"not_picked":["Escape Plan","Blade Dance"],"picked":"Backstab"},{"not_picked":["Dagger Spray","Backstab"],"picked":"Bouncing Flask"},{"not_picked":["Underhanded Strike","Slice"],"picked":"Catalyst"},{"not_picked":["Underhanded Strike","Escape Plan"],"picked":"Well Laid Plans"},{"not_picked":["Wraith Form","Grand Finale"],"picked":"Adrenaline"},{"not_picked":["Dagger Spray","Quick Slash"],"picked":"Prepared"},{"not_picked":["Outmaneuver","Deflect"],"picked":"Calculated Gamble"},{"not_picked":["Outmaneuver","Underhanded Strike"],"picked":"Escape Plan"},{"not_picked":["Quick Slash","Eviscerate"],"picked":"Acrobatics"},{"not_picked":["Prepared","Dodge and Roll"],"picked":"Calculated Gamble"}],"player_experience":1002758,"potions_floor_usage":[6,12,19,19,48,50],"damage_taken":[{"damage":0,"enemies":"Jaw Worm","floor":1,"turns":5},{"damage":0,"enemies":"Blue Slaver","floor":3,"turns":6},{"damage":0,"enemies":"Cultist","floor":4,"turns":4},{"damage":14,"enemies":"Gremlin Nob","floor":6,"turns":6},{"damage":0,"enemies":"3 Sentries","floor":10,"turns":7},{"damage":0,"enemies":"Exordium Thugs","floor":12,"turns":5},{"damage":14,"enemies":"Gremlin Gang","floor":14,"turns":4},{"damage":23,"enemies":"Slime Boss","floor":16,"turns":14},{"damage":0,"enemies":"Shell Parasite","floor":18,"turns":7},{"damage":3,"enemies":"2 Thieves","floor":19,"turns":5},{"damage":8,"enemies":"Centurion and Healer","floor":21,"turns":8},{"damage":14,"enemies":"Snecko","floor":22,"turns":5},{"damage":24,"enemies":"Gremlin Leader","floor":24,"turns":6},{"damage":1,"enemies":"3 Cultists","floor":28,"turns":6},{"damage":0,"enemies":"Champ","floor":33,"turns":10},{"damage":0,"enemies":"Orb Walker","floor":35,"turns":5},{"damage":1,"enemies":"3 Darklings","floor":36,"turns":6},{"damage":0,"enemies":"Maw","floor":39,"turns":8},{"damage":0,"enemies":"Sphere and 2 Shapes","floor":41,"turns":5},{"damage":1,"enemies":"4 Shapes","floor":44,"turns":4},{"damage":0,"enemies":"3 Darklings","floor":46,"turns":3},{"damage":0,"enemies":"Sphere and 2 Shapes","floor":47,"turns":4},{"damage":0,"enemies":"4 Shapes","floor":48,"turns":4},{"damage":1,"enemies":"Awakened One","floor":50,"turns":3}],"event_choices":[{"event_name":"Bonfire Elementals","player_choice":"BASIC","floor":2,"damage_taken":0},{"event_name":"Liars Game","player_choice":"disagreed","floor":5,"damage_taken":0},{"event_name":"Addict","player_choice":"Obtained Relic","floor":25,"damage_taken":0},{"event_name":"Drug Dealer","player_choice":"Ignored","floor":30,"damage_taken":0}],"boss_relics":[{"not_picked":["Tiny House","Lizard Tail"],"picked":"Astrolabe"},{"not_picked":["Black Star","Question Card"],"picked":"Philosopher\u0027s Stone"}],"potions_floor_spawned":[4,10,16,18,28,35,41,47],"seed_played":"-1258977359705972227","ascension_level":0,"is_trial":false}