{"path_per_floor":["M","?","M","$","?","R","$","R","T","R","E","$","R","$","R","B",null,"M","$","?","?","$","R","E","T","T","R","M","R","$","E","R","B",null,"M","?","M","M","?","R","M","E","T","?","R","$","R","M","R","B"],"character_chosen":"THE_SILENT","items_purchased":["Noxious Fumes","Master of Strategy","Pen Nib"],"gold_per_floor":[112,112,129,16,16,16,16,16,16,16,45,45,45,45,45,118,118,138,138,138,138,38,38,72,72,72,72,87,87,87,119,119,195,195,210,210,228,246,246,246,259,288,288,338,338,0,0,15,15,15],"floor_reached":51,"campfire_rested":5,"playtime":2278,"current_hp_per_floor":[59,59,59,59,59,59,59,59,59,59,39,39,39,39,39,18,52,52,52,52,31,31,49,27,27,27,45,46,46,46,24,42,21,53,59,59,56,44,44,62,35,43,43,43,61,61,61,63,63,40],"items_purged":["Strike_G","Survivor"],"gold":15,"score":974,"play_id":"9ccd0221-4ae0-45fc-8f07-d20f246409b3","is_prod":false,"is_daily":false,"is_ascension_mode":true,"campfire_upgraded":7,"path_taken":["M","?","M","$","?","R","$","R","T","R","E","$","R","?","R","BOSS","M","$","?","?","$","R","E","?","T","R","M","R","?","E","R","BOSS","M","?","M","M","?","R","?","E","T","?","R","$","R","M","R","BOSS"],"build_version":"2018-02-12-PROD1","purchased_purges":2,"victory":true,"master_deck":["Defend_G+1","Defend_G+1","Defend_G+1","Defend_G+1","Defend_G+1","Neutralize+1","Well Laid Plans+1","Skewer+1","Backstab+1","Noxious Fumes+1","Flechettes+1","Die Die Die","Noxious Fumes","Backflip+1","Flechettes+1","Adrenaline","Footwork+1","Master of Strategy","Backflip+1"],"max_hp_per_floor":[66,63,63,63,63,63,63,63,63,63,63,63,63,63,63,63,63,63,63,63,63,63,63,63,63,63,63,63,63,63,63,63,63,63,63,63,63,63,63,63,63,63,63,63,63,63,63,63,63,63],"relics":["Astrolabe","Peace Pipe","Kunai","Philosopher\u0027s Stone","Nilry\u0027s Codex","Shuriken","Unceasing Top","Bird Faced Urn","Shovel","Runic Dome","Calipers","Ginger","Pen Nib"],"card_choices":[{"not_picked":["All Out Attack","Sucker Punch"],"picked":"Dagger Spray"},{"not_picked":["Leg Sweep","Dagger Spray"],"picked":"Flechettes"},{"not_picked":["Tactician","Unload"],"picked":"Die Die Die"},{"not_picked":["Slice","Dodge and Roll"],"picked":"Noxious Fumes"},{"not_picked":["Choke","A Thousand Cuts"],"picked":"Backflip"},{"not_picked":["Night Terror","Slice"],"picked":"Flechettes"},{"not_picked":["Tactician","Storm of Steel"],"picked":"Adrenaline"},{"not_picked":["Deadly Poison","Bouncing Flask"],"picked":"Footwork"},{"not_picked":["Bane","Deadly Poison"],"picked":"Backflip"}],"player_experience":1168893,"potions_floor_usage":[18,24,24,28,31,31,42,50,50,50],"damage_taken":[{"damage":0,"enemies":"2 Louse","floor":1,"turns":2},{"damage":0,"enemies":"Jaw Worm","floor":3,"turns":1},{"damage":20,"enemies":"Lagavulin","floor":11,"turns":5},{"damage":21,"enemies":"The Guardian","floor":16,"turns":8},{"damage":0,"enemies":"Chosen","floor":18,"turns":4},{"damage":22,"enemies":"Book of Stabbing","floor":24,"turns":5},{"damage":5,"enemies":"2 Thieves","floor":28,"turns":4},{"damage":28,"enemies":"Slavers","floor":31,"turns":6},{"damage":29,"enemies":"Automaton","floor":33,"turns":8},{"damage":0,"enemies":"3 Shapes","floor":35,"turns":3},{"damage":9,"enemies":"Orb Walker","floor":37,"turns":3},{"damage":18,"enemies":"Maw","floor":38,"turns":6},{"damage":30,"enemies":"3 Darklings","floor":41,"turns":4},{"damage":0,"enemies":"Giant Head","floor":42,"turns":6},{"damage":2,"enemies":"4 Shapes","floor":48,"turns":6},{"damage":23,"enemies":"Time Eater","floor":50,"turns":8}],"event_choices":[{"event_name":"Living Wall","player_choice":"Forget","floor":2,"damage_taken":0},{"event_name":"Liars Game","player_choice":"disagreed","floor":5,"damage_taken":0},{"event_name":"Back to Basics","player_choice":"Simplicity","floor":20,"damage_taken":0},{"event_name":"Cursed Tome","player_choice":"Obtained Book","floor":21,"damage_taken":0},{"event_name":"Purifier","player_choice":"One Purge","floor":36,"damage_taken":0},{"event_name":"Tomb of Lord Red Mask","player_choice":"Ignored","floor":39,"damage_taken":0},{"event_name":"Golden Shrine","player_choice":"Pray","floor":44,"damage_taken":0}],"boss_relics":[{"not_picked":["Cursed Key","Calling Bell"],"picked":"Philosopher\u0027s Stone"},{"not_picked":["Snecko Eye","Pandora\u0027s Box"],"picked":"Runic Dome"}],"potions_floor_spawned":[1,11,16,18,24,28,37,41,42],"seed_played":"4042325468981706930","ascension_level":15,"is_trial":false}