{"path_per_floor":["M","?","?","M","$","M","M","R","T","M","M","M","R","M","R","B",null,"M","?","?","M","M","R","M","R","T","M","M","E","$","?","R","B",null,"M","?","$","M","M","R","M","R","T","?","R","$","R","M","R","B"],"character_chosen":"THE_SILENT","items_purchased":["Paper Crane","Regen Potion"],"gold_per_floor":[118,68,68,83,8,27,39,39,64,74,91,101,101,111,111,208,208,225,140,140,158,169,169,188,188,269,289,307,341,95,95,95,197,227,241,241,93,111,122,122,135,135,159,0,0,0,0,20,20,20],"floor_reached":51,"campfire_rested":0,"playtime":2195,"current_hp_per_floor":[70,70,75,75,75,73,75,75,75,73,75,61,61,63,63,45,75,73,73,73,73,56,56,63,63,63,73,73,75,75,75,75,57,75,75,66,66,66,74,74,71,71,71,71,71,71,71,72,72,27],"items_purged":["Strike_G","Injury"],"gold":20,"score":539,"play_id":"af43f380-7b74-4581-b667-bc8f7a195cf8","is_prod":false,"is_daily":false,"is_ascension_mode":false,"campfire_upgraded":11,"path_taken":["M","?","?","M","$","M","M","R","T","M","?","M","R","M","R","BOSS","M","?","?","M","M","R","M","R","T","M","?","E","$","?","R","BOSS","M","?","$","M","M","R","M","R","T","?","R","?","R","M","R","BOSS"],"build_version":"2018-02-22-PROD1","purchased_purges":2,"victory":true,"master_deck":["Defend_G+1","Defend_G+1","Defend_G+1","Defend_G+1","Defend_G+1","Survivor+1","Neutralize+1","Cloak And Dagger+1","Deadly Poison+1","Terror+1","Deadly Poison+1","Die Die Die","Adrenaline+1","Well Laid Plans+1","Bite+1","Bite+1","Bite+1","Bite+1","Bite+1","Deflect+1","Flying Knee+1","Clumsy","Flying Knee+1","Backstab+1","Expertise+1","Madness","Madness","Injury","Footwork+1"],"max_hp_per_floor":[70,70,75,75,75,75,75,75,75,75,75,75,75,75,75,75,75,75,75,75,75,75,75,75,75,75,75,75,75,75,75,75,75,75,75,75,75,75,75,75,75,75,75,75,75,75,75,75,75,75],"relics":["Ring of the Snake","Vajra","Cursed Key","Art of War","Matryoshka","Omamori","Paper Crane","Calling Bell","Gremlin Horn","Tiny Chest","Ninja Scroll","Regal Pillow","War Paint","Red Mask"],"card_choices":[{"not_picked":["Acrobatics","Accuracy"],"picked":"Cloak And Dagger"},{"not_picked":["Dodge and Roll","Acrobatics"],"picked":"Deadly Poison"},{"not_picked":["Dagger Spray","PiercingWail"],"picked":"Terror"},{"not_picked":["Acrobatics","Eviscerate"],"picked":"Deadly Poison"},{"not_picked":["Flying Knee","Distraction"],"picked":"Die Die Die"},{"not_picked":["Glass Knife","Venomology"],"picked":"Adrenaline"},{"not_picked":["Escape Plan","Poisoned Stab"],"picked":"Well Laid Plans"},{"not_picked":["Quick Slash","Prepared"],"picked":"Deflect"},{"not_picked":["Prepared","Underhanded Strike"],"picked":"Flying Knee"},{"not_picked":["Deflect","Riddle With Holes"],"picked":"Flying Knee"},{"not_picked":["Night Terror","Sucker Punch"],"picked":"Backstab"},{"not_picked":["Underhanded Strike","Outmaneuver"],"picked":"Expertise"},{"not_picked":["Dagger Spray","Poisoned Stab"],"picked":"Footwork"}],"player_experience":1311242,"potions_floor_usage":[11,18,21,21,29,29,50,50,50],"damage_taken":[{"damage":0,"enemies":"Cultist","floor":1,"turns":5},{"damage":0,"enemies":"Jaw Worm","floor":4,"turns":5},{"damage":2,"enemies":"Small Slimes","floor":6,"turns":4},{"damage":0,"enemies":"3 Louse","floor":7,"turns":5},{"damage":2,"enemies":"Looter","floor":10,"turns":3},{"damage":0,"enemies":"Gremlin Gang","floor":11,"turns":5},{"damage":14,"enemies":"Large Slime","floor":12,"turns":8},{"damage":0,"enemies":"Exordium Wildlife","floor":14,"turns":4},{"damage":20,"enemies":"Hexaghost","floor":16,"turns":9},{"damage":2,"enemies":"Spheric Guardian","floor":18,"turns":4},{"damage":4,"enemies":"2 Thieves","floor":21,"turns":2},{"damage":23,"enemies":"Snecko","floor":22,"turns":5},{"damage":3,"enemies":"Snake Plant","floor":24,"turns":3},{"damage":2,"enemies":"3 Cultists","floor":27,"turns":5},{"damage":10,"enemies":"Centurion and Healer","floor":28,"turns":4},{"damage":2,"enemies":"Gremlin Leader","floor":29,"turns":4},{"damage":26,"enemies":"Champ","floor":33,"turns":12},{"damage":7,"enemies":"3 Darklings","floor":35,"turns":4},{"damage":4,"enemies":"Orb Walker","floor":38,"turns":2},{"damage":0,"enemies":"4 Shapes","floor":39,"turns":4},{"damage":19,"enemies":"Maw","floor":41,"turns":7},{"damage":9,"enemies":"Sphere and 2 Shapes","floor":48,"turns":4},{"damage":122,"enemies":"Time Eater","floor":50,"turns":15}],"event_choices":[{"event_name":"The Cleric","player_choice":"Card Removal","floor":2,"damage_taken":0},{"event_name":"Big Fish","player_choice":"Donut","floor":3,"damage_taken":0},{"event_name":"Addict","player_choice":"Obtained Relic","floor":19,"damage_taken":0},{"event_name":"Vampires","player_choice":"Became a vampire (Vial)","floor":20,"damage_taken":0},{"event_name":"Back to Basics","player_choice":"Simplicity","floor":31,"damage_taken":0},{"event_name":"Winding Halls","player_choice":"Embrace Madness","floor":36,"damage_taken":0},{"event_name":"Tomb of Lord Red Mask","player_choice":"Paid","floor":44,"damage_taken":0}],"boss_relics":[{"not_picked":["Velvet Choker","White Beast Statue"],"picked":"Cursed Key"},{"not_picked":["Runic Pyramid","The Specimen"],"picked":"Calling Bell"}],"potions_floor_spawned":[1,6,7,14,18,27,28,48],"seed_played":"7863246807078457496","ascension_level":0,"is_trial":false}