{"path_per_floor":["M","M","?","?","?","R","$","R","T","M","M","M","R","M","R","B",null,"M","M","?","?","?","R","?","R","T","M","M","$","R","E","R","B",null,"M","$","?","M","?","E","R","M","T","$","M","R","M","?","R","B"],"character_chosen":"THE_SILENT","items_purchased":["Predator","Acrobatics","Apotheosis","Master of Strategy","Lee\u0027s Waffle"],"gold_per_floor":[119,133,308,308,383,383,14,14,41,51,68,84,84,102,102,203,203,222,241,241,241,241,241,241,241,264,274,294,98,98,131,131,228,228,248,248,248,268,268,303,303,317,344,53,63,63,76,76,76,76],"floor_reached":51,"campfire_rested":2,"playtime":5639,"current_hp_per_floor":[69,69,69,66,55,55,55,55,55,55,53,49,49,49,49,42,70,54,47,47,40,40,54,54,54,54,54,54,54,54,54,54,25,54,54,54,54,54,54,61,61,60,60,68,68,68,68,59,68,68],"items_purged":["Doubt","Regret"],"gold":76,"score":536,"play_id":"40da4fa0-8d15-4bdf-a5a5-5892ce8aada1","is_prod":false,"is_daily":false,"is_ascension_mode":false,"campfire_upgraded":9,"path_taken":["M","?","?","?","?","R","$","R","T","?","M","M","R","M","R","BOSS","M","M","?","?","?","R","?","R","T","?","M","$","R","E","R","BOSS","M","$","?","M","?","E","R","M","T","$","?","R","M","?","R","BOSS"],"build_version":"2018-02-22-PROD2","purchased_purges":2,"victory":true,"master_deck":["Defend_G+1","Defend_G+1","Defend_G+1","Defend_G+1","Defend_G+1","Survivor","Neutralize+1","Tools of the Trade+1","Concentrate+1","Predator","Acrobatics+1","Apotheosis+1","Escape Plan","Tools of the Trade+1","Well Laid Plans+1","Bite","Bite+1","Bite+1","Bite","Bite","Reflex+1","Master of Strategy+1","Bullet Time+1","Backflip+1","Dash","Madness","Madness"],"max_hp_per_floor":[70,70,70,70,70,70,70,70,70,70,70,70,70,70,70,70,70,70,70,49,54,54,54,54,54,54,54,54,54,54,54,54,54,54,54,54,54,54,54,61,61,61,61,68,68,68,68,68,68,68],"relics":["Ring of the Snake","Dream Catcher","Bag of Marbles","Lizard Tail","Anchor","Blue Candle","Cursed Key","Strawberry","Whetstone","Lee\u0027s Waffle"],"card_choices":[{"not_picked":["Choke","Distraction"],"picked":"Tools of the Trade"},{"not_picked":["Acrobatics","Escape Plan"],"picked":"Concentrate"},{"not_picked":["Prepared","Deadly Poison"],"picked":"Escape Plan"},{"not_picked":["Wraith Form","Corpse Explosion"],"picked":"Tools of the Trade"},{"not_picked":["Deflect","Deadly Poison"],"picked":"Well Laid Plans"},{"not_picked":["All Out Attack","Prepared"],"picked":"Reflex"},{"not_picked":["Sucker Punch","Burst"],"picked":"Underhanded Strike"},{"not_picked":["Unload","Doppelganger"],"picked":"Bullet Time"},{"not_picked":["Outmaneuver","Dodge and Roll"],"picked":"Backflip"},{"not_picked":["Deadly Poison","Poisoned Stab"],"picked":"Dash"}],"player_experience":1374803,"potions_floor_usage":[16,19,27,31,31,50],"damage_taken":[{"damage":1,"enemies":"Cultist","floor":1,"turns":4},{"damage":0,"enemies":"2 Louse","floor":2,"turns":3},{"damage":0,"enemies":"Small Slimes","floor":10,"turns":3},{"damage":2,"enemies":"2 Fungi Beasts","floor":11,"turns":3},{"damage":4,"enemies":"3 Louse","floor":12,"turns":4},{"damage":0,"enemies":"Exordium Wildlife","floor":14,"turns":4},{"damage":7,"enemies":"Hexaghost","floor":16,"turns":10},{"damage":16,"enemies":"2 Thieves","floor":18,"turns":4},{"damage":7,"enemies":"Chosen","floor":19,"turns":4},{"damage":13,"enemies":"3 Cultists","floor":27,"turns":5},{"damage":15,"enemies":"Sentry and Sphere","floor":28,"turns":9},{"damage":19,"enemies":"Slavers","floor":31,"turns":7},{"damage":111,"enemies":"Collector","floor":33,"turns":23},{"damage":25,"enemies":"3 Darklings","floor":35,"turns":8},{"damage":0,"enemies":"3 Shapes","floor":38,"turns":4},{"damage":0,"enemies":"Nemesis","floor":40,"turns":9},{"damage":10,"enemies":"Sphere and 2 Shapes","floor":42,"turns":7},{"damage":7,"enemies":"3 Darklings","floor":45,"turns":6},{"damage":0,"enemies":"4 Shapes","floor":47,"turns":5},{"damage":23,"enemies":"Awakened One","floor":50,"turns":18}],"event_choices":[{"event_name":"Liars Game","player_choice":"agreed","floor":3,"damage_taken":0},{"event_name":"Scrap Ooze","player_choice":"success","floor":4,"damage_taken":3},{"event_name":"World of Goop","player_choice":"Gather Gold","floor":5,"damage_taken":0},{"event_name":"Vampires","player_choice":"Became a vampire","floor":20,"damage_taken":0},{"event_name":"Forgotten Altar","player_choice":"Shed Blood","floor":21,"damage_taken":0},{"event_name":"Back to Basics","player_choice":"Simplicity","floor":22,"damage_taken":0},{"event_name":"Drug Dealer","player_choice":"Ignored","floor":24,"damage_taken":0},{"event_name":"The Woman in Blue","player_choice":"Bought 0 Potions","floor":37,"damage_taken":0},{"event_name":"Winding Halls","player_choice":"Embrace Madness","floor":48,"damage_taken":0}],"boss_relics":[{"not_picked":["Runic Dome","Question Card"],"picked":"Lizard Tail"},{"not_picked":["Eternal Feather","Runic Pyramid"],"picked":"Cursed Key"}],"potions_floor_spawned":[1,2,11,14,18,27,33,40,45],"seed_played":"-4714804563458395843","ascension_level":0,"is_trial":false}