{"path_per_floor":["M","M","M","?","M","R","M","R","T","$","R","E","M","M","R","B",null,"M","?","M","$","?","R","$","M","T","?","R","M","M","M","R","B",null,"M","M","M","$","?","R","M","M","T","R","M","M","M","T","R","B"],"character_chosen":"THE_SILENT","items_purchased":["Noxious Fumes"],"gold_per_floor":[117,127,140,140,156,156,173,173,220,66,66,92,108,118,118,223,223,233,233,253,153,153,153,28,39,39,39,39,53,66,76,76,175,175,190,205,220,70,70,70,85,104,104,104,119,137,148,148,148,148],"floor_reached":51,"campfire_rested":0,"playtime":3063,"current_hp_per_floor":[70,70,69,74,62,62,62,62,62,62,62,49,49,49,49,48,75,69,69,67,67,67,67,67,67,67,67,67,67,67,67,67,7,75,75,70,70,70,61,61,75,75,75,75,75,75,75,75,75,75],"items_purged":["Strike_G","Strike_G","Writhe","Strike_G"],"gold":148,"score":557,"play_id":"171edacc-0ff1-451b-b5c3-9c955d974458","is_prod":false,"is_daily":false,"is_ascension_mode":false,"campfire_upgraded":10,"path_taken":["M","M","M","?","M","R","M","R","T","$","R","E","M","M","R","BOSS","M","?","M","?","?","R","$","?","T","?","R","?","M","M","R","BOSS","M","M","?","$","?","R","M","M","T","R","M","M","?","?","R","BOSS"],"build_version":"2018-02-22-PROD1","purchased_purges":4,"victory":true,"master_deck":["Defend_G","Defend_G","Defend_G+1","Defend_G","Defend_G+1","Strike_G","Strike_G","Survivor","Neutralize+1","Footwork+1","Expertise+1","Backflip","Cloak And Dagger+1","Cloak And Dagger+1","Noxious Fumes+1","After Image","Escape Plan","Dash","Predator+1","Concentrate+1","Footwork","Calculated Gamble+1","Madness+1","Madness+1","Escape Plan","Concentrate+1"],"max_hp_per_floor":[70,70,70,75,75,75,75,75,75,75,75,75,75,75,75,75,75,75,75,75,75,75,75,75,75,75,75,75,75,75,75,75,75,75,75,75,75,75,75,75,75,75,75,75,75,75,75,75,75,75],"relics":["Ring of the Snake","Ancient Tea Set","Bronze Scales","Thread and Needle","Orrery","Unceasing Top","War Paint","Philosopher\u0027s Stone","Tingsha","Paper Crane"],"card_choices":[{"not_picked":["Dodge and Roll","All Out Attack"],"picked":"Footwork"},{"not_picked":["Slice","Bane"],"picked":"Expertise"},{"not_picked":["Caltrops","Malaise"],"picked":"Backflip"},{"not_picked":["Sucker Punch","Dagger Throw"],"picked":"Cloak And Dagger"},{"not_picked":["Dagger Throw","Quick Slash"],"picked":"Cloak And Dagger"},{"not_picked":["Venomology","Envenom"],"picked":"After Image"},{"not_picked":["Phantasmal Killer","Outmaneuver"],"picked":"Escape Plan"},{"not_picked":["Sucker Punch","Leg Sweep"],"picked":"Dash"},{"not_picked":["Outmaneuver","Poisoned Stab"],"picked":"Predator"},{"not_picked":["Distraction","Poisoned Stab"],"picked":"Concentrate"},{"not_picked":["Deflect","Bane"],"picked":"Calculated Gamble"},{"not_picked":["Leg Sweep","Dash"],"picked":"Escape Plan"},{"not_picked":["Predator","Outmaneuver"],"picked":"Concentrate"}],"player_experience":1308179,"potions_floor_usage":[5,12,20,33,41,50,50,50],"damage_taken":[{"damage":0,"enemies":"2 Louse","floor":1,"turns":2},{"damage":0,"enemies":"Jaw Worm","floor":2,"turns":5},{"damage":1,"enemies":"Small Slimes","floor":3,"turns":4},{"damage":12,"enemies":"Exordium Thugs","floor":5,"turns":11},{"damage":0,"enemies":"Blue Slaver","floor":7,"turns":5},{"damage":13,"enemies":"Gremlin Nob","floor":12,"turns":5},{"damage":0,"enemies":"Large Slime","floor":13,"turns":6},{"damage":0,"enemies":"Exordium Thugs","floor":14,"turns":5},{"damage":1,"enemies":"The Guardian","floor":16,"turns":10},{"damage":6,"enemies":"3 Byrds","floor":18,"turns":5},{"damage":2,"enemies":"2 Thieves","floor":20,"turns":4},{"damage":0,"enemies":"Centurion and Healer","floor":25,"turns":6},{"damage":0,"enemies":"Snecko","floor":29,"turns":6},{"damage":0,"enemies":"3 Cultists","floor":30,"turns":8},{"damage":0,"enemies":"Snake Plant","floor":31,"turns":5},{"damage":60,"enemies":"Automaton","floor":33,"turns":20},{"damage":0,"enemies":"Orb Walker","floor":35,"turns":5},{"damage":5,"enemies":"3 Darklings","floor":36,"turns":5},{"damage":0,"enemies":"Sphere and 2 Shapes","floor":37,"turns":6},{"damage":0,"enemies":"Maw","floor":41,"turns":9},{"damage":0,"enemies":"4 Shapes","floor":42,"turns":5},{"damage":0,"enemies":"3 Darklings","floor":45,"turns":3},{"damage":0,"enemies":"Maw","floor":46,"turns":6},{"damage":0,"enemies":"4 Shapes","floor":47,"turns":3},{"damage":0,"enemies":"Awakened One","floor":50,"turns":9}],"event_choices":[{"event_name":"Big Fish","player_choice":"Donut","floor":4,"damage_taken":0},{"event_name":"The Library","player_choice":"Read","floor":19,"damage_taken":0},{"event_name":"The Mausoleum","player_choice":"Yes","floor":22,"damage_taken":0},{"event_name":"Drug Dealer","player_choice":"Ignored","floor":27,"damage_taken":0},{"event_name":"Winding Halls","player_choice":"Embrace Madness","floor":39,"damage_taken":0}],"boss_relics":[{"not_picked":["Velvet Choker","Black Star"],"picked":"Orrery"},{"not_picked":["Lizard Tail","White Beast Statue"],"picked":"Philosopher\u0027s Stone"}],"potions_floor_spawned":[2,5,14,16,18,31,33,45,46,47],"seed_played":"-7085009746420674381","ascension_level":0,"is_trial":false}