{"path_per_floor":["M","?","?","?","M","R","E","?","T","R","$","R","M","M","R","B",null,"M","M","$","M","M","R","E","M","T","R","M","M","M","?","R","B",null,"M","M","T","M","$","R","M","M","T","M","R","M","M","M","R"],"character_chosen":"THE_SILENT","items_purchased":["Noxious Fumes","Concentrate","Snake Skull","Whetstone","Trip"],"gold_per_floor":[111,111,111,111,130,130,163,238,238,238,124,124,147,161,161,286,286,310,329,50,70,83,83,127,145,145,145,161,176,189,189,189,313,313,336,357,383,404,32,32,50,71,143,156,156,169,190,205,205],"floor_reached":50,"campfire_rested":5,"playtime":2586,"current_hp_per_floor":[70,70,52,52,52,52,35,24,24,24,24,43,43,37,37,34,65,62,59,59,59,46,46,28,28,28,47,39,18,12,12,31,27,65,62,62,62,62,62,62,62,33,33,33,52,52,43,43,62],"items_purged":["Strike_G","Strike_G","Strike_G"],"gold":205,"score":422,"play_id":"8c795cb4-0176-41f2-83c8-412685965af9","is_prod":false,"is_daily":false,"is_ascension_mode":false,"campfire_upgraded":5,"path_taken":["M","?","?","?","M","R","E","?","T","R","$","R","M","M","R","BOSS","M","M","$","M","M","R","E","M","T","R","M","M","M","?","R","BOSS","M","M","?","M","$","R","M","?","T","M","R","M","M","M","R","BOSS"],"build_version":"2018-02-22-PROD2","purchased_purges":3,"victory":false,"master_deck":["Defend_G","Defend_G","Defend_G+1","Defend_G","Defend_G","Survivor+1","Neutralize+1","Flying Knee+1","Glass Knife+1","Well Laid Plans","Noxious Fumes+1","PiercingWail","Bane+1","After Image","Poisoned Stab+1","Concentrate","Predator+1","Backstab","Outmaneuver","PiercingWail","Backstab","Neutralize","Dark Shackles","Calculated Gamble+1","Backflip","Noxious Fumes+1","Trip","Bane","Terror+1","Dagger Throw+1","Footwork+1","Catalyst","Bouncing Flask+1"],"max_hp_per_floor":[70,70,70,65,65,65,65,65,65,65,65,65,65,65,65,65,65,65,65,65,65,65,65,65,65,65,65,65,65,65,65,65,65,65,65,65,65,65,65,65,65,65,65,65,65,65,65,65,65],"relics":["Ring of the Snake","War Paint","Golden Idol","Unceasing Top","Sundial","Runic Pyramid","Snake Skull","Prayer Wheel","Du-Vu Doll","Philosopher\u0027s Stone","Lantern","Whetstone","Bottled Lightning"],"card_choices":[{"not_picked":["Bouncing Flask","Backstab"],"picked":"Flying Knee"},{"not_picked":["Eviscerate","Flechettes"],"picked":"Glass Knife"},{"not_picked":["Backflip","Bane"],"picked":"Well Laid Plans"},{"not_picked":["Outmaneuver","Dodge and Roll"],"picked":"PiercingWail"},{"not_picked":["Choke","Underhanded Strike"],"picked":"Bane"},{"not_picked":["Venomology","Night Terror"],"picked":"After Image"},{"not_picked":["Backflip","PiercingWail"],"picked":"Poisoned Stab"},{"not_picked":["Setup","Catalyst"],"picked":"Predator"},{"not_picked":["Doppelganger","Acrobatics"],"picked":"Backstab"},{"not_picked":["Dagger Throw","Deadly Poison"],"picked":"Outmaneuver"},{"not_picked":["Choke","Bouncing Flask"],"picked":"PiercingWail"},{"not_picked":["Flying Knee","Prepared"],"picked":"Backstab"},{"not_picked":["Escape Plan","Deflect"],"picked":"Calculated Gamble"},{"not_picked":["Dagger Spray","Setup"],"picked":"Backflip"},{"not_picked":["Cloak And Dagger","Masterful Stab"],"picked":"Noxious Fumes"},{"not_picked":["Cloak And Dagger","Masterful Stab"],"picked":"Bane"},{"not_picked":["Dagger Throw","Finisher"],"picked":"Terror"},{"not_picked":["Bane","Wraith Form"],"picked":"Dagger Throw"},{"not_picked":["Acrobatics","Leg Sweep"],"picked":"Footwork"},{"not_picked":["Heel Hook","Flechettes"],"picked":"Catalyst"},{"not_picked":["Deadly Poison","Outmaneuver"],"picked":"Bouncing Flask"}],"player_experience":1341197,"potions_floor_usage":[16,22,24,25,33,33,50,50,50],"damage_taken":[{"damage":0,"enemies":"2 Louse","floor":1,"turns":4},{"damage":0,"enemies":"Small Slimes","floor":5,"turns":3},{"damage":17,"enemies":"3 Sentries","floor":7,"turns":9},{"damage":0,"enemies":"Jaw Worm","floor":13,"turns":1},{"damage":6,"enemies":"Large Slime","floor":14,"turns":5},{"damage":3,"enemies":"Slime Boss","floor":16,"turns":8},{"damage":3,"enemies":"Shell Parasite","floor":18,"turns":5},{"damage":3,"enemies":"Spheric Guardian","floor":19,"turns":6},{"damage":0,"enemies":"Snecko","floor":21,"turns":4},{"damage":13,"enemies":"Slaver and Parasite","floor":22,"turns":5},{"damage":18,"enemies":"Slavers","floor":24,"turns":6},{"damage":0,"enemies":"Snake Plant","floor":25,"turns":4},{"damage":8,"enemies":"Centurion and Healer","floor":28,"turns":6},{"damage":21,"enemies":"Cultist and Chosen","floor":29,"turns":9},{"damage":6,"enemies":"Sentry and Sphere","floor":30,"turns":4},{"damage":4,"enemies":"Champ","floor":33,"turns":11},{"damage":3,"enemies":"Orb Walker","floor":35,"turns":3},{"damage":0,"enemies":"3 Shapes","floor":36,"turns":5},{"damage":0,"enemies":"Maw","floor":38,"turns":6},{"damage":0,"enemies":"3 Darklings","floor":41,"turns":4},{"damage":29,"enemies":"4 Shapes","floor":42,"turns":8},{"damage":0,"enemies":"Sphere and 2 Shapes","floor":44,"turns":4},{"damage":0,"enemies":"Maw","floor":46,"turns":5},{"damage":9,"enemies":"4 Shapes","floor":47,"turns":5},{"damage":0,"enemies":"Sphere and 2 Shapes","floor":48,"turns":5},{"damage":62,"enemies":"Donu and Deca","floor":50,"turns":7}],"event_choices":[{"event_name":"Living Wall","player_choice":"Forget","floor":2,"damage_taken":0},{"event_name":"Scrap Ooze","player_choice":"success","floor":3,"damage_taken":18},{"event_name":"Golden Idol","player_choice":"Lose Max HP","floor":4,"damage_taken":0},{"event_name":"World of Goop","player_choice":"Gather Gold","floor":8,"damage_taken":0},{"event_name":"Match and Keep!","player_choice":"2 cards matched","floor":31,"damage_taken":0}],"boss_relics":[{"not_picked":["Question Card","White Beast Statue"],"picked":"Runic Pyramid"},{"not_picked":["Tiny House","The Specimen"],"picked":"Philosopher\u0027s Stone"}],"potions_floor_spawned":[7,13,14,16,18,22,28,33,38,44,46,48],"seed_played":"8849514242228404307","killed_by":"Donu and Deca","ascension_level":0,"is_trial":false}