{"path_per_floor":["M","?","?","?","M","R","E","$","T","M","?","?","M","?","R","B",null,"M","M","M","?","M","E","R","E","T","R","?","$","M","?","R"],"character_chosen":"THE_SILENT","items_purchased":["Footwork","Sadistic Nature"],"gold_per_floor":[113,113,113,63,82,82,115,39,39,54,54,54,66,66,66,162,162,182,198,210,210,222,248,248,283,335,335,260,9,27,27,27],"floor_reached":33,"campfire_rested":0,"playtime":2088,"current_hp_per_floor":[67,60,60,60,60,60,40,40,40,37,23,23,23,23,23,23,70,56,56,50,70,67,67,67,53,53,53,53,53,50,50,50],"items_purged":["Finisher"],"gold":27,"score":358,"play_id":"581307de-90f1-43c0-8d78-386b71d36098","is_prod":false,"is_daily":false,"is_ascension_mode":false,"campfire_upgraded":5,"path_taken":["M","?","?","?","?","R","E","$","T","M","?","?","M","?","R","BOSS","M","?","M","?","?","E","R","E","T","R","?","$","M","?","R","BOSS"],"build_version":"2018-02-22-PROD2","purchased_purges":1,"victory":false,"master_deck":["Defend_G","Defend_G","Defend_G","Defend_G","Strike_G+1","Strike_G+1","Strike_G+1","Survivor+1","Neutralize+1","Backflip+1","Heel Hook","Footwork+1","Dash+1","Noxious Fumes+1","Adrenaline","Dodge and Roll+1","Leg Sweep+1","Sadistic Nature"],"max_hp_per_floor":[70,70,70,70,70,70,70,70,70,70,70,70,70,70,70,70,70,70,70,70,70,70,70,70,72,72,72,72,72,74,74,74],"relics":["Ring of the Snake","Oddly Smooth Stone","Whetstone","Frozen Eye","Letter Opener","Singing Bowl","Juzu Bracelet"],"card_choices":[{"not_picked":["Outmaneuver","Sucker Punch"],"picked":"Backflip"},{"not_picked":["Slice","Doppelganger"],"picked":"Finisher"},{"not_picked":["Catalyst","Backflip"],"picked":"Dash"},{"not_picked":["Caltrops","Infinite Blades"],"picked":"Noxious Fumes"},{"not_picked":["Die Die Die","Venomology"],"picked":"Adrenaline"},{"not_picked":["Finisher","Bane"],"picked":"Dodge and Roll"},{"not_picked":["Bane","Concentrate"],"picked":"Leg Sweep"}],"player_experience":1381059,"potions_floor_usage":[20,23,23],"damage_taken":[{"damage":3,"enemies":"Jaw Worm","floor":1,"turns":4},{"damage":0,"enemies":"Cultist","floor":5,"turns":4},{"damage":20,"enemies":"Gremlin Nob","floor":7,"turns":5},{"damage":3,"enemies":"Small Slimes","floor":10,"turns":2},{"damage":0,"enemies":"Blue Slaver","floor":13,"turns":3},{"damage":0,"enemies":"The Guardian","floor":16,"turns":10},{"damage":14,"enemies":"Spheric Guardian","floor":18,"turns":4},{"damage":0,"enemies":"Shell Parasite","floor":19,"turns":6},{"damage":6,"enemies":"Cultist and Chosen","floor":20,"turns":6},{"damage":3,"enemies":"Snake Plant","floor":22,"turns":7},{"damage":0,"enemies":"Slavers","floor":23,"turns":6},{"damage":16,"enemies":"Book of Stabbing","floor":25,"turns":8},{"damage":5,"enemies":"Snecko","floor":30,"turns":7},{"damage":68,"enemies":"Champ","floor":33,"turns":14}],"event_choices":[{"event_name":"Wheel of Change","player_choice":"Damage","floor":2,"damage_taken":0},{"event_name":"Living Wall","player_choice":"Change","floor":3,"damage_taken":0},{"event_name":"The Cleric","player_choice":"Card Removal","floor":4,"damage_taken":0},{"event_name":"Shining Light","player_choice":"Entered Light","floor":11,"damage_taken":0},{"event_name":"Liars Game","player_choice":"disagreed","floor":12,"damage_taken":0},{"event_name":"Upgrade Shrine","player_choice":"Upgraded","floor":14,"damage_taken":0},{"event_name":"The Library","player_choice":"Heal","floor":21,"damage_taken":0},{"event_name":"Beggar","player_choice":"Gave Gold","floor":28,"damage_taken":0},{"event_name":"Drug Dealer","player_choice":"Ignored","floor":31,"damage_taken":0}],"boss_relics":[{"not_picked":["White Beast Statue","Question Card","Pandora\u0027s Box"]}],"potions_floor_spawned":[13,16,19,30],"seed_played":"-4221735321844981408","killed_by":"Champ","ascension_level":0,"is_trial":false}