{"path_per_floor":["M","?","?","M","?","R","M","R","T","$","R","$","M","M","R","B",null,"M","M","$","?","M","R","E","R","T","M","?","$","?","M","R","B",null,"M","?","$","?","?","R","M","?","T","$","?","R","T","M","R","B"],"character_chosen":"THE_SILENT","items_purchased":["Cloak And Dagger","Snake Skull"],"gold_per_floor":[115,115,115,140,140,140,160,160,160,85,85,58,74,99,99,222,260,275,288,41,41,62,62,102,102,148,164,164,39,39,63,63,194,194,218,218,68,68,0,0,14,14,14,14,347,347,347,364,364,364],"floor_reached":51,"campfire_rested":1,"playtime":2707,"current_hp_per_floor":[69,69,52,52,57,57,56,56,56,56,56,56,55,53,53,46,84,82,81,81,81,81,81,75,75,75,77,77,77,77,76,76,40,88,90,79,79,79,79,79,68,68,78,78,78,78,78,80,102,98],"items_purged":["Strike_G","Strike_G","Decay","Outmaneuver"],"gold":364,"score":576,"play_id":"eeb8c11a-f395-4828-898a-46208d203419","is_prod":false,"is_daily":false,"is_ascension_mode":false,"campfire_upgraded":9,"path_taken":["M","?","?","M","?","R","M","R","T","$","R","?","M","M","R","BOSS","M","M","$","?","M","R","E","R","T","M","?","?","?","M","R","BOSS","M","?","?","?","?","R","M","?","T","$","?","R","?","M","R","BOSS"],"build_version":"2018-02-22-PROD1","purchased_purges":4,"victory":true,"master_deck":["Defend_G+1","Defend_G+1","Defend_G+1","Defend_G+1","Neutralize+1","Flechettes+1","Noxious Fumes+1","Cloak And Dagger+1","Backflip+1","Leg Sweep+1","Malaise+1","Acrobatics+1","Flechettes+1","Well Laid Plans+1","Envenom+1","Burst+1","Infinite Blades+1","Madness+1","Madness","Footwork+1","Glass Knife"],"max_hp_per_floor":[70,70,70,70,75,75,75,75,75,75,75,75,75,75,75,77,84,84,86,86,86,86,86,86,86,86,88,88,88,88,88,88,88,88,90,90,90,90,90,90,90,90,100,100,100,100,100,102,102,102],"relics":["Ring of the Snake","Singing Bowl","Tiny House","Snake Skull","Juzu Bracelet","Happy Flower","Astrolabe","Red Mask","Pear","Gambling Chip"],"card_choices":[{"not_picked":["Poisoned Stab","Quick Slash"],"picked":"Flechettes"},{"not_picked":["Distraction","Cloak And Dagger"],"picked":"Noxious Fumes"},{"not_picked":["Quick Slash","Poisoned Stab"],"picked":"Backflip"},{"not_picked":["Dagger Spray","Blade Dance"],"picked":"Leg Sweep"},{"not_picked":["Prepared","Quick Slash"],"picked":"Malaise"},{"not_picked":["Blade Dance","Dagger Throw"],"picked":"Acrobatics"},{"not_picked":["Sucker Punch","Deadly Poison"],"picked":"Flechettes"},{"not_picked":["Infinite Blades","Flying Knee"],"picked":"Well Laid Plans"},{"not_picked":["Doppelganger","Phantasmal Killer"],"picked":"Envenom"},{"not_picked":["PiercingWail","Acrobatics"],"picked":"Footwork"}],"player_experience":1305472,"potions_floor_usage":[16,19,19,19,27,50,50,50],"damage_taken":[{"damage":1,"enemies":"Cultist","floor":1,"turns":4},{"damage":0,"enemies":"2 Louse","floor":4,"turns":3},{"damage":1,"enemies":"Jaw Worm","floor":7,"turns":5},{"damage":1,"enemies":"Large Slime","floor":13,"turns":6},{"damage":2,"enemies":"Looter","floor":14,"turns":3},{"damage":9,"enemies":"Hexaghost","floor":16,"turns":8},{"damage":2,"enemies":"Spheric Guardian","floor":18,"turns":6},{"damage":3,"enemies":"2 Thieves","floor":19,"turns":4},{"damage":0,"enemies":"Snecko","floor":22,"turns":5},{"damage":6,"enemies":"Slavers","floor":24,"turns":10},{"damage":0,"enemies":"Cultist and Chosen","floor":27,"turns":5},{"damage":1,"enemies":"Sentry and Sphere","floor":31,"turns":5},{"damage":36,"enemies":"Champ","floor":33,"turns":12},{"damage":0,"enemies":"3 Darklings","floor":35,"turns":6},{"damage":11,"enemies":"3 Shapes","floor":41,"turns":5},{"damage":0,"enemies":"Maw","floor":48,"turns":5},{"damage":4,"enemies":"Donu and Deca","floor":50,"turns":7}],"event_choices":[{"event_name":"Liars Game","player_choice":"disagreed","floor":2,"damage_taken":0},{"event_name":"Golden Idol","player_choice":"Take Damage","floor":3,"damage_taken":0},{"event_name":"Big Fish","player_choice":"Donut","floor":5,"damage_taken":0},{"event_name":"Back to Basics","player_choice":"Simplicity","floor":21,"damage_taken":0},{"event_name":"Wheel of Change","player_choice":"Curse","floor":28,"damage_taken":0},{"event_name":"Beggar","player_choice":"Ignored","floor":30,"damage_taken":0},{"event_name":"Winding Halls","player_choice":"Embrace Madness","floor":36,"damage_taken":0},{"event_name":"Mysterious Sphere","player_choice":"Ignore","floor":38,"damage_taken":0},{"event_name":"Tomb of Lord Red Mask","player_choice":"Paid","floor":39,"damage_taken":0},{"event_name":"Transmorgrifier","player_choice":"Transform","floor":42,"damage_taken":0},{"event_name":"The Moai Head","player_choice":"Gave Idol","floor":45,"damage_taken":0}],"boss_relics":[{"not_picked":["Eternal Feather","Pandora\u0027s Box"],"picked":"Tiny House"},{"not_picked":["The Specimen","Black Star"],"picked":"Astrolabe"}],"potions_floor_spawned":[1,7,16,19,27,41,48],"seed_played":"-2616059816718884927","ascension_level":0,"is_trial":false}