{"path_per_floor":["M","?","M","?","M","R","M","R","T","?","?","M","R","M","R","B",null,"M","?","$","M","?","R","M","R","T","T","M","R","M","M","R","B",null,"M","?","$","T","M","R","M","R","T","M","T","R","M","$","R","B"],"character_chosen":"THE_SILENT","items_purchased":["Sadistic Nature","Bottled Flame","Secret Technique"],"gold_per_floor":[17,17,32,32,44,44,56,56,56,56,56,74,74,92,92,218,218,242,242,29,48,48,48,66,66,66,66,82,82,106,122,122,247,247,267,267,192,222,237,237,253,253,253,274,574,574,597,64,64,64],"floor_reached":51,"campfire_rested":2,"playtime":1906,"current_hp_per_floor":[70,52,52,52,52,52,52,52,52,52,52,52,52,52,52,52,65,60,60,60,37,37,37,37,65,65,65,65,65,54,54,54,53,65,65,65,65,65,65,65,65,65,65,56,56,56,43,43,65,48],"items_purged":["Survivor","Doubt"],"gold":64,"score":539,"play_id":"690f6603-0458-4bbd-aaa5-2281d0e1faf1","is_prod":false,"is_daily":false,"is_ascension_mode":false,"campfire_upgraded":10,"path_taken":["M","?","M","?","M","R","M","R","T","?","?","M","R","M","R","BOSS","M","?","$","?","?","R","M","R","T","?","?","R","M","?","R","BOSS","M","?","$","?","M","R","M","R","T","M","?","R","?","$","R","BOSS"],"build_version":"2018-02-22-PROD1","purchased_purges":3,"victory":true,"master_deck":["Defend_G+1","Defend_G+1","Defend_G+1","Defend_G+1","Defend_G+1","Strike_G+1","Strike_G+1","Strike_G+1","Neutralize+1","Finisher+1","Endless Agony","Die Die Die","Endless Agony","Well Laid Plans+1","Escape Plan","Sucker Punch+1","Envenom+1","Footwork+1","Sadistic Nature+1","Slice+1","Noxious Fumes+1","Acrobatics+1","Dash+1","After Image+1","Doubt","Backflip+1","Clumsy","Dodge and Roll+1","Dash+1","Secret Technique"],"max_hp_per_floor":[70,70,70,70,70,70,70,70,70,65,65,65,65,65,65,65,65,65,65,65,65,65,65,65,65,65,65,65,65,65,65,65,65,65,65,65,65,65,65,65,65,65,65,65,65,65,65,65,65,65],"relics":["Ring of the Snake","Ninja Scroll","Dream Catcher","Golden Idol","Regal Pillow","Sozu","Paper Crane","Lantern","Cursed Key","Tiny Chest","Ancient Tea Set","Old Coin","Bottled Flame"],"card_choices":[{"not_picked":["Bouncing Flask","Flying Knee"],"picked":"Die Die Die"},{"not_picked":["Acrobatics","Slice"],"picked":"Endless Agony"},{"not_picked":["Sucker Punch","Outmaneuver"],"picked":"Well Laid Plans"},{"not_picked":["PiercingWail","Blur"],"picked":"Escape Plan"},{"not_picked":["Skewer","Poisoned Stab"],"picked":"Sucker Punch"},{"not_picked":["Grand Finale","Corpse Explosion"],"picked":"Envenom"},{"not_picked":["Flying Knee","Bane"],"picked":"Footwork"},{"not_picked":["Dagger Throw","Caltrops"],"picked":"Slice"},{"not_picked":["Flying Knee","Bouncing Flask"],"picked":"Noxious Fumes"},{"not_picked":["Riddle With Holes","Setup"],"picked":"Acrobatics"},{"not_picked":["Quick Slash","Envenom"],"picked":"Dash"},{"not_picked":["Die Die Die","Envenom"],"picked":"After Image"},{"not_picked":["Underhanded Strike","Deflect"],"picked":"Backflip"},{"not_picked":["Sucker Punch","Wraith Form"],"picked":"Dodge and Roll"},{"not_picked":["Bouncing Flask","Backflip"],"picked":"Dash"}],"player_experience":1313437,"potions_floor_usage":[16,16,21],"damage_taken":[{"damage":0,"enemies":"2 Louse","floor":1,"turns":2},{"damage":0,"enemies":"Small Slimes","floor":3,"turns":1},{"damage":0,"enemies":"Jaw Worm","floor":5,"turns":2},{"damage":0,"enemies":"2 Fungi Beasts","floor":7,"turns":3},{"damage":0,"enemies":"Large Slime","floor":12,"turns":2},{"damage":0,"enemies":"3 Louse","floor":14,"turns":3},{"damage":0,"enemies":"Slime Boss","floor":16,"turns":6},{"damage":5,"enemies":"2 Thieves","floor":18,"turns":2},{"damage":23,"enemies":"Chosen","floor":21,"turns":6},{"damage":0,"enemies":"3 Cultists","floor":24,"turns":4},{"damage":0,"enemies":"Chosen and Byrds","floor":28,"turns":2},{"damage":11,"enemies":"Snecko","floor":30,"turns":4},{"damage":0,"enemies":"Cultist and Chosen","floor":31,"turns":2},{"damage":1,"enemies":"Champ","floor":33,"turns":7},{"damage":0,"enemies":"3 Darklings","floor":35,"turns":5},{"damage":0,"enemies":"3 Shapes","floor":39,"turns":4},{"damage":0,"enemies":"3 Darklings","floor":41,"turns":3},{"damage":9,"enemies":"Sphere and 2 Shapes","floor":44,"turns":5},{"damage":13,"enemies":"4 Shapes","floor":47,"turns":5},{"damage":17,"enemies":"Donu and Deca","floor":50,"turns":10}],"event_choices":[{"event_name":"Scrap Ooze","player_choice":"success","floor":2,"damage_taken":18},{"event_name":"The Cleric","player_choice":"Leave","floor":4,"damage_taken":0},{"event_name":"Golden Idol","player_choice":"Lose Max HP","floor":10,"damage_taken":0},{"event_name":"Wheel of Change","player_choice":"Relic","floor":11,"damage_taken":0},{"event_name":"The Woman in Blue","player_choice":"Bought 0 Potions","floor":19,"damage_taken":0},{"event_name":"Back to Basics","player_choice":"Simplicity","floor":22,"damage_taken":0},{"event_name":"Tomb of Lord Red Mask","player_choice":"Ignored","floor":36,"damage_taken":0}],"boss_relics":[{"not_picked":["Calling Bell","Black Star"],"picked":"Sozu"},{"not_picked":["Orrery","Pandora\u0027s Box"],"picked":"Cursed Key"}],"potions_floor_spawned":[1,7,12,18,21,24,35,39,41],"seed_played":"6125675928373458689","ascension_level":0,"is_trial":false}