{"path_per_floor":["M","$","?","$","?","?","E","R","T","R","$","R","M","?","R","B",null,"M","$","?","?","M","R","?","M","T","R","M","M","M","?","R","B",null,"M","?","M","M","M","R","$","R","T","?","M","R","M","$","R","B"],"character_chosen":"THE_SILENT","items_purchased":["Happy Flower","Predator"],"gold_per_floor":[115,115,290,215,215,215,248,248,248,248,148,148,163,238,238,339,339,356,75,0,0,20,20,20,36,36,36,55,71,83,83,83,180,180,190,190,210,223,235,235,44,44,74,0,16,16,27,27,27,27],"floor_reached":51,"campfire_rested":1,"playtime":1729,"current_hp_per_floor":[70,70,70,70,70,70,66,66,66,66,66,66,59,48,48,24,70,68,68,68,55,55,55,55,55,55,55,55,55,55,55,55,41,75,74,74,52,52,52,52,52,52,52,52,52,52,52,52,74,49],"items_purged":["Doubt","Injury","Strike_G","Strike_G"],"gold":27,"score":518,"play_id":"9842394c-4b02-4fd2-b849-f3d800902593","is_prod":false,"is_daily":false,"is_ascension_mode":false,"campfire_upgraded":10,"path_taken":["M","$","?","$","?","?","E","R","T","R","?","R","?","?","R","BOSS","M","$","?","?","?","R","?","M","T","R","M","?","M","?","R","BOSS","M","?","M","M","M","R","$","R","T","?","M","R","?","$","R","BOSS"],"build_version":"2018-02-15-PROD1","purchased_purges":4,"victory":true,"master_deck":["Defend_G+1","Defend_G+1","Defend_G","Defend_G","Defend_G","Strike_G","Strike_G","Survivor+1","Neutralize+1","Noxious Fumes+1","Dash+1","Escape Plan","Glass Knife+1","Footwork+1","Flying Knee+1","Well Laid Plans+1","Noxious Fumes+1","Adrenaline","Leg Sweep+1","Predator+1","Malaise+1"],"max_hp_per_floor":[70,70,70,70,70,70,70,70,70,70,70,70,70,70,70,70,70,70,70,70,75,75,75,75,75,75,75,75,75,75,75,75,75,75,75,75,75,75,75,75,75,75,75,75,75,75,75,75,75,75],"relics":["Ring of the Snake","Mercury Hourglass","Vajra","Sozu","Happy Flower","Oddly Smooth Stone","Question Card","Tiny Chest","Red Mask"],"card_choices":[{"not_picked":["Malaise","Accuracy"],"picked":"Noxious Fumes"},{"not_picked":["Doppelganger","Prepared"],"picked":"Dash"},{"not_picked":["Acrobatics","Finisher"],"picked":"Escape Plan"},{"not_picked":["Phantasmal Killer","Bullet Time"],"picked":"Glass Knife"},{"not_picked":["Crippling Poison","Dagger Spray"],"picked":"Footwork"},{"not_picked":["PiercingWail","Cloak And Dagger"],"picked":"Flying Knee"},{"not_picked":["Flying Knee","Leg Sweep"],"picked":"Well Laid Plans"},{"not_picked":["Prepared","Skewer"],"picked":"Noxious Fumes"},{"not_picked":["Wraith Form","Doppelganger"],"picked":"Adrenaline"},{"not_picked":["Outmaneuver","Slice","Bane"],"picked":"Leg Sweep"},{"not_picked":["Poisoned Stab","Deflect","Sucker Punch"],"picked":"Malaise"}],"player_experience":1263982,"potions_floor_usage":[],"damage_taken":[{"damage":0,"enemies":"2 Louse","floor":1,"turns":4},{"damage":4,"enemies":"3 Sentries","floor":7,"turns":7},{"damage":7,"enemies":"Small Slimes","floor":13,"turns":3},{"damage":24,"enemies":"Hexaghost","floor":16,"turns":11},{"damage":2,"enemies":"Spheric Guardian","floor":18,"turns":3},{"damage":0,"enemies":"Shell Parasite","floor":22,"turns":4},{"damage":0,"enemies":"Centurion and Healer","floor":25,"turns":6},{"damage":0,"enemies":"Snake Plant","floor":28,"turns":4},{"damage":0,"enemies":"Snecko","floor":29,"turns":4},{"damage":0,"enemies":"Sentry and Sphere","floor":30,"turns":4},{"damage":14,"enemies":"Champ","floor":33,"turns":14},{"damage":1,"enemies":"3 Shapes","floor":35,"turns":5},{"damage":22,"enemies":"3 Darklings","floor":37,"turns":4},{"damage":0,"enemies":"Maw","floor":38,"turns":8},{"damage":0,"enemies":"4 Shapes","floor":39,"turns":5},{"damage":0,"enemies":"3 Darklings","floor":45,"turns":4},{"damage":0,"enemies":"Sphere and 2 Shapes","floor":47,"turns":4},{"damage":25,"enemies":"Time Eater","floor":50,"turns":14}],"event_choices":[{"event_name":"Liars Game","player_choice":"agreed","floor":3,"damage_taken":0},{"event_name":"Wheel of Change","player_choice":"Full Heal","floor":5,"damage_taken":0},{"event_name":"Accursed Blacksmith","player_choice":"Forge","floor":6,"damage_taken":0},{"event_name":"World of Goop","player_choice":"Gather Gold","floor":14,"damage_taken":0},{"event_name":"Beggar","player_choice":"Gave Gold","floor":20,"damage_taken":0},{"event_name":"Forgotten Altar","player_choice":"Shed Blood","floor":21,"damage_taken":0},{"event_name":"Addict","player_choice":"Ignored","floor":24,"damage_taken":0},{"event_name":"The Mausoleum","player_choice":"No","floor":31,"damage_taken":0},{"event_name":"Match and Keep!","player_choice":"0 cards matched","floor":36,"damage_taken":0},{"event_name":"Tomb of Lord Red Mask","player_choice":"Paid","floor":44,"damage_taken":0}],"boss_relics":[{"not_picked":["Tiny House","Astrolabe"],"picked":"Sozu"},{"not_picked":["Calling Bell","The Specimen"],"picked":"Question Card"}],"potions_floor_spawned":[1,22,29,33,35,45,47],"seed_played":"-383215663527867992","ascension_level":0,"is_trial":false}