{"path_per_floor":["M","?","?","M","M","R","M","R","T","?","$","M","?","?","R","B",null,"M","$","M","?","T","R","M","E","T","M","?","R","?","M","R","B",null,"M","?","$","?","M","R","M","R","T","?","$","M","?","M","R","B"],"character_chosen":"THE_SILENT","items_purchased":["Noxious Fumes","Acrobatics","Predator"],"gold_per_floor":[116,116,116,132,151,151,163,163,187,217,63,82,82,32,32,128,128,145,45,57,57,57,57,77,105,105,116,116,116,116,136,136,231,231,246,246,16,16,33,33,46,46,46,0,0,20,20,35,35,35],"floor_reached":51,"campfire_rested":1,"playtime":1622,"current_hp_per_floor":[70,70,67,65,65,65,65,65,65,65,65,65,58,58,58,36,70,70,70,70,70,70,70,65,49,49,51,51,51,51,53,53,15,70,70,61,61,61,57,57,65,65,65,65,65,67,67,58,70,17],"items_purged":["Strike_G","Strike_G","Writhe"],"gold":35,"score":530,"play_id":"654fa859-e560-4e0f-8c9a-449ec32e36c0","is_prod":false,"is_daily":false,"is_ascension_mode":false,"campfire_upgraded":1,"path_taken":["M","?","?","?","M","R","M","R","T","?","$","M","?","?","R","BOSS","M","$","M","?","?","R","M","E","T","M","?","R","?","M","R","BOSS","M","?","$","?","?","R","M","R","T","?","?","M","?","M","R","BOSS"],"build_version":"2018-02-22-PROD2","purchased_purges":4,"victory":true,"master_deck":["Defend_G","Defend_G","Survivor","Neutralize","Dagger Spray","Calculated Gamble","Noxious Fumes+1","After Image","Terror+1","Calculated Gamble","Predator","Blade Dance+1","Calculated Gamble","Cloak And Dagger+1","Unload+1","Skewer+1","Adrenaline+1","Malaise+1","Madness","Madness","Acrobatics","Predator+1","Adrenaline"],"max_hp_per_floor":[70,70,70,70,70,70,70,70,70,70,70,70,70,70,70,70,70,70,70,70,70,70,70,70,70,70,70,70,70,70,70,70,70,70,70,70,70,70,70,70,70,70,70,70,70,70,70,70,70,70],"relics":["Ring of the Snake","Shovel","Meat on the Bone","Frozen Eye","Vajra","Sozu","Nloth\u0027s Gift","Bottled Tornado","Tingsha","Blood Vial","Orichalcum","Sundial","Molten Egg 2","Lantern","Astrolabe","Letter Opener","Ginger","Du-Vu Doll","Red Mask"],"card_choices":[{"not_picked":["Calculated Gamble","Poisoned Stab"],"picked":"Dagger Spray"},{"not_picked":["Prepared","Slice"],"picked":"Calculated Gamble"},{"not_picked":["A Thousand Cuts","Wraith Form"],"picked":"After Image"},{"not_picked":["Cloak And Dagger","Deflect"],"picked":"Terror"},{"not_picked":["Dodge and Roll","Slice"],"picked":"Calculated Gamble"},{"not_picked":["Poisoned Stab","Dodge and Roll"],"picked":"Predator"},{"not_picked":["Endless Agony","Dagger Spray"],"picked":"Blade Dance"},{"not_picked":["Deflect","Sucker Punch"],"picked":"Cloak And Dagger"},{"not_picked":["Corpse Explosion","Phantasmal Killer"],"picked":"Unload"},{"not_picked":["Skewer","Sucker Punch"],"picked":"Adrenaline"}],"player_experience":1329929,"potions_floor_usage":[16,33,41],"damage_taken":[{"damage":0,"enemies":"2 Louse","floor":1,"turns":2},{"damage":2,"enemies":"Cultist","floor":4,"turns":4},{"damage":0,"enemies":"Small Slimes","floor":5,"turns":2},{"damage":0,"enemies":"2 Fungi Beasts","floor":7,"turns":3},{"damage":0,"enemies":"Lots of Slimes","floor":12,"turns":2},{"damage":22,"enemies":"Hexaghost","floor":16,"turns":9},{"damage":0,"enemies":"Shell Parasite","floor":18,"turns":6},{"damage":0,"enemies":"Chosen","floor":20,"turns":5},{"damage":5,"enemies":"Snake Plant","floor":24,"turns":4},{"damage":16,"enemies":"Book of Stabbing","floor":25,"turns":7},{"damage":0,"enemies":"Cultist and Chosen","floor":27,"turns":5},{"damage":0,"enemies":"3 Cultists","floor":31,"turns":3},{"damage":52,"enemies":"Collector","floor":33,"turns":8},{"damage":0,"enemies":"Orb Walker","floor":35,"turns":3},{"damage":6,"enemies":"3 Shapes","floor":39,"turns":3},{"damage":0,"enemies":"Sphere and 2 Shapes","floor":41,"turns":3},{"damage":0,"enemies":"3 Darklings","floor":46,"turns":3},{"damage":11,"enemies":"Maw","floor":48,"turns":4},{"damage":65,"enemies":"Time Eater","floor":50,"turns":10}],"event_choices":[{"event_name":"Purifier","player_choice":"One Purge","floor":2,"damage_taken":0},{"event_name":"Scrap Ooze","player_choice":"success","floor":3,"damage_taken":3},{"event_name":"Dead Adventurer","player_choice":"Searched \u00271\u0027 times","floor":10,"damage_taken":0},{"event_name":"Golden Wing","player_choice":"Card Removal","floor":13,"damage_taken":0},{"event_name":"The Cleric","player_choice":"Card Removal","floor":14,"damage_taken":0},{"event_name":"N\u0027loth","player_choice":"Traded a Dead Branch","floor":21,"damage_taken":0},{"event_name":"Duplicator","player_choice":"One dupe","floor":28,"damage_taken":0},{"event_name":"The Mausoleum","player_choice":"Yes","floor":30,"damage_taken":0},{"event_name":"Winding Halls","player_choice":"Embrace Madness","floor":36,"damage_taken":0},{"event_name":"Tomb of Lord Red Mask","player_choice":"Paid","floor":44,"damage_taken":0},{"event_name":"Mysterious Sphere","player_choice":"Ignore","floor":47,"damage_taken":0}],"boss_relics":[{"not_picked":["The Specimen","Question Card"],"picked":"Sozu"},{"not_picked":["Orrery","Pandora\u0027s Box"],"picked":"Astrolabe"}],"potions_floor_spawned":[1,5,12,24,27,39,48],"seed_played":"-7657803699950278309","ascension_level":0,"is_trial":false}