{"path_per_floor":["M","?","$","?","M","R","M","?","T","E","$","E","R","?","R","B",null,"M","?","M","M","?","R"],"character_chosen":"THE_SILENT","items_purchased":["Flying Knee","Footwork"],"gold_per_floor":[115,115,40,40,59,59,70,245,245,280,80,112,112,142,142,247,247,262,262,275,294,294,294],"floor_reached":24,"campfire_rested":1,"playtime":931,"current_hp_per_floor":[70,75,75,75,73,73,73,73,73,65,65,60,60,8,31,10,77,73,73,72,62,54,54],"items_purged":["Strike_G","Strike_G"],"gold":294,"score":202,"play_id":"7dd3905e-7139-42d8-95c4-56c94b206a7f","is_prod":false,"is_daily":false,"is_ascension_mode":false,"campfire_upgraded":3,"path_taken":["M","?","$","?","M","R","?","?","T","E","$","E","R","?","R","BOSS","M","?","M","M","?","R","E"],"build_version":"2018-02-22-PROD2","purchased_purges":2,"victory":false,"master_deck":["Defend_G","Defend_G","Defend_G","Defend_G","Survivor","Neutralize+1","Glass Knife+1","Doubt","Flying Knee","Footwork+1","Dagger Spray","Die Die Die","Crippling Poison+1","Bane+1","Dagger Throw+1","Cloak And Dagger","Noxious Fumes","Poisoned Stab+1"],"max_hp_per_floor":[70,75,75,75,75,75,75,75,75,77,77,77,77,77,77,77,77,79,79,79,79,79,79],"relics":["Ring of the Snake","Singing Bowl","Du-Vu Doll","Lantern","Tiny Chest","Astrolabe"],"card_choices":[{"not_picked":["Distraction","Bane"],"picked":"Poisoned Stab"},{"not_picked":["Underhanded Strike","Acrobatics"],"picked":"Glass Knife"},{"not_picked":["Acrobatics","Slice"],"picked":"Dagger Spray"},{"not_picked":["Unload","Glass Knife"],"picked":"Die Die Die"},{"not_picked":["Dagger Spray","Backstab"],"picked":"Noxious Fumes"},{"not_picked":["Dodge and Roll","Masterful Stab"],"picked":"Poisoned Stab"}],"player_experience":1325985,"potions_floor_usage":[10,16,21,24],"damage_taken":[{"damage":0,"enemies":"Small Slimes","floor":1,"turns":4},{"damage":2,"enemies":"2 Louse","floor":5,"turns":3},{"damage":0,"enemies":"Cultist","floor":7,"turns":2},{"damage":10,"enemies":"Gremlin Nob","floor":10,"turns":3},{"damage":5,"enemies":"Lagavulin","floor":12,"turns":7},{"damage":21,"enemies":"Slime Boss","floor":16,"turns":14},{"damage":6,"enemies":"2 Thieves","floor":18,"turns":3},{"damage":1,"enemies":"Shell Parasite","floor":20,"turns":5},{"damage":10,"enemies":"Snake Plant","floor":21,"turns":5},{"damage":57,"enemies":"Gremlin Leader","floor":24,"turns":6}],"event_choices":[{"event_name":"Big Fish","player_choice":"Donut","floor":2,"damage_taken":0},{"event_name":"Bonfire Elementals","player_choice":"BASIC","floor":4,"damage_taken":0},{"event_name":"Liars Game","player_choice":"agreed","floor":8,"damage_taken":0},{"event_name":"Scrap Ooze","player_choice":"success","floor":14,"damage_taken":52},{"event_name":"The Library","player_choice":"Read","floor":19,"damage_taken":0},{"event_name":"Knowing Skull","player_choice":"","floor":22,"damage_taken":0}],"boss_relics":[{"not_picked":["Lizard Tail","Velvet Choker"],"picked":"Astrolabe"}],"potions_floor_spawned":[1,7,12,18],"seed_played":"-8669859664025833410","killed_by":"Gremlin Leader","ascension_level":0,"is_trial":false}