{"path_per_floor":["M","?","M","?","M","E","R","M","T","R","M","M","M","E","R","B",null,"M","?","?","M","$","R","M","R","T","M","E","M","M","M","R","B",null,"M","?","M","M","M","R","?","R","T","M","M","$","M","?","R","B"],"character_chosen":"THE_SILENT","items_purchased":["Footwork","War Paint","Blur"],"gold_per_floor":[114,114,124,124,144,178,178,191,241,241,256,269,282,313,313,411,411,411,411,361,361,28,28,28,28,28,28,28,28,28,28,28,28,28,28,28,28,28,28,28,28,28,28,28,28,28,28,28,28,28],"floor_reached":51,"campfire_rested":3,"playtime":2946,"current_hp_per_floor":[70,70,70,70,70,56,56,53,53,53,53,52,52,46,46,37,70,70,70,70,70,70,70,70,70,70,70,67,67,67,36,70,53,70,70,61,61,61,28,64,64,64,64,64,64,64,64,64,70,69],"items_purged":["Strike_G"],"gold":28,"score":537,"play_id":"a6c229c0-4a99-49ef-8d2e-a2f1395a7b7f","is_prod":false,"is_daily":false,"is_ascension_mode":false,"campfire_upgraded":6,"path_taken":["M","?","M","?","M","E","R","M","T","R","?","M","M","E","R","BOSS","M","?","?","M","$","R","M","R","T","M","E","?","M","?","R","BOSS","M","?","?","M","M","R","?","R","T","M","M","$","M","?","R","BOSS"],"build_version":"2018-02-22-PROD2","purchased_purges":1,"victory":true,"master_deck":["Defend_G","Defend_G+1","Defend_G","Defend_G","Defend_G","Survivor+1","Neutralize+1","Infinite Blades","Bouncing Flask+1","Well Laid Plans+1","Backstab","Leg Sweep","Catalyst+1","Burst+1","Footwork+1","Blur","Footwork+1","Adrenaline","Backflip+1","Bane+1","Terror+1","Catalyst+1","Madness","Madness","Escape Plan","Dodge and Roll+1"],"max_hp_per_floor":[70,70,70,70,70,70,70,70,70,70,70,70,70,70,70,70,70,70,70,70,70,70,70,70,70,70,70,70,70,70,70,70,70,70,70,70,70,70,70,70,70,70,70,70,70,70,70,70,70,70],"relics":["Ring of the Snake","Bag of Preparation","Lantern","Ornamental Fan","Ectoplasm","War Paint","Regal Pillow","Ice Cream","Astrolabe","Anchor"],"card_choices":[{"not_picked":["All Out Attack","Deadly Poison"],"picked":"Infinite Blades"},{"not_picked":["Setup","Night Terror"],"picked":"Quick Slash"},{"not_picked":["Expertise","Dodge and Roll"],"picked":"Well Laid Plans"},{"not_picked":["Heel Hook","Slice"],"picked":"Backstab"},{"not_picked":["Bouncing Flask","Dodge and Roll"],"picked":"Leg Sweep"},{"not_picked":["Quick Slash","Dodge and Roll"],"picked":"Catalyst"},{"not_picked":["Bullet Time","Storm of Steel"],"picked":"Burst"},{"not_picked":["Dagger Spray","Choke"],"picked":"Footwork"},{"not_picked":["Envenom","Bullet Time"],"picked":"Adrenaline"},{"not_picked":["Masterful Stab","Slice"],"picked":"Catalyst"},{"not_picked":["Deflect","Underhanded Strike"],"picked":"Escape Plan"},{"not_picked":["Acrobatics","Sucker Punch"],"picked":"Dodge and Roll"}],"player_experience":1424400,"potions_floor_usage":[6,8,18,50,50],"damage_taken":[{"damage":0,"enemies":"Cultist","floor":1,"turns":5},{"damage":0,"enemies":"Small Slimes","floor":3,"turns":5},{"damage":0,"enemies":"2 Louse","floor":5,"turns":2},{"damage":14,"enemies":"3 Sentries","floor":6,"turns":8},{"damage":3,"enemies":"Exordium Thugs","floor":8,"turns":4},{"damage":0,"enemies":"Looter","floor":11,"turns":2},{"damage":1,"enemies":"Red Slaver","floor":12,"turns":3},{"damage":0,"enemies":"3 Louse","floor":13,"turns":2},{"damage":6,"enemies":"Lagavulin","floor":14,"turns":4},{"damage":9,"enemies":"The Guardian","floor":16,"turns":8},{"damage":0,"enemies":"Chosen","floor":18,"turns":4},{"damage":0,"enemies":"Shell Parasite","floor":21,"turns":4},{"damage":0,"enemies":"Centurion and Healer","floor":24,"turns":6},{"damage":0,"enemies":"Sentry and Sphere","floor":27,"turns":6},{"damage":3,"enemies":"Book of Stabbing","floor":28,"turns":5},{"damage":0,"enemies":"Snake Plant","floor":29,"turns":2},{"damage":0,"enemies":"3 Cultists","floor":30,"turns":7},{"damage":31,"enemies":"Cultist and Chosen","floor":31,"turns":8},{"damage":17,"enemies":"Automaton","floor":33,"turns":7},{"damage":0,"enemies":"3 Darklings","floor":35,"turns":13},{"damage":0,"enemies":"3 Shapes","floor":37,"turns":5},{"damage":0,"enemies":"3 Darklings","floor":38,"turns":9},{"damage":33,"enemies":"4 Shapes","floor":39,"turns":10},{"damage":0,"enemies":"Sphere and 2 Shapes","floor":44,"turns":9},{"damage":0,"enemies":"Maw","floor":45,"turns":3},{"damage":0,"enemies":"3 Darklings","floor":47,"turns":6},{"damage":16,"enemies":"Awakened One","floor":50,"turns":11}],"event_choices":[{"event_name":"The Lab","player_choice":"Got Potions","floor":2,"damage_taken":0},{"event_name":"Match and Keep!","player_choice":"1 cards matched","floor":4,"damage_taken":0},{"event_name":"Vampires","player_choice":"Ignored","floor":19,"damage_taken":0},{"event_name":"The Joust","player_choice":"Bet on Murderer","floor":20,"damage_taken":0},{"event_name":"Winding Halls","player_choice":"Embrace Madness","floor":36,"damage_taken":0},{"event_name":"Mysterious Sphere","player_choice":"Ignore","floor":48,"damage_taken":0}],"boss_relics":[{"not_picked":["Philosopher\u0027s Stone","Velvet Choker"],"picked":"Ectoplasm"},{"not_picked":["Cursed Key","Orrery"],"picked":"Astrolabe"}],"potions_floor_spawned":[3,11,12,14,21,28,30,37,38,44,45],"seed_played":"5960731682139154841","ascension_level":0,"is_trial":false}