{"path_per_floor":["M","?","?","?","M","R","E","M","T","E","R","M","M","M","R","B",null,"M","M","?","?","?","$","R","M","T","M","R","$","?","M","R","B",null,"M","M","M","$","M","R","E","R","T","M","M","R","?","$","R","B"],"character_chosen":"THE_SILENT","items_purchased":["Happy Flower","Backflip"],"gold_per_floor":[19,19,19,19,38,38,65,79,79,110,110,129,140,155,155,259,259,277,291,341,341,341,123,123,134,134,153,153,26,26,42,42,147,147,160,176,195,70,86,86,113,113,140,155,168,168,168,18,18,18],"floor_reached":51,"campfire_rested":1,"playtime":3139,"current_hp_per_floor":[70,75,75,68,68,68,59,54,54,50,50,48,50,52,52,52,83,83,83,83,83,83,83,83,63,63,65,65,65,65,67,67,67,87,87,89,91,91,93,93,95,95,95,97,99,99,87,87,99,99],"items_purged":["Strike_G","Strike_G","Defend_G","Defend_G"],"gold":18,"score":789,"play_id":"c510b32d-5629-433e-b0d6-6a3db3b1877a","is_prod":false,"is_daily":false,"is_ascension_mode":false,"campfire_upgraded":9,"path_taken":["M","?","?","?","M","R","E","M","T","E","R","M","?","M","R","BOSS","M","M","?","?","?","$","R","M","T","M","R","$","?","M","R","BOSS","M","M","M","$","M","R","E","R","T","M","M","R","?","$","R","BOSS"],"build_version":"2018-02-22-PROD2","purchased_purges":4,"victory":true,"master_deck":["Defend_G+1","Defend_G+1","Survivor+1","Neutralize+1","Eviscerate+1","PiercingWail","Concentrate+1","Acrobatics+1","Prepared+1","Backstab","Tactician+1","Underhanded Strike+1","Reflex+1","Acrobatics+1","Backflip+1","Burst+1","Prepared+1","Madness","Madness"],"max_hp_per_floor":[70,75,75,75,75,75,75,75,75,77,77,79,81,83,83,83,83,83,83,83,83,83,83,83,83,83,85,85,85,85,87,87,87,87,87,89,91,91,93,93,95,95,95,97,99,99,99,99,99,99],"relics":["Ring of the Snake","Bronze Scales","Singing Bowl","Orichalcum","Question Card","Happy Flower","Bird Faced Urn","Runic Dome","Ice Cream","Juzu Bracelet"],"card_choices":[{"not_picked":["Distraction","Deflect"],"picked":"Concentrate"},{"not_picked":["Eviscerate","Distraction"],"picked":"Acrobatics"},{"not_picked":["Slice","Finisher"],"picked":"Prepared"},{"not_picked":["Flying Knee","Deflect"],"picked":"Backstab"},{"not_picked":["Venomology","Bullet Time"],"picked":"Tactician"},{"not_picked":["Leg Sweep","Dodge and Roll","Cloak And Dagger"],"picked":"Underhanded Strike"},{"not_picked":["Footwork","Bouncing Flask","Sucker Punch"],"picked":"Reflex"},{"not_picked":["Underhanded Strike","Cloak And Dagger","Dagger Spray"],"picked":"Acrobatics"},{"not_picked":["Venomology","Envenom","Tactician"],"picked":"Burst"},{"not_picked":["Blade Dance","Flechettes","Sucker Punch"],"picked":"Prepared"}],"player_experience":1427346,"potions_floor_usage":[7,16,19,50,50],"damage_taken":[{"damage":0,"enemies":"2 Louse","floor":1,"turns":4},{"damage":0,"enemies":"Jaw Worm","floor":5,"turns":10},{"damage":9,"enemies":"Lagavulin","floor":7,"turns":7},{"damage":5,"enemies":"Small Slimes","floor":8,"turns":5},{"damage":6,"enemies":"3 Sentries","floor":10,"turns":9},{"damage":4,"enemies":"Exordium Wildlife","floor":12,"turns":3},{"damage":0,"enemies":"Red Slaver","floor":13,"turns":4},{"damage":0,"enemies":"Looter","floor":14,"turns":3},{"damage":0,"enemies":"Hexaghost","floor":16,"turns":9},{"damage":0,"enemies":"3 Byrds","floor":18,"turns":4},{"damage":0,"enemies":"Spheric Guardian","floor":19,"turns":3},{"damage":20,"enemies":"Chosen and Byrds","floor":25,"turns":9},{"damage":0,"enemies":"3 Cultists","floor":27,"turns":3},{"damage":0,"enemies":"Sentry and Sphere","floor":31,"turns":2},{"damage":0,"enemies":"Champ","floor":33,"turns":2},{"damage":0,"enemies":"Orb Walker","floor":35,"turns":2},{"damage":0,"enemies":"3 Shapes","floor":36,"turns":2},{"damage":0,"enemies":"3 Darklings","floor":37,"turns":1},{"damage":0,"enemies":"4 Shapes","floor":39,"turns":1},{"damage":0,"enemies":"Nemesis","floor":41,"turns":1},{"damage":0,"enemies":"Sphere and 2 Shapes","floor":44,"turns":1},{"damage":0,"enemies":"Maw","floor":45,"turns":1},{"damage":0,"enemies":"Awakened One","floor":50,"turns":3}],"event_choices":[{"event_name":"Big Fish","player_choice":"Donut","floor":2,"damage_taken":0},{"event_name":"Living Wall","player_choice":"Grow","floor":3,"damage_taken":0},{"event_name":"Golden Wing","player_choice":"Card Removal","floor":4,"damage_taken":0},{"event_name":"The Joust","player_choice":"Bet on Murderer","floor":20,"damage_taken":0},{"event_name":"Back to Basics","player_choice":"Simplicity","floor":21,"damage_taken":0},{"event_name":"Bonfire Elementals","player_choice":"BASIC","floor":22,"damage_taken":0},{"event_name":"Vampires","player_choice":"Ignored","floor":30,"damage_taken":0},{"event_name":"Winding Halls","player_choice":"Embrace Madness","floor":47,"damage_taken":0}],"boss_relics":[{"not_picked":["White Beast Statue","Runic Pyramid"],"picked":"Question Card"},{"not_picked":["Lizard Tail","Black Star"],"picked":"Runic Dome"}],"potions_floor_spawned":[1,8,10,13,18,25,33,36,41,45],"seed_played":"3506918871564105971","ascension_level":0,"is_trial":false}