{"path_per_floor":["M","?","M","?","M","R","$","M","T","R","$","?","R","E","R","B",null,"M","M","?","$","?","R","T","M","T","M","?","M","R","M","R","B",null,"M","M","M","M","M","R","?","R","T","$","M","?","?","$","R","B"],"character_chosen":"THE_SILENT","items_purchased":["Terror","Adrenaline","Vajra"],"gold_per_floor":[111,111,130,230,241,241,126,141,166,166,66,66,66,99,99,197,197,215,235,235,35,35,35,59,74,121,136,136,153,153,173,173,269,269,286,302,322,333,347,347,347,347,372,222,238,238,238,91,91,91],"floor_reached":51,"campfire_rested":3,"playtime":1949,"current_hp_per_floor":[70,56,56,56,55,55,55,52,52,52,52,52,52,52,52,38,70,63,57,44,44,28,50,50,50,50,43,43,41,41,41,63,59,75,75,74,56,55,55,55,55,75,75,75,69,69,75,75,75,54],"items_purged":["Strike_G","Strike_G","Strike_G","Defend_G"],"gold":91,"score":497,"play_id":"f5073432-320a-41c8-beec-4019135b315d","is_prod":false,"is_daily":false,"is_ascension_mode":false,"campfire_upgraded":7,"path_taken":["M","?","M","?","M","R","$","M","T","R","$","?","R","E","R","BOSS","M","M","?","?","?","R","?","M","T","M","?","M","R","M","R","BOSS","M","M","M","M","M","R","?","R","T","$","M","?","?","$","R","BOSS"],"build_version":"2018-02-15-PROD1","purchased_purges":4,"victory":true,"master_deck":["Defend_G","Defend_G+1","Survivor+1","Neutralize+1","Noxious Fumes+1","Bane+1","PiercingWail","Terror+1","Adrenaline","Cloak And Dagger+1","Adrenaline","Necronomicurse","Dash+1","PiercingWail+1","Backflip+1","Choke+1","Blade Dance+1","Bouncing Flask+1","Cloak And Dagger+1","Backstab+1"],"max_hp_per_floor":[70,70,70,70,70,70,70,70,70,70,70,70,70,70,70,70,70,70,70,75,75,75,75,75,75,75,75,75,75,75,75,75,75,75,75,75,75,75,75,75,75,75,75,75,75,75,75,75,75,75],"relics":["Ring of the Snake","Dream Catcher","Juzu Bracelet","Anchor","Runic Dome","Necronomicon","Snake Skull","Omamori","Astrolabe","Prayer Wheel","Vajra"],"card_choices":[{"not_picked":["Outmaneuver","Flying Knee"],"picked":"Noxious Fumes"},{"not_picked":["Quick Slash","Prepared"],"picked":"Bane"},{"not_picked":["Catalyst","Sucker Punch"],"picked":"PiercingWail"},{"not_picked":["A Thousand Cuts","Night Terror"],"picked":"Adrenaline"},{"not_picked":["Bane","Skewer"],"picked":"Cloak And Dagger"},{"not_picked":["Finisher","Acrobatics"],"picked":"Dash"},{"not_picked":["Backstab","Setup"],"picked":"PiercingWail"},{"not_picked":["Deadly Poison","Poisoned Stab"],"picked":"Backflip"},{"not_picked":["Prepared","Deflect"],"picked":"Choke"},{"not_picked":["Skewer","Underhanded Strike"],"picked":"Backstab"}],"player_experience":1284816,"potions_floor_usage":[27,33,50,50,50],"damage_taken":[{"damage":0.0,"enemies":"Small Slimes","floor":1.0,"turns":3.0},{"damage":0.0,"enemies":"2 Louse","floor":3.0,"turns":1.0},{"damage":1.0,"enemies":"Cultist","floor":5.0,"turns":5.0},{"damage":3.0,"enemies":"Exordium Wildlife","floor":8.0,"turns":6.0},{"damage":15.0,"enemies":"Lagavulin","floor":14.0,"turns":6.0},{"damage":14.0,"enemies":"Slime Boss","floor":16.0,"turns":12.0},{"damage":7.0,"enemies":"Shell Parasite","floor":18.0,"turns":7.0},{"damage":6.0,"enemies":"Spheric Guardian","floor":19.0,"turns":4.0},{"damage":0,"enemies":"Centurion and Healer","floor":25,"turns":5},{"damage":7,"enemies":"Cultist and Chosen","floor":27,"turns":5},{"damage":2,"enemies":"Slaver and Parasite","floor":29,"turns":5},{"damage":0,"enemies":"Snecko","floor":31,"turns":4},{"damage":4,"enemies":"Automaton","floor":33,"turns":8},{"damage":0,"enemies":"Orb Walker","floor":35,"turns":2},{"damage":1,"enemies":"3 Shapes","floor":36,"turns":5},{"damage":18,"enemies":"Maw","floor":37,"turns":4},{"damage":1,"enemies":"4 Shapes","floor":38,"turns":5},{"damage":0,"enemies":"Sphere and 2 Shapes","floor":39,"turns":5},{"damage":6,"enemies":"3 Darklings","floor":45,"turns":4},{"damage":33,"enemies":"Donu and Deca","floor":50,"turns":9}],"event_choices":[{"event_name":"Shining Light","player_choice":"Entered Light","floor":2.0,"damage_taken":0.0},{"event_name":"Golden Shrine","player_choice":"Pray","floor":4.0,"damage_taken":0.0},{"event_name":"The Lab","player_choice":"Got Potions","floor":12.0,"damage_taken":0.0},{"event_name":"Forgotten Altar","player_choice":"Shed Blood","floor":20.0,"damage_taken":0.0},{"event_name":"Cursed Tome","player_choice":"Obtained Book","floor":22.0,"damage_taken":0.0},{"event_name":"The Mausoleum","player_choice":"No","floor":28,"damage_taken":0},{"event_name":"Purifier","player_choice":"One Purge","floor":41,"damage_taken":0},{"event_name":"Mysterious Sphere","player_choice":"Ignore","floor":46,"damage_taken":0},{"event_name":"Winding Halls","player_choice":"Writhe","floor":47,"damage_taken":0}],"boss_relics":[{"not_picked":["Tiny House","Eternal Feather"],"picked":"Astrolabe"}],"potions_floor_spawned":[1,5,8,16,19,25,33,36,39],"seed_played":"-1280050638057002909","ascension_level":0,"is_trial":false}