{"path_per_floor":["M","M","M","?","M","R","E","R","T","R","$","T","E","$","R","B",null,"M","M","?","M","?","R","$","R","T","R","M","M","M","$","R","B",null,"M","$","?","?","?","R","M","R","T","R","M","M","$","?","R","B"],"character_chosen":"THE_SILENT","items_purchased":["Noxious Fumes","Dash","Accuracy","Footwork"],"gold_per_floor":[110,122,136,136,153,153,188,188,239,239,164,216,241,104,104,208,208,224,236,236,254,254,254,89,89,89,89,105,117,134,58,58,160,160,170,91,91,91,91,91,102,102,102,102,115,129,129,0,0,0],"floor_reached":51,"campfire_rested":2,"playtime":1758,"current_hp_per_floor":[70,70,70,70,67,67,59,59,59,59,59,59,52,52,52,36,70,70,67,67,41,41,41,41,41,41,41,41,41,41,41,62,54,70,70,70,70,70,61,61,61,61,61,61,44,42,42,42,63,56],"items_purged":["Defend_G","Strike_G","Strike_G"],"gold":0,"score":528,"play_id":"f0f88fcc-12aa-4f0e-90f7-966ba2fcb26d","is_prod":false,"is_daily":false,"is_ascension_mode":false,"campfire_upgraded":8,"path_taken":["M","M","M","?","?","R","E","R","T","R","?","?","E","$","R","BOSS","M","?","?","?","?","R","$","R","T","R","M","M","M","?","R","BOSS","M","$","?","?","?","R","M","R","T","R","M","?","?","?","R","BOSS"],"build_version":"2018-02-15-PROD1","purchased_purges":4,"victory":true,"master_deck":["Defend_G","Defend_G","Defend_G","Survivor","Neutralize+1","Cloak And Dagger+1","Flying Knee+1","Noxious Fumes+1","Burst+1","Terror+1","Blade Dance+1","Dash+1","Backstab","Acrobatics+1","Accuracy+1","Accuracy+1","Footwork+1","Madness","Madness","Expertise+1"],"max_hp_per_floor":[70,70,70,70,70,70,70,70,70,70,70,70,70,70,70,70,70,70,70,70,70,70,70,70,70,70,70,70,70,70,70,70,70,70,70,70,70,70,70,70,70,70,70,70,70,70,70,70,70,70],"relics":["Ring of the Snake","Vajra","Peace Pipe","Bag of Marbles","Omamori","Bottled Flame","Cursed Key","Frozen Eye","Sozu","Tingsha","Red Mask"],"card_choices":[{"not_picked":["Slice","Bane"],"picked":"Cloak And Dagger"},{"not_picked":["Acrobatics","PiercingWail"],"picked":"Flying Knee"},{"not_picked":["Bullet Time","Grand Finale"],"picked":"Burst"},{"not_picked":["Outmaneuver","Prepared"],"picked":"Terror"},{"not_picked":["Calculated Gamble","Acrobatics"],"picked":"Blade Dance"},{"not_picked":["PiercingWail","Dagger Spray"],"picked":"Backstab"},{"not_picked":["Noxious Fumes","Leg Sweep"],"picked":"Acrobatics"},{"not_picked":["Prepared","Outmaneuver"],"picked":"Accuracy"},{"not_picked":["Calculated Gamble","Blade Dance"],"picked":"Expertise"}],"player_experience":1262224,"potions_floor_usage":[7,16],"damage_taken":[{"damage":0,"enemies":"Cultist","floor":1,"turns":3},{"damage":0,"enemies":"Small Slimes","floor":2,"turns":4},{"damage":0,"enemies":"Jaw Worm","floor":3,"turns":4},{"damage":3,"enemies":"Lots of Slimes","floor":5,"turns":6},{"damage":8,"enemies":"3 Sentries","floor":7,"turns":9},{"damage":7,"enemies":"Lagavulin","floor":13,"turns":5},{"damage":16,"enemies":"Slime Boss","floor":16,"turns":11},{"damage":0,"enemies":"2 Thieves","floor":18,"turns":3},{"damage":3,"enemies":"Spheric Guardian","floor":19,"turns":5},{"damage":26,"enemies":"Cultist and Chosen","floor":21,"turns":7},{"damage":0,"enemies":"Snake Plant","floor":28,"turns":3},{"damage":0,"enemies":"Centurion and Healer","floor":29,"turns":3},{"damage":0,"enemies":"3 Cultists","floor":30,"turns":4},{"damage":8,"enemies":"Automaton","floor":33,"turns":8},{"damage":0,"enemies":"3 Shapes","floor":35,"turns":5},{"damage":0,"enemies":"Orb Walker","floor":41,"turns":3},{"damage":17,"enemies":"3 Darklings","floor":45,"turns":4},{"damage":2,"enemies":"Sphere and 2 Shapes","floor":46,"turns":4},{"damage":7,"enemies":"Donu and Deca","floor":50,"turns":7}],"event_choices":[{"event_name":"Upgrade Shrine","player_choice":"Upgraded","floor":4,"damage_taken":0},{"event_name":"Accursed Blacksmith","player_choice":"Forge","floor":20,"damage_taken":0},{"event_name":"Drug Dealer","player_choice":"Ignored","floor":22,"damage_taken":0},{"event_name":"Purifier","player_choice":"One Purge","floor":38,"damage_taken":0},{"event_name":"Winding Halls","player_choice":"Embrace Madness","floor":39,"damage_taken":0},{"event_name":"Tomb of Lord Red Mask","player_choice":"Paid","floor":48,"damage_taken":0}],"boss_relics":[{"not_picked":["Eternal Feather","Astrolabe"],"picked":"Cursed Key"},{"not_picked":["Calling Bell","White Beast Statue"],"picked":"Sozu"}],"potions_floor_spawned":[2,3,13,19,28,33,35,46],"seed_played":"-1249439834776080067","ascension_level":0,"is_trial":false}