{"path_per_floor":["M","?","M","?","M","R","?","R","T","E","R","M","$","M","R","B",null,"M","M","$","?","$","R","E","R","T","E","M","?","M","M","R","B",null,"M","?","?","M","$","R","M","?","T","?","M","R","M","$","R","B"],"character_chosen":"THE_SILENT","items_purchased":["War Paint","Poisoned Stab","Kunai","Shuriken","Snake Skull"],"gold_per_floor":[110,110,131,131,152,152,152,152,176,216,216,241,15,30,30,159,159,178,203,103,103,78,78,114,114,138,179,197,197,216,235,235,356,356,370,370,370,388,150,150,164,164,191,524,534,534,545,28,28,28],"floor_reached":51,"campfire_rested":1,"playtime":2429,"current_hp_per_floor":[70,53,53,53,53,53,53,53,60,57,57,57,57,56,56,53,77,64,62,62,62,62,62,58,58,58,45,38,38,38,38,61,40,81,83,83,83,82,82,82,84,84,84,84,86,86,81,81,81,86],"items_purged":["Strike_G","Strike_G","Escape Plan"],"gold":28,"score":585,"play_id":"6d18a589-30cc-4a2d-84fa-95875854e39c","is_prod":false,"is_daily":false,"is_ascension_mode":false,"campfire_upgraded":9,"path_taken":["M","?","M","?","M","R","?","R","T","E","R","?","$","M","R","BOSS","M","M","$","?","$","R","E","R","T","E","M","?","?","M","R","BOSS","M","?","?","M","$","R","M","?","T","?","M","R","M","$","R","BOSS"],"build_version":"2018-02-22-PROD2","purchased_purges":3,"victory":true,"master_deck":["Defend_G+1","Defend_G+1","Defend_G+1","Defend_G+1","Defend_G+1","Survivor+1","Neutralize+1","Dash+1","Well Laid Plans+1","Noxious Fumes+1","Bane+1","Bane+1","Leg Sweep+1","Adrenaline+1","Backflip+1","Well Laid Plans+1","Noxious Fumes+1","PiercingWail+1","Footwork+1","Infinite Blades+1","Predator+1","PiercingWail+1"],"max_hp_per_floor":[70,70,70,70,70,70,70,70,77,77,77,77,77,77,77,77,77,77,77,77,77,77,77,79,79,79,79,79,79,79,79,79,81,81,83,83,83,83,83,83,85,85,85,85,87,87,89,89,89,89],"relics":["White Beast Statue","Strawberry","Ancient Tea Set","War Paint","Philosopher\u0027s Stone","Orichalcum","Singing Bowl","Pen Nib","Molten Egg 2","Astrolabe","Kunai","Vajra","Shuriken","Snake Skull"],"card_choices":[{"not_picked":["Setup","Predator"],"picked":"Dash"},{"not_picked":["Outmaneuver","Escape Plan"],"picked":"Well Laid Plans"},{"not_picked":["All Out Attack","Poisoned Stab"],"picked":"Noxious Fumes"},{"not_picked":["Finisher","Slice"],"picked":"Bane"},{"not_picked":["Terror","Outmaneuver"],"picked":"Bane"},{"not_picked":["Calculated Gamble","Flechettes"],"picked":"Leg Sweep"},{"not_picked":["Grand Finale","Glass Knife"],"picked":"Adrenaline"},{"not_picked":["Dagger Spray","Catalyst"],"picked":"Backflip"},{"not_picked":["Acrobatics","Bane"],"picked":"Well Laid Plans"},{"not_picked":["Choke","Deflect"],"picked":"Noxious Fumes"},{"not_picked":["Infinite Blades","Underhanded Strike"],"picked":"Escape Plan"},{"not_picked":["Sucker Punch","Skewer"],"picked":"PiercingWail"},{"not_picked":["Terror","Masterful Stab"],"picked":"Footwork"},{"not_picked":["Blade Dance","Poisoned Stab"],"picked":"PiercingWail"}],"player_experience":1360128,"potions_floor_usage":[5,14,16,18,18,24,24,27,33,33,47,50,50],"damage_taken":[{"damage":0,"enemies":"Small Slimes","floor":1,"turns":3},{"damage":0,"enemies":"2 Louse","floor":3,"turns":4},{"damage":0,"enemies":"Jaw Worm","floor":5,"turns":3},{"damage":3,"enemies":"3 Sentries","floor":10,"turns":8},{"damage":0,"enemies":"3 Louse","floor":12,"turns":2},{"damage":1,"enemies":"Exordium Thugs","floor":14,"turns":4},{"damage":3,"enemies":"Slime Boss","floor":16,"turns":7},{"damage":13,"enemies":"2 Thieves","floor":18,"turns":4},{"damage":2,"enemies":"Chosen","floor":19,"turns":6},{"damage":6,"enemies":"Book of Stabbing","floor":24,"turns":6},{"damage":13,"enemies":"Gremlin Leader","floor":27,"turns":7},{"damage":7,"enemies":"3 Cultists","floor":28,"turns":5},{"damage":0,"enemies":"Centurion and Healer","floor":30,"turns":5},{"damage":0,"enemies":"Snake Plant","floor":31,"turns":4},{"damage":23,"enemies":"Collector","floor":33,"turns":9},{"damage":0,"enemies":"3 Darklings","floor":35,"turns":6},{"damage":1,"enemies":"3 Shapes","floor":38,"turns":5},{"damage":0,"enemies":"3 Darklings","floor":41,"turns":5},{"damage":0,"enemies":"Sphere and 2 Shapes","floor":45,"turns":6},{"damage":7,"enemies":"Maw","floor":47,"turns":7},{"damage":6,"enemies":"Time Eater","floor":50,"turns":12}],"event_choices":[{"event_name":"Golden Idol","player_choice":"Take Damage","floor":2,"damage_taken":0},{"event_name":"Accursed Blacksmith","player_choice":"Forge","floor":4,"damage_taken":0},{"event_name":"Living Wall","player_choice":"Forget","floor":7,"damage_taken":0},{"event_name":"The Mausoleum","player_choice":"Yes","floor":21,"damage_taken":0},{"event_name":"Back to Basics","player_choice":"Simplicity","floor":29,"damage_taken":0},{"event_name":"Purifier","player_choice":"One Purge","floor":37,"damage_taken":0},{"event_name":"The Woman in Blue","player_choice":"Bought 0 Potions","floor":42,"damage_taken":0},{"event_name":"The Moai Head","player_choice":"Gave Idol","floor":44,"damage_taken":0}],"boss_relics":[{"not_picked":["Snecko Eye","Black Star"],"picked":"Philosopher\u0027s Stone"},{"not_picked":["Runic Pyramid","Tiny House"],"picked":"Astrolabe"}],"potions_floor_spawned":[1,3,5,10,12,14,16,18,19,24,27,28,30,31,33,35,38,41,45,47],"seed_played":"2716183674247426597","ascension_level":0,"is_trial":false}