{"path_per_floor":["M","M","$","M","?","E","R","E","T","R","?","?","R","E","R","B",null,"M","M","?","?","$","R","$","M","T","$","?","R","T","E","R","B",null,"M","M","M","$","M","R","M","?","T","M","R","M","M","M","R","B"],"character_chosen":"THE_SILENT","items_purchased":["Footwork","Flash of Steel"],"gold_per_floor":[117,137,62,73,73,101,101,128,128,128,78,100,100,129,129,224,224,243,257,257,257,84,84,84,96,96,96,96,96,96,129,129,227,227,246,260,270,53,73,73,89,89,89,100,100,117,136,151,151,151],"floor_reached":51,"campfire_rested":3,"playtime":2339,"current_hp_per_floor":[65,60,60,60,65,39,39,29,29,51,51,38,60,45,45,45,75,75,75,75,75,75,75,75,75,75,75,75,75,75,52,52,41,75,75,75,75,75,75,75,73,64,64,64,64,64,64,63,75,75],"items_purged":["Defend_G","Strike_G","Deadly Poison"],"gold":151,"score":635,"play_id":"022d7e0c-3a81-4786-8909-d36fb46fe5b0","local_time":"20180306014504","is_prod":false,"is_daily":false,"is_ascension_mode":false,"campfire_upgraded":6,"timestamp":1520297104,"path_taken":["M","M","$","M","?","E","R","E","T","R","?","?","R","E","R","BOSS","M","M","?","?","$","R","?","?","T","$","?","R","?","E","R","BOSS","M","M","M","$","M","R","M","?","T","M","R","?","M","M","R","BOSS"],"build_version":"2018-03-01-PROD1","purchased_purges":4,"victory":true,"master_deck":["Defend_G+1","Defend_G+1","Defend_G+1","Defend_G+1","Survivor","Neutralize+1","PiercingWail","Poisoned Stab","Poisoned Stab","Infinite Blades","Poisoned Stab","Footwork+1","Adrenaline","Predator+1","Cloak And Dagger","Backflip+1","Dark Shackles","Neutralize","Footwork+1","Escape Plan","Noxious Fumes+1","Envenom+1","Noxious Fumes+1","Masterful Stab+1","Infinite Blades+1","Backflip+1","Well Laid Plans+1","Flash of Steel","Backflip+1","Madness","Madness"],"max_hp_per_floor":[70,70,70,70,75,75,75,75,75,75,75,75,75,75,75,75,75,75,75,75,75,75,75,75,75,75,75,75,75,75,75,75,75,75,75,75,75,75,75,75,75,75,75,75,75,75,75,75,75,75],"relics":["Ring of the Snake","Snake Skull","Blue Candle","Lantern","Torii","Odd Mushroom","Thread and Needle","Sozu","Ice Cream","Bronze Scales","Sundial","Astrolabe","Girya"],"card_choices":[{"not_picked":["Slice","Heel Hook"],"picked":"Deadly Poison"},{"not_picked":["Setup","Underhanded Strike"],"picked":"PiercingWail"},{"not_picked":["Endless Agony","Caltrops"],"picked":"Poisoned Stab"},{"not_picked":["Dagger Throw","All Out Attack"],"picked":"Poisoned Stab"},{"not_picked":["Underhanded Strike","Dagger Throw"],"picked":"Infinite Blades"},{"not_picked":["Grand Finale","Slice"],"picked":"Poisoned Stab"},{"not_picked":["Infinite Blades","Slice"],"picked":"Footwork"},{"not_picked":["Phantasmal Killer","Tools of the Trade"],"picked":"Adrenaline"},{"not_picked":["Deadly Poison","Masterful Stab"],"picked":"Predator"},{"not_picked":["Infinite Blades","Flechettes"],"picked":"Cloak And Dagger"},{"not_picked":["Dagger Spray","Poisoned Stab"],"picked":"Escape Plan"},{"not_picked":["Grand Finale","Adrenaline"],"picked":"Envenom"},{"not_picked":["Deflect","Setup"],"picked":"Backflip"},{"not_picked":["Riddle With Holes","Deadly Poison"],"picked":"Well Laid Plans"},{"not_picked":["Glass Knife","Outmaneuver"],"picked":"Backflip"}],"player_experience":1460123,"potions_floor_usage":[8,16],"damage_taken":[{"damage":5,"enemies":"2 Louse","floor":1,"turns":5},{"damage":5,"enemies":"Small Slimes","floor":2,"turns":4},{"damage":0,"enemies":"Jaw Worm","floor":4,"turns":5},{"damage":26,"enemies":"Lagavulin","floor":6,"turns":7},{"damage":10,"enemies":"3 Sentries","floor":8,"turns":8},{"damage":13,"enemies":"The Mushroom Lair","floor":12,"turns":5},{"damage":15,"enemies":"Gremlin Nob","floor":14,"turns":4},{"damage":0,"enemies":"Slime Boss","floor":16,"turns":14},{"damage":0,"enemies":"Spheric Guardian","floor":18,"turns":4},{"damage":0,"enemies":"3 Byrds","floor":19,"turns":4},{"damage":0,"enemies":"Snecko","floor":25,"turns":4},{"damage":23,"enemies":"Slavers","floor":31,"turns":4},{"damage":11,"enemies":"Champ","floor":33,"turns":10},{"damage":0,"enemies":"Orb Walker","floor":35,"turns":3},{"damage":0,"enemies":"3 Shapes","floor":36,"turns":5},{"damage":0,"enemies":"Maw","floor":37,"turns":6},{"damage":0,"enemies":"3 Darklings","floor":39,"turns":5},{"damage":2,"enemies":"Sphere and 2 Shapes","floor":41,"turns":5},{"damage":0,"enemies":"4 Shapes","floor":44,"turns":5},{"damage":0,"enemies":"3 Darklings","floor":46,"turns":5},{"damage":0,"enemies":"Sphere and 2 Shapes","floor":47,"turns":5},{"damage":1,"enemies":"4 Shapes","floor":48,"turns":5},{"damage":0,"enemies":"Time Eater","floor":50,"turns":10}],"event_choices":[{"event_name":"Big Fish","player_choice":"Donut","floor":5,"damage_taken":0},{"event_name":"The Cleric","player_choice":"Card Removal","floor":11,"damage_taken":0},{"event_name":"Mushrooms","player_choice":"Fought Mushrooms","floor":12,"damage_taken":0},{"event_name":"Match and Keep!","player_choice":"3 cards matched","floor":20,"damage_taken":0},{"event_name":"Back to Basics","player_choice":"Simplicity","floor":21,"damage_taken":0},{"event_name":"The Library","player_choice":"Read","floor":28,"damage_taken":0},{"event_name":"Winding Halls","player_choice":"Embrace Madness","floor":42,"damage_taken":0}],"boss_relics":[{"not_picked":["Orrery","Cursed Key"],"picked":"Sozu"},{"not_picked":["Calling Bell","White Beast Statue"],"picked":"Astrolabe"}],"potions_floor_spawned":[4,12,19,25,36,37,41,44,46,48],"seed_played":"6999658084983026658","ascension_level":0,"is_trial":false}