{"path_per_floor":["M","M","?","$","?","R","M","R","T","E","R","M","M","M","R","B",null,"M","$","M","$","M","R","E","R","T","E","M","M","?","M","R","B",null,"M","?","M","$","M","R","?","T","T","M","$","R","M","$","R","B"],"character_chosen":"THE_SILENT","items_purchased":["Cloak And Dagger","Lantern","Swift Potion","Swift Potion"],"gold_per_floor":[114,126,126,24,24,24,39,39,116,141,141,159,178,197,197,302,302,316,68,78,78,90,90,123,123,123,152,162,180,180,197,197,294,294,309,309,323,198,216,216,216,243,270,290,140,140,150,52,52,52],"floor_reached":51,"campfire_rested":1,"playtime":2943,"current_hp_per_floor":[70,70,56,56,56,56,56,56,56,45,45,41,41,38,38,31,70,69,69,69,69,62,62,60,60,62,64,64,64,64,66,66,39,78,78,68,62,62,63,63,63,65,67,69,69,69,63,63,90,85],"items_purged":["Strike_G","Strike_G","Skewer","Sucker Punch"],"gold":52,"score":590,"play_id":"1b6a3b07-9de2-4914-b510-eb6542def92d","local_time":"20180308023259","is_prod":false,"is_daily":false,"is_ascension_mode":false,"campfire_upgraded":9,"timestamp":1520472779,"path_taken":["M","M","?","$","?","R","M","R","T","E","R","M","M","M","R","BOSS","M","$","M","$","M","R","E","R","T","E","M","?","?","?","R","BOSS","M","?","?","$","M","R","?","?","T","M","$","R","M","$","R","BOSS"],"build_version":"2018-03-01-PROD1","purchased_purges":4,"victory":true,"master_deck":["Survivor","Neutralize+1","Cloak And Dagger+1","Finisher+1","Cloak And Dagger+1","Trip","Flying Knee","Dagger Throw","Backflip","After Image","Cloak And Dagger+1","Cloak And Dagger+1","Well Laid Plans+1","Backstab+1","Backstab","Footwork+1","Burst+1","Poisoned Stab","Outmaneuver","Flying Knee","Poisoned Stab+1","Blur","Cloak And Dagger+1","Madness","Madness","Leg Sweep+1"],"max_hp_per_floor":[70,70,70,70,70,70,70,70,70,70,70,70,70,70,70,70,70,70,70,70,70,70,70,72,72,74,76,76,76,76,78,78,78,78,78,78,78,78,80,80,80,82,84,86,86,86,88,88,90,90],"relics":["Ring of the Snake","Bottled Flame","Prayer Wheel","Lizard Tail","Lantern","Singing Bowl","Oddly Smooth Stone","Dream Catcher","Pandora\u0027s Box","Whetstone","Pen Nib"],"card_choices":[{"not_picked":["Slice","Setup"],"picked":"Cloak And Dagger"},{"not_picked":["Dagger Throw","PiercingWail"],"picked":"Finisher"},{"not_picked":["Deflect","Bane"],"picked":"Dagger Throw"},{"not_picked":["Dagger Throw","Bane"],"picked":"Backflip"},{"not_picked":["Acrobatics","Bane"],"picked":"After Image"},{"not_picked":["Prepared","Malaise"],"picked":"Cloak And Dagger"},{"not_picked":["Deflect","Bane"],"picked":"Cloak And Dagger"},{"not_picked":["Heel Hook","Reflex"],"picked":"Well Laid Plans"},{"not_picked":["Blade Dance","Reflex"],"picked":"Backstab"},{"not_picked":["Acrobatics","Blade Dance"],"picked":"Backstab"},{"not_picked":["Skewer","PiercingWail"],"picked":"Footwork"},{"not_picked":["Doppelganger","Phantasmal Killer"],"picked":"Burst"},{"not_picked":["Deflect","Underhanded Strike"],"picked":"Cloak And Dagger"},{"not_picked":["Deadly Poison","Prepared"],"picked":"Leg Sweep"}],"player_experience":1466734,"potions_floor_usage":[14,16,18,27,27,37,37,44,50,50,50],"damage_taken":[{"damage":0,"enemies":"Small Slimes","floor":1,"turns":3},{"damage":0,"enemies":"Cultist","floor":2,"turns":4},{"damage":0,"enemies":"Jaw Worm","floor":7,"turns":2},{"damage":11,"enemies":"3 Sentries","floor":10,"turns":6},{"damage":4,"enemies":"Lots of Slimes","floor":12,"turns":3},{"damage":0,"enemies":"3 Louse","floor":13,"turns":2},{"damage":3,"enemies":"Exordium Wildlife","floor":14,"turns":3},{"damage":7,"enemies":"Hexaghost","floor":16,"turns":9},{"damage":1,"enemies":"Chosen","floor":18,"turns":5},{"damage":0,"enemies":"3 Byrds","floor":20,"turns":5},{"damage":7,"enemies":"Slaver and Parasite","floor":22,"turns":6},{"damage":4,"enemies":"Slavers","floor":24,"turns":6},{"damage":0,"enemies":"Gremlin Leader","floor":27,"turns":6},{"damage":0,"enemies":"Snecko","floor":28,"turns":2},{"damage":0,"enemies":"Snake Plant","floor":29,"turns":2},{"damage":0,"enemies":"3 Cultists","floor":31,"turns":6},{"damage":27,"enemies":"Automaton","floor":33,"turns":14},{"damage":0,"enemies":"3 Darklings","floor":35,"turns":10},{"damage":6,"enemies":"3 Shapes","floor":37,"turns":15},{"damage":1,"enemies":"Maw","floor":39,"turns":9},{"damage":0,"enemies":"4 Shapes","floor":44,"turns":7},{"damage":8,"enemies":"3 Darklings","floor":47,"turns":9},{"damage":5,"enemies":"Awakened One","floor":50,"turns":9}],"event_choices":[{"event_name":"Shining Light","player_choice":"Entered Light","floor":3,"damage_taken":0},{"event_name":"Match and Keep!","player_choice":"2 cards matched","floor":5,"damage_taken":0},{"event_name":"Cursed Tome","player_choice":"Ignored","floor":30,"damage_taken":0},{"event_name":"Winding Halls","player_choice":"Embrace Madness","floor":36,"damage_taken":0}],"boss_relics":[{"not_picked":["Runic Pyramid","Question Card"],"picked":"Lizard Tail"},{"not_picked":["Tiny House","White Beast Statue"],"picked":"Pandora\u0027s Box"}],"potions_floor_spawned":[2,10,12,14,16,18,22,24,29,33,35,44],"seed_played":"-430735008175980992","ascension_level":0,"is_trial":false}