{"path_per_floor":["M","?","M","M","M","R","?","R","T","T","M","$","?","M","R","B",null,"M","?","M","$","M","R","M","R","T","M","?","R","?","M","R","B",null,"M","?","T","$","M","R","E","R","T","$","R","?","?","M","R","B"],"character_chosen":"THE_SILENT","items_purchased":["Adrenaline","Happy Flower","Infinite Blades","Bane","PiercingWail"],"gold_per_floor":[114,214,230,241,259,259,259,259,283,283,304,81,81,94,94,219,219,238,238,254,9,24,24,49,49,49,70,70,70,70,90,90,219,219,240,240,240,23,47,47,90,90,90,15,15,0,0,13,13,13],"floor_reached":51,"campfire_rested":1,"playtime":2636,"current_hp_per_floor":[70,70,70,65,50,50,33,33,33,33,25,25,25,23,23,23,70,63,47,40,40,38,38,33,54,54,46,46,46,46,40,40,36,70,67,58,58,58,52,62,56,66,66,66,70,70,70,65,70,30],"items_purged":["Strike_G","Strike_G","Strike_G","Strike_G"],"gold":13,"score":590,"play_id":"894f4346-767b-48d5-96e6-821a4f10dd16","local_time":"20180304010813","is_prod":false,"is_daily":false,"is_ascension_mode":false,"campfire_upgraded":7,"timestamp":1520122093,"path_taken":["M","?","?","M","M","R","?","R","T","?","?","$","?","M","R","BOSS","M","?","M","$","M","R","M","R","T","M","?","R","?","M","R","BOSS","M","?","?","$","M","R","E","R","T","?","R","?","?","?","R","BOSS"],"build_version":"2018-03-01-PROD1","purchased_purges":5,"victory":true,"master_deck":["Defend_G","Defend_G","Defend_G","Defend_G","Defend_G","Survivor","Neutralize+1","Deadly Poison+1","Flying Knee","Deflect","Noxious Fumes+1","Well Laid Plans+1","Adrenaline","Cloak And Dagger+1","Sucker Punch+1","Dash+1","Caltrops+1","Prepared+1","Blade Dance+1","Adrenaline","Poisoned Stab+1","Madness","Madness","Infinite Blades","Bane","Cloak And Dagger+1","PiercingWail","Adrenaline","Dagger Spray+1"],"max_hp_per_floor":[70,70,70,70,70,70,70,70,70,70,70,70,70,70,70,70,70,70,70,70,70,70,70,70,70,70,70,70,70,70,70,70,70,70,70,70,70,70,70,70,70,70,70,70,70,70,70,70,70,70],"relics":["Ring of the Snake","Golden Idol","Anchor","Girya","Runic Dome","Nilry\u0027s Codex","Happy Flower","Sundial","Eternal Feather","Unceasing Top","Smiling Mask","Red Mask"],"card_choices":[{"not_picked":["Slice","Riddle With Holes"],"picked":"Deadly Poison"},{"not_picked":["Underhanded Strike","Blade Dance"],"picked":"Flying Knee"},{"not_picked":["Cloak And Dagger","Sucker Punch"],"picked":"Deflect"},{"not_picked":["Backflip","Underhanded Strike"],"picked":"Noxious Fumes"},{"not_picked":["Dodge and Roll","Outmaneuver"],"picked":"Well Laid Plans"},{"not_picked":["Flechettes","Quick Slash"],"picked":"Cloak And Dagger"},{"not_picked":["Escape Plan","Choke"],"picked":"Sucker Punch"},{"not_picked":["Sucker Punch","Cloak And Dagger"],"picked":"Dash"},{"not_picked":["Reflex","Sucker Punch"],"picked":"Caltrops"},{"not_picked":["Quick Slash","Reflex"],"picked":"Prepared"},{"not_picked":["Endless Agony","Bouncing Flask"],"picked":"Blade Dance"},{"not_picked":["Unload","Envenom"],"picked":"Adrenaline"},{"not_picked":["Dagger Throw","Finisher"],"picked":"Poisoned Stab"},{"not_picked":["Blur","Escape Plan"],"picked":"Cloak And Dagger"},{"not_picked":["Bane","Acrobatics"],"picked":"Dagger Spray"}],"player_experience":1445390,"potions_floor_usage":[50,50],"damage_taken":[{"damage":0.0,"enemies":"Jaw Worm","floor":1.0,"turns":5.0},{"damage":0.0,"enemies":"Cultist","floor":3.0,"turns":3.0},{"damage":5.0,"enemies":"Small Slimes","floor":4.0,"turns":3.0},{"damage":15.0,"enemies":"Exordium Wildlife","floor":5.0,"turns":6.0},{"damage":8.0,"enemies":"Large Slime","floor":11.0,"turns":6.0},{"damage":2.0,"enemies":"Blue Slaver","floor":14.0,"turns":4.0},{"damage":0.0,"enemies":"The Guardian","floor":16.0,"turns":9.0},{"damage":7.0,"enemies":"3 Byrds","floor":18.0,"turns":5.0},{"damage":7.0,"enemies":"Spheric Guardian","floor":20.0,"turns":5.0},{"damage":2.0,"enemies":"Centurion and Healer","floor":22.0,"turns":6.0},{"damage":5.0,"enemies":"Snake Plant","floor":24.0,"turns":4.0},{"damage":8.0,"enemies":"Sentry and Sphere","floor":27.0,"turns":6.0},{"damage":6.0,"enemies":"3 Cultists","floor":31.0,"turns":5.0},{"damage":4.0,"enemies":"Automaton","floor":33.0,"turns":11.0},{"damage":3.0,"enemies":"Orb Walker","floor":35.0,"turns":3.0},{"damage":6.0,"enemies":"3 Darklings","floor":39.0,"turns":5.0},{"damage":6.0,"enemies":"Giant Head","floor":41.0,"turns":7.0},{"damage":5.0,"enemies":"Sphere and 2 Shapes","floor":48.0,"turns":5.0},{"damage":55,"enemies":"Donu and Deca","floor":50,"turns":10}],"event_choices":[{"event_name":"Golden Shrine","player_choice":"Pray","floor":2.0,"damage_taken":0.0},{"event_name":"Golden Idol","player_choice":"Take Damage","floor":7.0,"damage_taken":0.0},{"event_name":"The Woman in Blue","player_choice":"Bought 0 Potions","floor":13.0,"damage_taken":0.0},{"event_name":"Cursed Tome","player_choice":"Obtained Book","floor":19.0,"damage_taken":0.0},{"event_name":"The Lab","player_choice":"Got Potions","floor":28.0,"damage_taken":0.0},{"event_name":"Drug Dealer","player_choice":"Ignored","floor":30.0,"damage_taken":0.0},{"event_name":"Winding Halls","player_choice":"Embrace Madness","floor":36.0,"damage_taken":0.0},{"event_name":"Tomb of Lord Red Mask","player_choice":"Paid","floor":46.0,"damage_taken":0.0},{"event_name":"Duplicator","player_choice":"One dupe","floor":47.0,"damage_taken":0.0}],"boss_relics":[],"potions_floor_spawned":[3,5,16,18,22,35],"seed_played":"-3588650952170975647","ascension_level":0,"is_trial":false}