{"path_per_floor":["M","?","?","M","$","E","R","E","T","R","M","M","M","T","R","B",null,"M","$","M","$","M","R","E","R","T","R","M","M","?","M","R","B",null,"M","?","M","?","?","R","M","R","T","M","$","R","?","?","R","B"],"character_chosen":"THE_SILENT","items_purchased":["Strength Potion","Noxious Fumes","Backflip","Dexterity Potion"],"gold_per_floor":[111,111,111,127,2,43,43,83,135,135,159,173,187,187,187,312,312,312,89,89,89,89,89,89,89,89,89,89,89,89,89,89,89,89,89,89,89,89,89,89,89,89,89,89,37,37,0,0,0,0],"floor_reached":51,"campfire_rested":2,"playtime":2953,"current_hp_per_floor":[70,67,50,50,50,33,69,57,57,57,57,57,70,70,70,56,70,70,70,70,70,70,70,49,49,49,49,43,41,41,41,70,64,70,70,70,70,61,70,70,70,70,70,70,70,70,70,66,66,27],"items_purged":["Defend_G","Strike_G"],"gold":0,"score":526,"play_id":"1476d2e9-2e73-4def-b148-25d57b91032c","local_time":"20180309114701","is_prod":false,"is_daily":false,"is_ascension_mode":false,"campfire_upgraded":9,"timestamp":1520592421,"path_taken":["M","?","?","M","$","E","R","E","T","R","M","M","M","?","R","BOSS","M","$","M","$","M","R","E","R","T","R","M","M","?","M","R","BOSS","M","?","M","?","?","R","M","R","T","?","$","R","?","?","R","BOSS"],"build_version":"2018-03-01-PROD1","purchased_purges":2,"victory":true,"master_deck":["Defend_G","Defend_G+1","Defend_G","Defend_G","Strike_G","Strike_G+1","Strike_G","Survivor","Neutralize+1","Backflip+1","Caltrops+1","Escape Plan","Venomology+1","Night Terror+1","Noxious Fumes+1","Backflip+1","Backflip+1","Backstab","Deflect","Backflip","Backflip+1","Burst+1","Backflip+1","Madness+1","Madness+1","Caltrops+1"],"max_hp_per_floor":[70,70,70,70,70,70,70,70,70,70,70,70,70,70,70,70,70,70,70,70,70,70,70,70,70,70,70,70,70,70,70,70,70,70,70,70,70,70,70,70,70,70,70,70,70,70,70,70,70,70],"relics":["Ring of the Snake","Regal Pillow","Golden Idol","Lantern","Dream Catcher","Whetstone","Gambling Chip","Ectoplasm","Tiny Chest","War Paint","Unceasing Top","Runic Dome","Prayer Wheel","Red Mask"],"card_choices":[{"not_picked":["Bane","Infinite Blades"],"picked":"Backflip"},{"not_picked":["Blur","Slice"],"picked":"Caltrops"},{"not_picked":["Catalyst","Sucker Punch"],"picked":"Escape Plan"},{"not_picked":["Blur","Infinite Blades"],"picked":"Venomology"},{"not_picked":["Die Die Die","Bullet Time"],"picked":"Night Terror"},{"not_picked":["Riddle With Holes","Flying Knee"],"picked":"Backflip"},{"not_picked":["Poisoned Stab","Terror"],"picked":"Backstab"},{"not_picked":["Cloak And Dagger","Infinite Blades"],"picked":"Deflect"},{"not_picked":["Storm of Steel","Bouncing Flask"],"picked":"Backflip"},{"not_picked":["Outmaneuver","Choke"],"picked":"Backflip"},{"not_picked":["Night Terror","Storm of Steel"],"picked":"Burst"},{"not_picked":["Catalyst","Dash"],"picked":"Backflip"},{"not_picked":["Heel Hook","Escape Plan"],"picked":"Caltrops"}],"player_experience":1486525,"potions_floor_usage":[6,8,13,16,18,20,22,22,22,22,24,29,29,33,35,35,37,37,44,48,48,50,50,50,50],"damage_taken":[{"damage":0,"enemies":"Jaw Worm","floor":1,"turns":3},{"damage":0,"enemies":"2 Louse","floor":4,"turns":3},{"damage":17,"enemies":"Gremlin Nob","floor":6,"turns":5},{"damage":12,"enemies":"3 Sentries","floor":8,"turns":7},{"damage":0,"enemies":"Small Slimes","floor":11,"turns":2},{"damage":0,"enemies":"Looter","floor":12,"turns":3},{"damage":0,"enemies":"Blue Slaver","floor":13,"turns":5},{"damage":14,"enemies":"The Guardian","floor":16,"turns":16},{"damage":0,"enemies":"Chosen","floor":18,"turns":6},{"damage":0,"enemies":"3 Byrds","floor":20,"turns":2},{"damage":0,"enemies":"Cultist and Chosen","floor":22,"turns":7},{"damage":21,"enemies":"Gremlin Leader","floor":24,"turns":8},{"damage":6,"enemies":"Snake Plant","floor":28,"turns":4},{"damage":2,"enemies":"Sentry and Sphere","floor":29,"turns":5},{"damage":0,"enemies":"Centurion and Healer","floor":31,"turns":8},{"damage":6,"enemies":"Automaton","floor":33,"turns":14},{"damage":0,"enemies":"3 Darklings","floor":35,"turns":5},{"damage":0,"enemies":"Orb Walker","floor":37,"turns":4},{"damage":0,"enemies":"Maw","floor":41,"turns":7},{"damage":0,"enemies":"4 Shapes","floor":44,"turns":5},{"damage":4,"enemies":"Mysterious Sphere","floor":48,"turns":7},{"damage":39,"enemies":"Time Eater","floor":50,"turns":13}],"event_choices":[{"event_name":"Scrap Ooze","player_choice":"success","floor":2,"damage_taken":3},{"event_name":"Golden Idol","player_choice":"Take Damage","floor":3,"damage_taken":0},{"event_name":"The Mausoleum","player_choice":"Yes","floor":30,"damage_taken":0},{"event_name":"Winding Halls","player_choice":"Embrace Madness","floor":38,"damage_taken":0},{"event_name":"Wheel of Change","player_choice":"Full Heal","floor":39,"damage_taken":0},{"event_name":"Tomb of Lord Red Mask","player_choice":"Paid","floor":47,"damage_taken":0},{"event_name":"Mysterious Sphere","player_choice":"Fight","floor":48,"damage_taken":0}],"boss_relics":[{"not_picked":["Runic Pyramid","Question Card"],"picked":"Ectoplasm"},{"not_picked":["White Beast Statue","Lizard Tail"],"picked":"Runic Dome"}],"potions_floor_spawned":[4,6,8,12,16,24,28,31,33,41,48],"seed_played":"-5439330596861301920","ascension_level":0,"is_trial":false}