{"path_per_floor":["M","?","M","?","M","R","E","R","T","M","M","E","M","E","R","B",null,"M","M","?","M","$","R","E","R","T","?","E","$","E","M","R","B",null,"M","?","$","?","?","E","R","M","T","R","$","?","R","?","R","B"],"character_chosen":"THE_SILENT","items_purchased":["War Paint","Bag of Preparation","Noxious Fumes","Backflip","Letter Opener","Footwork","Backflip","Well Laid Plans"],"gold_per_floor":[119,119,139,214,230,230,264,264,264,282,301,327,343,376,376,476,476,491,510,510,527,146,146,171,171,252,252,583,363,397,417,417,513,513,527,527,48,48,0,25,25,41,67,67,29,29,29,29,29,29],"floor_reached":51,"campfire_rested":1,"playtime":2312,"current_hp_per_floor":[70,63,63,52,52,52,43,43,43,43,39,38,38,38,38,27,70,70,70,70,70,70,70,70,70,70,57,57,57,57,57,57,75,75,75,75,75,75,75,75,75,75,75,75,75,75,75,66,75,68],"items_purged":["Strike_G","Strike_G","Defend_G"],"gold":29,"score":949,"play_id":"be41e08a-ea32-4f9c-a3a0-2c9c6d8f14bc","local_time":"20180311112308","is_prod":false,"is_daily":false,"is_ascension_mode":false,"campfire_upgraded":9,"timestamp":1520763788,"path_taken":["M","?","M","?","?","R","E","R","T","M","M","E","M","E","R","BOSS","M","M","?","?","$","R","E","R","T","?","E","$","E","?","R","BOSS","M","?","$","?","?","E","R","?","T","R","?","?","R","?","R","BOSS"],"build_version":"2018-03-09","purchased_purges":4,"victory":true,"master_deck":["Defend_G+1","Defend_G","Strike_G+1","Survivor","Neutralize+1","Terror+1","Dash+1","Dash+1","Sucker Punch","Predator+1","Tactician+1","Calculated Gamble","After Image","Backflip+1","Acrobatics+1","Concentrate+1","Prepared+1","Noxious Fumes+1","Noxious Fumes+1","Backflip","Predator+1","Footwork+1","Backflip","PiercingWail+1","Well Laid Plans+1","Madness","Madness"],"max_hp_per_floor":[70,70,70,70,70,70,70,70,70,70,70,70,70,70,70,70,70,70,70,70,70,70,70,70,70,70,75,75,75,75,75,75,75,75,75,75,75,75,75,75,75,75,75,75,75,75,75,75,75,75],"relics":["Ring of the Snake","Whetstone","Gambling Chip","Torii","Oddly Smooth Stone","Sozu","War Paint","Bag of Preparation","Dodecahedron","Pantograph","Old Coin","Darkstone Periapt","Lizard Tail","Letter Opener","Red Mask","Omamori","Pen Nib"],"card_choices":[{"not_picked":["Bouncing Flask","Quick Slash"],"picked":"Terror"},{"not_picked":["Dagger Spray","Underhanded Strike"],"picked":"Dash"},{"not_picked":["Blur","Slice"],"picked":"Dash"},{"not_picked":["Poisoned Stab","Cloak And Dagger"],"picked":"Sucker Punch"},{"not_picked":["Flechettes","Underhanded Strike"],"picked":"Predator"},{"not_picked":["Prepared","Sucker Punch"],"picked":"Tactician"},{"not_picked":["Crippling Poison","Bane"],"picked":"Calculated Gamble"},{"not_picked":["Glass Knife","Doppelganger"],"picked":"After Image"},{"not_picked":["Setup","Quick Slash"],"picked":"Backflip"},{"not_picked":["Dagger Spray","Flying Knee"],"picked":"Acrobatics"},{"not_picked":["Acrobatics","Setup"],"picked":"Concentrate"},{"not_picked":["Accuracy","Flying Knee"],"picked":"Prepared"},{"not_picked":["Deflect","Accuracy"],"picked":"Noxious Fumes"},{"not_picked":["Sucker Punch","Finisher"],"picked":"Predator"},{"not_picked":["Deflect","Poisoned Stab"],"picked":"PiercingWail"}],"player_experience":1512009,"potions_floor_usage":[12,50,50,50],"damage_taken":[{"damage":0,"enemies":"Cultist","floor":1,"turns":4},{"damage":0,"enemies":"Jaw Worm","floor":3,"turns":3},{"damage":0,"enemies":"Small Slimes","floor":5,"turns":3},{"damage":9,"enemies":"Lagavulin","floor":7,"turns":7},{"damage":0,"enemies":"3 Louse","floor":10,"turns":3},{"damage":4,"enemies":"Blue Slaver","floor":11,"turns":3},{"damage":1,"enemies":"3 Sentries","floor":12,"turns":7},{"damage":0,"enemies":"Lots of Slimes","floor":13,"turns":4},{"damage":0,"enemies":"Gremlin Nob","floor":14,"turns":3},{"damage":11,"enemies":"Hexaghost","floor":16,"turns":11},{"damage":0,"enemies":"Shell Parasite","floor":18,"turns":4},{"damage":0,"enemies":"Chosen","floor":19,"turns":4},{"damage":0,"enemies":"Snake Plant","floor":21,"turns":4},{"damage":0,"enemies":"Book of Stabbing","floor":24,"turns":5},{"damage":0,"enemies":"Slavers","floor":28,"turns":6},{"damage":0,"enemies":"Gremlin Leader","floor":30,"turns":6},{"damage":0,"enemies":"3 Cultists","floor":31,"turns":4},{"damage":0,"enemies":"Collector","floor":33,"turns":5},{"damage":0,"enemies":"3 Darklings","floor":35,"turns":3},{"damage":0,"enemies":"Giant Head","floor":40,"turns":6},{"damage":0,"enemies":"Orb Walker","floor":42,"turns":2},{"damage":7,"enemies":"Donu and Deca","floor":50,"turns":6}],"event_choices":[{"event_name":"Golden Wing","player_choice":"Card Removal","floor":2,"damage_taken":0},{"event_name":"World of Goop","player_choice":"Gather Gold","floor":4,"damage_taken":0},{"event_name":"Upgrade Shrine","player_choice":"Upgraded","floor":20,"damage_taken":0},{"event_name":"Forgotten Altar","player_choice":"Shed Blood","floor":27,"damage_taken":0},{"event_name":"Bonfire Elementals","player_choice":"BASIC","floor":38,"damage_taken":0},{"event_name":"Tomb of Lord Red Mask","player_choice":"Paid","floor":39,"damage_taken":0},{"event_name":"Purifier","player_choice":"One Purge","floor":46,"damage_taken":0},{"event_name":"Winding Halls","player_choice":"Embrace Madness","floor":48,"damage_taken":0}],"boss_relics":[{"not_picked":["Cursed Key","Tiny House"],"picked":"Sozu"},{"not_picked":["White Beast Statue","Question Card"],"picked":"Lizard Tail"}],"potions_floor_spawned":[1,5,7,10,13,16,18,28,30,40,42],"seed_played":"1708547361543276371","ascension_level":0,"is_trial":false}