{"path_per_floor":["M","$","?","M","M","E","R","E","T","R","M","T","?","?","R","B",null,"M","$","?","M","?","R","E","M","T","R","?","R","M","$","R","B",null,"M","M","M","M","?","R","M","R","T","M","M","M","E","M","R","B"],"character_chosen":"THE_SILENT","items_purchased":["Footwork","Noxious Fumes","Finesse"],"gold_per_floor":[118,43,43,61,80,106,106,141,141,141,154,180,180,130,130,225,225,235,53,53,68,68,68,95,107,131,131,131,131,150,75,75,174,174,184,194,208,219,219,219,239,239,262,273,285,302,331,350,350,350],"floor_reached":51,"campfire_rested":1,"playtime":2620,"current_hp_per_floor":[70,70,52,52,52,39,39,35,35,35,35,35,35,35,35,35,70,70,70,70,70,70,70,70,70,70,70,54,54,54,54,54,54,70,70,70,66,66,66,66,66,66,66,66,66,66,66,60,70,68],"items_purged":["Strike_G"],"gold":350,"score":709,"play_id":"3531acce-982a-4f34-b7da-e128d0599fb4","local_time":"20180309012012","is_prod":false,"is_daily":false,"is_ascension_mode":false,"campfire_upgraded":9,"timestamp":1520554812,"path_taken":["M","$","?","M","M","E","R","E","T","R","M","?","?","?","R","BOSS","M","$","?","M","?","R","E","M","T","R","?","R","?","$","R","BOSS","M","M","M","M","?","R","M","R","T","M","M","M","E","M","R","BOSS"],"build_version":"2018-03-01-PROD1","purchased_purges":1,"victory":true,"master_deck":["Defend_G","Defend_G","Defend_G","Defend_G","Defend_G","Strike_G","Strike_G","Survivor","Neutralize+1","Predator+1","Malaise+1","Footwork+1","Deflect","Dash+1","Footwork+1","Glass Knife+1","Mind Blast","After Image","Escape Plan+1","Noxious Fumes+1","Finesse","Backflip+1","Escape Plan+1","Dodge and Roll+1","Finesse","Dodge and Roll","Escape Plan+1","Backflip+1"],"max_hp_per_floor":[70,70,70,70,70,70,70,70,70,70,70,70,70,70,70,70,70,70,70,70,70,70,70,70,70,70,70,70,70,70,70,70,70,70,70,70,70,70,70,70,70,70,70,70,70,70,70,70,70,70],"relics":["Ring of the Snake","Orichalcum","Happy Flower","Regal Pillow","Oddly Smooth Stone","Pen Nib","Runic Dome","Bag of Marbles","Vajra","Nilry\u0027s Codex","Question Card","Lantern","Dream Catcher"],"card_choices":[{"not_picked":["Riddle With Holes","Underhanded Strike"],"picked":"Malaise"},{"not_picked":["Underhanded Strike","Outmaneuver"],"picked":"Deflect"},{"not_picked":["Finisher","Heel Hook"],"picked":"Dash"},{"not_picked":["Deflect","Quick Slash"],"picked":"Footwork"},{"not_picked":["Envenom","Glass Knife"],"picked":"After Image"},{"not_picked":["Prepared","Underhanded Strike"],"picked":"Escape Plan"},{"not_picked":["Flechettes","Sucker Punch"],"picked":"Backflip"},{"not_picked":["Outmaneuver","Slice","Acrobatics"],"picked":"Escape Plan"},{"not_picked":["Deadly Poison","Leg Sweep","Well Laid Plans"],"picked":"Dodge and Roll"},{"not_picked":["Eviscerate","Underhanded Strike","Envenom"],"picked":"Dodge and Roll"},{"not_picked":["Acrobatics","Dagger Spray","Terror"],"picked":"Escape Plan"},{"not_picked":["Skewer","Prepared","Quick Slash"],"picked":"Backflip"}],"player_experience":1478371,"potions_floor_usage":[18,25,35,37,48,50,50],"damage_taken":[{"damage":0.0,"enemies":"Jaw Worm","floor":1.0,"turns":3.0},{"damage":0.0,"enemies":"2 Louse","floor":4.0,"turns":5.0},{"damage":0.0,"enemies":"Cultist","floor":5.0,"turns":3.0},{"damage":13.0,"enemies":"Lagavulin","floor":6.0,"turns":11.0},{"damage":4.0,"enemies":"Gremlin Nob","floor":8.0,"turns":4.0},{"damage":0.0,"enemies":"Gremlin Gang","floor":11.0,"turns":3.0},{"damage":0.0,"enemies":"The Guardian","floor":16.0,"turns":13.0},{"damage":0,"enemies":"2 Thieves","floor":18,"turns":4},{"damage":0,"enemies":"Shell Parasite","floor":21,"turns":2},{"damage":0,"enemies":"Book of Stabbing","floor":24,"turns":6},{"damage":7,"enemies":"Cultist and Chosen","floor":25,"turns":7},{"damage":0,"enemies":"Snecko","floor":30,"turns":6},{"damage":0,"enemies":"Champ","floor":33,"turns":12},{"damage":0,"enemies":"3 Darklings","floor":35,"turns":6},{"damage":0,"enemies":"3 Shapes","floor":36,"turns":6},{"damage":4,"enemies":"Maw","floor":37,"turns":8},{"damage":0,"enemies":"Sphere and 2 Shapes","floor":38,"turns":7},{"damage":0,"enemies":"4 Shapes","floor":41,"turns":7},{"damage":0,"enemies":"3 Darklings","floor":44,"turns":6},{"damage":0,"enemies":"Sphere and 2 Shapes","floor":45,"turns":6},{"damage":0,"enemies":"4 Shapes","floor":46,"turns":6},{"damage":0,"enemies":"Giant Head","floor":47,"turns":8},{"damage":15,"enemies":"3 Darklings","floor":48,"turns":6},{"damage":2,"enemies":"Awakened One","floor":50,"turns":23}],"event_choices":[{"event_name":"Scrap Ooze","player_choice":"success","floor":3.0,"damage_taken":18.0},{"event_name":"Match and Keep!","player_choice":"2 cards matched","floor":13.0,"damage_taken":0.0},{"event_name":"The Cleric","player_choice":"Card Removal","floor":14.0,"damage_taken":0.0},{"event_name":"Addict","player_choice":"Ignored","floor":20,"damage_taken":0},{"event_name":"Drug Dealer","player_choice":"Ignored","floor":22,"damage_taken":0},{"event_name":"Cursed Tome","player_choice":"Obtained Book","floor":28,"damage_taken":0},{"event_name":"Duplicator","player_choice":"One dupe","floor":39,"damage_taken":0}],"boss_relics":[{"not_picked":["Velvet Choker","Pandora\u0027s Box"],"picked":"Question Card"}],"potions_floor_spawned":[1,4,6,11,21,30,35,38,41,45,46],"seed_played":"-4313968556907297331","ascension_level":0,"is_trial":false}