{"path_per_floor":["M","?","?","M","M","R","M","R","T","R","M","M","R","$","R","B",null,"M","?","M","?","M","R","M","R","T","E","$","M","R","M","R","B",null,"M","?","M","?","M","R","T","R","T","M","M","M","R","M","R","B"],"character_chosen":"THE_SILENT","items_purchased":["Dash","Strength Potion"],"gold_per_floor":[19,19,19,43,61,61,75,75,99,99,124,137,137,27,27,155,155,80,80,80,80,80,80,80,80,80,80,28,28,28,28,28,28,28,28,28,28,28,28,28,28,28,28,28,28,28,28,28,28,28],"floor_reached":51,"campfire_rested":1,"playtime":2348,"current_hp_per_floor":[70,70,53,48,48,48,22,22,22,43,35,35,35,35,35,19,70,66,66,66,58,58,58,58,58,58,58,58,50,50,47,47,15,70,70,70,70,70,63,63,63,63,63,70,70,70,70,70,70,59],"items_purged":["Strike_G"],"gold":28,"score":738,"play_id":"7f15cf9e-12e2-442f-8097-7585c28541bb","local_time":"20180312073100","is_prod":false,"is_daily":false,"is_ascension_mode":false,"campfire_upgraded":3,"timestamp":1520836260,"path_taken":["M","?","?","M","M","R","M","R","T","R","M","M","R","$","R","BOSS","M","?","M","?","M","R","M","R","T","E","$","M","R","M","R","BOSS","M","?","M","?","M","R","?","R","T","?","?","M","R","M","R","BOSS"],"build_version":"2018-03-09","purchased_purges":1,"victory":true,"master_deck":["Defend_G+1","Defend_G+1","Defend_G+1","Defend_G+1","Defend_G+1","Strike_G+1","Strike_G+1","Strike_G+1","Strike_G+1","Survivor+1","Neutralize+1","Backflip","Flying Knee","Leg Sweep","Acrobatics","Dash","Noxious Fumes+1","Blade Dance+1","Well Laid Plans","Terror+1","PiercingWail+1","Backflip","Well Laid Plans","Prepared+1","Poisoned Stab+1","Footwork"],"max_hp_per_floor":[70,70,70,70,70,70,70,70,70,70,70,70,70,70,70,70,70,70,70,70,70,70,70,70,70,70,70,70,70,70,70,70,70,70,70,70,70,70,70,70,70,70,70,70,70,70,70,70,70,70],"relics":["Ring of the Snake","Shovel","Golden Idol","Frozen Eye","Lantern","Anchor","Omamori","Ectoplasm","Prayer Wheel","Tingsha","Snake Skull","Kunai","Cursed Key","Ornamental Fan","Du-Vu Doll","Bronze Scales","War Paint","Ice Cream","Blue Candle"],"card_choices":[{"not_picked":["Masterful Stab","Dodge and Roll"],"picked":"Tactician"},{"not_picked":["Poisoned Stab","Deadly Poison"],"picked":"Backflip"},{"not_picked":["Deflect","Bane"],"picked":"Flying Knee"},{"not_picked":["Underhanded Strike","Wraith Form"],"picked":"Leg Sweep"},{"not_picked":["Slice","Outmaneuver"],"picked":"Acrobatics"},{"not_picked":["Leg Sweep","Acrobatics"],"picked":"Noxious Fumes"},{"not_picked":["Dodge and Roll","Flechettes"],"picked":"Blade Dance"},{"not_picked":["Outmaneuver","Bane"],"picked":"Well Laid Plans"},{"not_picked":["Predator","Acrobatics"],"picked":"Terror"},{"not_picked":["Reflex","Deadly Poison"],"picked":"PiercingWail"},{"not_picked":["Malaise","Dagger Spray"],"picked":"Backflip"},{"not_picked":["Acrobatics","Deflect"],"picked":"Well Laid Plans"},{"not_picked":["Backstab","Bane"],"picked":"Prepared"},{"not_picked":["Dagger Throw","PiercingWail"],"picked":"Poisoned Stab"},{"not_picked":["Escape Plan","After Image"],"picked":"Footwork"}],"player_experience":1516630,"potions_floor_usage":[16,16,27,31,33,44,50,50,50],"damage_taken":[{"damage":0,"enemies":"Cultist","floor":1,"turns":4},{"damage":5,"enemies":"Jaw Worm","floor":4,"turns":5},{"damage":0,"enemies":"Small Slimes","floor":5,"turns":4},{"damage":26,"enemies":"Exordium Wildlife","floor":7,"turns":8},{"damage":8,"enemies":"Exordium Thugs","floor":11,"turns":5},{"damage":0,"enemies":"2 Fungi Beasts","floor":12,"turns":3},{"damage":16,"enemies":"Slime Boss","floor":16,"turns":15},{"damage":4,"enemies":"2 Thieves","floor":18,"turns":5},{"damage":0,"enemies":"Shell Parasite","floor":20,"turns":6},{"damage":0,"enemies":"Centurion and Healer","floor":22,"turns":7},{"damage":0,"enemies":"Snake Plant","floor":24,"turns":5},{"damage":0,"enemies":"Gremlin Leader","floor":27,"turns":7},{"damage":8,"enemies":"3 Cultists","floor":29,"turns":5},{"damage":3,"enemies":"Chosen and Byrds","floor":31,"turns":4},{"damage":32,"enemies":"Collector","floor":33,"turns":9},{"damage":0,"enemies":"3 Shapes","floor":35,"turns":5},{"damage":0,"enemies":"Orb Walker","floor":37,"turns":5},{"damage":7,"enemies":"4 Shapes","floor":39,"turns":6},{"damage":0,"enemies":"Maw","floor":44,"turns":7},{"damage":0,"enemies":"3 Darklings","floor":45,"turns":4},{"damage":0,"enemies":"Sphere and 2 Shapes","floor":46,"turns":5},{"damage":0,"enemies":"Maw","floor":48,"turns":6},{"damage":11,"enemies":"Donu and Deca","floor":50,"turns":10}],"event_choices":[{"event_name":"Liars Game","player_choice":"disagreed","floor":2,"damage_taken":0},{"event_name":"Golden Idol","player_choice":"Take Damage","floor":3,"damage_taken":0},{"event_name":"Back to Basics","player_choice":"Simplicity","floor":19,"damage_taken":0},{"event_name":"Knowing Skull","player_choice":"","floor":21,"damage_taken":0},{"event_name":"Mysterious Sphere","player_choice":"Ignore","floor":38,"damage_taken":0}],"boss_relics":[{"not_picked":["Black Star","Astrolabe"],"picked":"Ectoplasm"},{"not_picked":["White Beast Statue","Calling Bell"],"picked":"Cursed Key"}],"potions_floor_spawned":[1,4,12,24,27,29,31,33,37,44,45],"seed_played":"-6254238223467765459","ascension_level":0,"is_trial":false}