{"path_per_floor":["M","M","?","M","?","M","R","M","T","$","R","?","R","M","R","B",null,"M","$","?","?","M","E","$","R","T","M","?","M","R","E","R","B",null,"M","M","$","?","M","E","R","M","T","$","R","M","M","M","R","B"],"character_chosen":"THE_SILENT","items_purchased":["Footwork","Footwork","Backflip","Leg Sweep","Well Laid Plans","Backflip","Footwork"],"gold_per_floor":[13,23,23,35,35,46,46,61,113,36,36,97,97,113,113,208,238,248,173,173,173,188,223,17,17,17,31,31,45,45,73,73,172,172,191,203,96,96,113,145,145,162,162,62,62,73,86,101,101,101],"floor_reached":51,"campfire_rested":1,"playtime":3689,"current_hp_per_floor":[82,82,75,75,58,52,52,52,52,52,52,42,42,41,41,36,89,87,87,87,87,87,81,81,81,81,80,64,49,49,46,46,33,89,89,89,89,78,78,78,78,78,88,88,88,88,88,88,99,75],"items_purged":["Strike_G","Survivor"],"gold":101,"score":735,"play_id":"09d76433-8d8f-4952-b83c-23c4ceb877fb","local_time":"20180324210506","is_prod":false,"is_daily":false,"is_ascension_mode":false,"campfire_upgraded":9,"timestamp":1521921906,"path_taken":["M","M","?","M","?","M","R","M","T","$","R","?","R","?","R","BOSS","M","?","?","?","M","E","$","R","T","M","?","?","R","E","R","BOSS","M","M","$","?","M","E","R","M","T","$","R","M","M","M","R","BOSS"],"build_version":"2018-03-22v2","purchased_purges":2,"victory":true,"master_deck":["Defend_G+1","Defend_G+1","Defend_G+1","Defend_G+1","Defend_G+1","Strike_G+1","Strike_G+1","Strike_G+1","Neutralize+1","Sucker Punch+1","Flying Knee+1","Dagger Spray+1","Footwork+1","Adrenaline","Quick Slash+1","Glass Knife+1","Backflip","Cloak And Dagger+1","Cloak And Dagger","Footwork+1","Backflip","Concentrate+1","Footwork+1","Venomology","Backstab+1","Leg Sweep","Well Laid Plans+1","Madness","Madness","Dodge and Roll+1","Backflip+1","Footwork","PiercingWail+1"],"max_hp_per_floor":[84,84,84,84,84,84,84,84,84,84,84,84,84,84,84,84,89,89,89,89,89,89,89,89,89,89,89,89,89,89,89,89,89,89,89,89,89,89,89,89,89,89,99,99,99,99,99,99,99,99],"relics":["Ring of the Snake","Bag of Preparation","Darkstone Periapt","Tiny House","Dream Catcher","Shovel","Enchiridion","Whetstone","Philosopher\u0027s Stone","Toxic Egg 2","Pear"],"card_choices":[{"not_picked":["Acrobatics","Dodge and Roll"],"picked":"Sucker Punch","floor":1.0},{"not_picked":["Leg Sweep","Skewer"],"picked":"Flying Knee","floor":2.0},{"not_picked":["Expertise","Underhanded Strike"],"picked":"Dagger Spray","floor":8.0},{"not_picked":["PiercingWail","Dodge and Roll"],"picked":"Adrenaline","floor":12.0},{"not_picked":["Acrobatics","Prepared"],"picked":"Quick Slash","floor":14.0},{"not_picked":["Corpse Explosion","Bullet Time"],"picked":"Glass Knife","floor":16.0},{"not_picked":["Slice","Cloak And Dagger"],"picked":"Backflip","floor":17.0},{"not_picked":["Dagger Spray","Outmaneuver"],"picked":"Cloak And Dagger","floor":18.0},{"not_picked":["Dagger Spray","Dash"],"picked":"Concentrate","floor":27.0},{"not_picked":["Dagger Throw","Blur"],"picked":"Footwork","floor":29.0},{"not_picked":["Doppelganger","Storm of Steel"],"picked":"Venomology","floor":33},{"not_picked":["Slice","Riddle With Holes"],"picked":"Backstab","floor":35},{"not_picked":["Dagger Spray","Flying Knee"],"picked":"Dodge and Roll","floor":42},{"not_picked":["Quick Slash","Distraction"],"picked":"PiercingWail","floor":46}],"player_experience":1591120,"potions_floor_usage":[33,36,36,40,42,46,47,48,50,50,50,50],"damage_taken":[{"damage":2.0,"enemies":"Small Slimes","floor":1.0,"turns":4.0},{"damage":0.0,"enemies":"Jaw Worm","floor":2.0,"turns":5.0},{"damage":0.0,"enemies":"2 Louse","floor":4.0,"turns":3.0},{"damage":6.0,"enemies":"Large Slime","floor":6.0,"turns":9.0},{"damage":0.0,"enemies":"3 Louse","floor":8.0,"turns":5.0},{"damage":10.0,"enemies":"Gremlin Nob","floor":12.0,"turns":3.0},{"damage":1.0,"enemies":"Blue Slaver","floor":14.0,"turns":4.0},{"damage":5.0,"enemies":"Slime Boss","floor":16.0,"turns":14.0},{"damage":2.0,"enemies":"Spheric Guardian","floor":18.0,"turns":3.0},{"damage":0.0,"enemies":"3 Byrds","floor":22.0,"turns":3.0},{"damage":6.0,"enemies":"Slavers","floor":23.0,"turns":6.0},{"damage":1.0,"enemies":"Centurion and Healer","floor":27.0,"turns":7.0},{"damage":15.0,"enemies":"Cultist and Chosen","floor":29.0,"turns":7.0},{"damage":3.0,"enemies":"Book of Stabbing","floor":31.0,"turns":5.0},{"damage":13,"enemies":"Automaton","floor":33,"turns":13},{"damage":0,"enemies":"3 Shapes","floor":35,"turns":5},{"damage":0,"enemies":"3 Darklings","floor":36,"turns":10},{"damage":0,"enemies":"4 Shapes","floor":39,"turns":5},{"damage":0,"enemies":"Giant Head","floor":40,"turns":9},{"damage":0,"enemies":"Sphere and 2 Shapes","floor":42,"turns":4},{"damage":0,"enemies":"3 Darklings","floor":46,"turns":6},{"damage":0,"enemies":"4 Shapes","floor":47,"turns":7},{"damage":0,"enemies":"Sphere and 2 Shapes","floor":48,"turns":3},{"damage":24,"enemies":"Donu and Deca","floor":50,"turns":23}],"event_choices":[{"event_name":"Golden Wing","player_choice":"Card Removal","floor":3.0,"damage_taken":0.0},{"event_name":"Shining Light","player_choice":"Entered Light","floor":5.0,"damage_taken":0.0},{"event_name":"Dead Adventurer","player_choice":"Searched \u00272\u0027 times","floor":12.0,"damage_taken":0.0},{"event_name":"The Library","player_choice":"Read","floor":20.0,"damage_taken":0.0},{"event_name":"Back to Basics","player_choice":"Simplicity","floor":21.0,"damage_taken":0.0},{"event_name":"Cursed Tome","player_choice":"Obtained Book","floor":28.0,"damage_taken":0.0},{"event_name":"Winding Halls","player_choice":"Embrace Madness","floor":38,"damage_taken":0}],"boss_relics":[{"not_picked":["Orrery","Lizard Tail"],"picked":"Philosopher\u0027s Stone"}],"potions_floor_spawned":[2,8,14,16,18,23,29,35,39,47],"seed_played":"115320747891472500","ascension_level":0,"is_trial":false}