{"path_per_floor":["M","$","?","?","?","R","$","R","T","R","M","M","E","$","R","B",null,"M","?","M","$","M","R","E","R","T","$","M","E","R","M","R","B",null,"M","?","M","M","$","R","?","$","T","?","R","M","R","?","R","B"],"character_chosen":"THE_SILENT","items_purchased":["Caltrops","Dexterity Potion","Noxious Fumes","Finesse","Burst"],"gold_per_floor":[117,46,46,121,121,121,46,46,46,46,62,73,101,51,51,149,149,169,169,184,49,68,68,100,100,124,36,55,81,81,91,91,193,193,213,213,229,249,124,124,124,44,93,93,93,104,104,104,104,104],"floor_reached":51,"campfire_rested":3,"playtime":2159,"current_hp_per_floor":[68,68,54,43,43,43,43,43,43,43,43,41,12,12,33,4,70,70,70,63,63,54,54,49,70,70,70,70,70,70,63,63,63,70,67,58,58,58,58,58,58,58,58,58,58,58,58,58,70,58],"items_purged":["Strike_G","Strike_G","Strike_G"],"gold":104,"score":754,"play_id":"f3a2b1fb-2636-4325-bbd2-c17a374f42eb","local_time":"20180316182116","is_prod":false,"is_daily":false,"is_ascension_mode":false,"campfire_upgraded":9,"timestamp":1521220876,"path_taken":["M","$","?","?","?","R","?","R","T","R","M","M","E","$","R","BOSS","M","?","M","$","M","R","E","R","T","$","?","E","R","M","R","BOSS","M","?","M","?","$","R","?","$","T","?","R","M","R","?","R","BOSS"],"build_version":"2018-03-15","purchased_purges":4,"victory":true,"master_deck":["Defend_G+1","Defend_G+1","Defend_G+1","Defend_G","Defend_G","Survivor+1","Neutralize+1","Caltrops+1","PiercingWail","Deadly Poison","Blur+1","A Thousand Cuts+1","Noxious Fumes+1","Blur+1","Noxious Fumes","Finesse","Backflip+1","Madness","Madness","Prepared+1","Dodge and Roll+1","Burst+1","Neutralize+1","Acrobatics+1"],"max_hp_per_floor":[70,70,70,70,70,70,70,70,70,70,70,70,70,70,70,70,70,70,70,70,70,70,70,70,70,70,70,70,70,70,70,70,70,70,70,70,70,70,70,70,70,70,70,70,70,70,70,70,70,70],"relics":["Ring of the Snake","Bottled Tornado","Lantern","Philosopher\u0027s Stone","Anchor","Omamori","Bag of Preparation","Sozu","Prayer Wheel"],"card_choices":[{"not_picked":["Underhanded Strike","Dodge and Roll"],"picked":"PiercingWail"},{"not_picked":["Quick Slash","Poisoned Stab"],"picked":"Deadly Poison"},{"not_picked":["Reflex","Slice"],"picked":"Blur"},{"not_picked":["Tactician","Doppelganger"],"picked":"A Thousand Cuts"},{"not_picked":["Quick Slash","Setup"],"picked":"Noxious Fumes"},{"not_picked":["Poisoned Stab","Backstab"],"picked":"Backflip"},{"not_picked":["Flying Knee","Slice"],"picked":"Prepared"},{"not_picked":["Well Laid Plans","Deflect"],"picked":"Dodge and Roll"},{"not_picked":["Dagger Spray","Slice"],"picked":"Acrobatics"}],"player_experience":1543867,"potions_floor_usage":[22,24,24],"damage_taken":[{"damage":2.0,"enemies":"Jaw Worm","floor":1.0,"turns":6.0},{"damage":0.0,"enemies":"2 Louse","floor":11.0,"turns":2.0},{"damage":2.0,"enemies":"Small Slimes","floor":12.0,"turns":6.0},{"damage":29.0,"enemies":"Gremlin Nob","floor":13.0,"turns":6.0},{"damage":29.0,"enemies":"Slime Boss","floor":16.0,"turns":23.0},{"damage":0.0,"enemies":"Shell Parasite","floor":18.0,"turns":6.0},{"damage":7.0,"enemies":"3 Byrds","floor":20.0,"turns":3.0},{"damage":9,"enemies":"Snake Plant","floor":22,"turns":4},{"damage":5,"enemies":"Slavers","floor":24,"turns":4},{"damage":0,"enemies":"Centurion and Healer","floor":28,"turns":6},{"damage":0,"enemies":"Book of Stabbing","floor":29,"turns":5},{"damage":7,"enemies":"3 Cultists","floor":31,"turns":4},{"damage":0,"enemies":"Champ","floor":33,"turns":14},{"damage":3,"enemies":"3 Darklings","floor":35,"turns":4},{"damage":0,"enemies":"3 Shapes","floor":37,"turns":5},{"damage":0,"enemies":"3 Darklings","floor":38,"turns":4},{"damage":0,"enemies":"Sphere and 2 Shapes","floor":46,"turns":5},{"damage":12,"enemies":"Awakened One","floor":50,"turns":17}],"event_choices":[{"event_name":"Shining Light","player_choice":"Entered Light","floor":3.0,"damage_taken":0.0},{"event_name":"World of Goop","player_choice":"Gather Gold","floor":4.0,"damage_taken":0.0},{"event_name":"Upgrade Shrine","player_choice":"Upgraded","floor":5.0,"damage_taken":0.0},{"event_name":"The Library","player_choice":"Read","floor":19.0,"damage_taken":0.0},{"event_name":"Winding Halls","player_choice":"Embrace Madness","floor":36,"damage_taken":0},{"event_name":"Mysterious Sphere","player_choice":"Ignore","floor":41,"damage_taken":0},{"event_name":"Match and Keep!","player_choice":"1 cards matched","floor":44,"damage_taken":0}],"boss_relics":[{"not_picked":["Pandora\u0027s Box","Calling Bell"],"picked":"Sozu"}],"potions_floor_spawned":[11,18,20,22,33,35,37],"seed_played":"-9069351610771908581","ascension_level":0,"is_trial":false}