{"path_per_floor":["M","?","?","$","M","R","E","?","T","M","R","?","M","$","R","B",null,"M","?","M","M","M","?","R","E","T","$","?","M","R","M","R","B",null,"M","?","M","?","$","E","R","?","T","R","M","R","M","M","R","B"],"character_chosen":"THE_SILENT","items_purchased":["Flying Knee","Singing Bowl","Vajra","Footwork","Bag of Preparation"],"gold_per_floor":[209,284,534,127,141,141,169,169,169,187,187,187,200,18,18,114,114,133,133,146,159,174,174,174,200,200,75,75,90,90,102,102,201,201,212,212,222,267,121,149,149,149,149,149,161,161,172,191,191,191],"floor_reached":51,"campfire_rested":2,"playtime":2465,"current_hp_per_floor":[70,59,59,59,59,59,55,55,55,55,55,48,47,47,47,41,72,72,72,67,69,48,32,54,45,45,45,45,54,54,54,54,28,78,78,78,78,74,74,35,59,79,79,79,79,79,81,83,83,41],"items_purged":["Regret","Strike_G","Strike_G"],"gold":191,"score":695,"play_id":"8ce1e698-7a88-4a11-bb98-610e39cd5bbd","local_time":"20180324135741","is_prod":false,"is_daily":false,"is_ascension_mode":false,"campfire_upgraded":8,"timestamp":1521896261,"path_taken":["M","?","?","$","M","R","E","?","T","M","R","?","M","$","R","BOSS","M","?","M","M","M","?","R","E","T","$","?","M","R","M","R","BOSS","M","?","M","?","?","E","R","?","T","R","M","R","M","M","R","BOSS"],"build_version":"2018-03-22v2","purchased_purges":4,"victory":true,"master_deck":["Defend_G","Defend_G","Defend_G","Defend_G","Defend_G","Survivor","Neutralize+1","Dagger Throw","Flying Knee","Dagger Throw","Well Laid Plans+1","Caltrops+1","Footwork+1","After Image","Flechettes+1","Venomology+1","Glass Knife+1","Flying Knee+1","Writhe","Footwork+1","Predator+1","Dodge and Roll+1","Blade Dance+1","Malaise+1","Venomology+1","Backflip+1","Predator+1"],"max_hp_per_floor":[70,70,70,70,70,70,72,72,72,72,72,72,72,72,72,72,72,72,72,72,74,74,74,74,74,74,74,74,74,74,76,76,78,78,78,78,78,80,80,80,80,80,80,80,80,80,82,84,84,84],"relics":["Ring of the Snake","Singing Bowl","Vajra","Letter Opener","Ice Cream","Ancient Tea Set","Astrolabe","Kunai","Enchiridion","Mercury Hourglass","Ginger","Philosopher\u0027s Stone","Bag of Preparation","Omamori","Girya"],"card_choices":[{"not_picked":["Poisoned Stab","Setup"],"picked":"Dagger Throw","floor":1.0},{"not_picked":["Distraction","Dodge and Roll"],"picked":"Dagger Throw","floor":5.0},{"not_picked":["Deadly Poison","Flying Knee"],"picked":"Well Laid Plans","floor":10.0},{"not_picked":["Sucker Punch","Quick Slash"],"picked":"Caltrops","floor":13.0},{"not_picked":["Envenom","A Thousand Cuts"],"picked":"After Image","floor":16.0},{"not_picked":["Dash","Deflect"],"picked":"Flying Knee","floor":18.0},{"not_picked":["Sucker Punch","Cloak And Dagger"],"picked":"Footwork","floor":20.0},{"not_picked":["Flying Knee","Malaise"],"picked":"Predator","floor":22.0},{"not_picked":["Backstab","Expertise"],"picked":"Dodge and Roll","floor":25.0},{"not_picked":["Dagger Throw","Skewer"],"picked":"Blade Dance","floor":29.0},{"not_picked":["Flying Knee","Bane"],"picked":"Malaise","floor":35.0},{"not_picked":["Finisher","Underhanded Strike"],"picked":"Venomology","floor":37.0},{"not_picked":["PiercingWail","Grand Finale"],"picked":"Backflip","floor":40},{"not_picked":["Deflect","Dagger Spray"],"picked":"Predator","floor":45}],"player_experience":1586879,"potions_floor_usage":[40,40,40,40,47,47,48,48,50,50,50,50,50],"damage_taken":[{"damage":0.0,"enemies":"Small Slimes","floor":1.0,"turns":3.0},{"damage":0.0,"enemies":"2 Louse","floor":5.0,"turns":2.0},{"damage":6.0,"enemies":"3 Sentries","floor":7.0,"turns":7.0},{"damage":0.0,"enemies":"Cultist","floor":10.0,"turns":2.0},{"damage":1.0,"enemies":"Blue Slaver","floor":13.0,"turns":3.0},{"damage":6.0,"enemies":"Hexaghost","floor":16.0,"turns":10.0},{"damage":0.0,"enemies":"Shell Parasite","floor":18.0,"turns":4.0},{"damage":5.0,"enemies":"3 Byrds","floor":20.0,"turns":3.0},{"damage":0.0,"enemies":"Sentry and Sphere","floor":21.0,"turns":4.0},{"damage":21.0,"enemies":"Chosen and Byrds","floor":22.0,"turns":6.0},{"damage":9.0,"enemies":"Gremlin Leader","floor":25.0,"turns":5.0},{"damage":0.0,"enemies":"Centurion and Healer","floor":29.0,"turns":5.0},{"damage":2.0,"enemies":"Cultist and Chosen","floor":31.0,"turns":6.0},{"damage":28.0,"enemies":"Automaton","floor":33.0,"turns":9.0},{"damage":0.0,"enemies":"3 Shapes","floor":35.0,"turns":4.0},{"damage":0.0,"enemies":"3 Darklings","floor":37.0,"turns":5.0},{"damage":6.0,"enemies":"Mysterious Sphere","floor":38.0,"turns":5.0},{"damage":39,"enemies":"2 Orb Walkers","floor":40,"turns":5},{"damage":0,"enemies":"Sphere and 2 Shapes","floor":45,"turns":4},{"damage":0,"enemies":"4 Shapes","floor":47,"turns":3},{"damage":0,"enemies":"3 Darklings","floor":48,"turns":4},{"damage":42,"enemies":"Awakened One","floor":50,"turns":11}],"event_choices":[{"event_name":"World of Goop","player_choice":"Gather Gold","floor":2.0,"damage_taken":0.0},{"event_name":"Golden Shrine","player_choice":"Desecrate","floor":3.0,"damage_taken":0.0},{"event_name":"The Lab","player_choice":"Got Potions","floor":8.0,"damage_taken":0.0},{"event_name":"Scrap Ooze","player_choice":"success","floor":12.0,"damage_taken":7.0},{"event_name":"The Mausoleum","player_choice":"Yes","floor":19.0,"damage_taken":0.0},{"event_name":"Cursed Tome","player_choice":"Obtained Book","floor":23.0,"damage_taken":0.0},{"event_name":"Vampires","player_choice":"Ignored","floor":28.0,"damage_taken":0.0},{"event_name":"Tomb of Lord Red Mask","player_choice":"Ignored","floor":36.0,"damage_taken":0.0},{"event_name":"Mysterious Sphere","player_choice":"Fight","floor":38.0,"damage_taken":0.0},{"event_name":"Winding Halls","player_choice":"Writhe","floor":42,"damage_taken":0}],"boss_relics":[],"potions_floor_spawned":[5,7,20,21,25,38,45,48],"seed_played":"1086232902734306754","ascension_level":0,"is_trial":false}