{"path_per_floor":["M","?","M","M","T","R","E","M","T","R","?","E","?","E","R","B",null,"M","M","M","?","$","R","E","R","T","M","R","M","R","?","R","B",null,"M","?","?","$","M","R","M","M","T","R","E","R","M","?","R","B"],"character_chosen":"THE_SILENT","items_purchased":["Finesse","Ornamental Fan","Caltrops","Backflip"],"gold_per_floor":[13,13,28,39,39,39,74,91,118,118,147,173,173,208,208,306,306,326,344,360,360,19,19,53,53,53,70,70,84,84,84,84,187,187,206,206,254,87,103,103,113,124,124,124,151,151,164,164,194,194],"floor_reached":51,"campfire_rested":0,"playtime":3060,"current_hp_per_floor":[70,70,70,70,70,70,46,46,46,46,45,35,35,34,34,34,70,70,70,70,49,49,49,46,46,46,49,49,49,49,49,49,51,51,51,51,51,51,51,51,51,53,53,53,39,39,55,55,55,12],"items_purged":["Slice"],"gold":194,"score":790,"play_id":"1f9fe39d-1576-4bd5-860b-69c5a59b6d1b","local_time":"20180318093045","is_prod":false,"is_daily":false,"is_ascension_mode":false,"campfire_upgraded":5,"timestamp":1521361845,"path_taken":["M","?","M","M","?","R","E","M","T","R","?","E","?","E","R","BOSS","M","M","M","?","$","R","E","R","T","M","R","M","R","?","R","BOSS","M","?","?","$","M","R","?","M","T","R","E","R","M","?","R","BOSS"],"build_version":"2018-03-15v3","purchased_purges":2,"victory":true,"master_deck":["Defend_G+1","Defend_G+1","Survivor","Neutralize+1","Deflect","Endless Agony","Cloak And Dagger+1","Backstab","Concentrate+1","After Image","Tactician+1","Predator+1","Backflip+1","Expertise+1","Bite","Bite","Bite","Bite","Bite","Finesse","Cloak And Dagger+1","Backflip","Backflip+1","Outmaneuver+1","Glass Knife+1","Eviscerate+1","Leg Sweep+1","Blur","Caltrops","Backflip","Dash+1","Leg Sweep+1","Dash+1"],"max_hp_per_floor":[70,70,70,70,70,70,70,70,70,70,70,70,70,70,70,70,70,70,70,70,49,49,49,49,49,49,49,49,49,49,49,49,51,51,51,51,51,51,51,51,51,53,53,53,53,53,55,55,55,55],"relics":["Ring of the Snake","Unceasing Top","Frozen Eye","Blue Candle","Orichalcum","Odd Mushroom","Ginger","Sozu","Ornamental Fan","War Paint","Shovel","Sundial","Ancient Tea Set","Singing Bowl","Astrolabe","Gambling Chip","Dream Catcher","Peace Pipe","Torii","Snake Skull","Prayer Wheel","Tiny Chest"],"card_choices":[{"not_picked":["Deadly Poison","Bane"],"picked":"Infinite Blades"},{"not_picked":["Infinite Blades","Acrobatics"],"picked":"Deflect"},{"not_picked":["Dagger Throw","Crippling Poison"],"picked":"Endless Agony"},{"not_picked":["Skewer","Bane"],"picked":"Cloak And Dagger"},{"not_picked":["Prepared","Flying Knee"],"picked":"Backstab"},{"not_picked":["Bane","Bouncing Flask"],"picked":"Slice"},{"not_picked":["Acrobatics","Dagger Spray"],"picked":"Concentrate"},{"not_picked":["Sucker Punch","Dagger Spray"],"picked":"After Image"},{"not_picked":["Tools of the Trade","Unload"],"picked":"Tactician"},{"not_picked":["Caltrops","Sucker Punch"],"picked":"Predator"},{"not_picked":["Choke","Dagger Spray"],"picked":"Backflip"},{"not_picked":["Catalyst","Masterful Stab"],"picked":"Expertise"},{"not_picked":["Dagger Spray","Heel Hook"],"picked":"Cloak And Dagger"},{"not_picked":["Slice","Riddle With Holes"],"picked":"Backflip"},{"not_picked":["Bane","Calculated Gamble"],"picked":"Backflip"},{"not_picked":["Outmaneuver","Underhanded Strike"],"picked":"Leg Sweep"},{"not_picked":["Deadly Poison","Riddle With Holes"],"picked":"Blur"},{"not_picked":["Concentrate","Slice"],"picked":"Dash"},{"not_picked":["Quick Slash","Poisoned Stab"],"picked":"Leg Sweep"},{"not_picked":["Heel Hook","Bane"],"picked":"Dash"}],"player_experience":1552372,"potions_floor_usage":[50],"damage_taken":[{"damage":0.0,"enemies":"2 Louse","floor":1.0,"turns":4.0},{"damage":0.0,"enemies":"Jaw Worm","floor":3.0,"turns":5.0},{"damage":0.0,"enemies":"Small Slimes","floor":4.0,"turns":4.0},{"damage":24.0,"enemies":"3 Sentries","floor":7.0,"turns":10.0},{"damage":0.0,"enemies":"Blue Slaver","floor":8.0,"turns":3.0},{"damage":1.0,"enemies":"The Mushroom Lair","floor":11.0,"turns":6.0},{"damage":10.0,"enemies":"Gremlin Nob","floor":12.0,"turns":4.0},{"damage":1.0,"enemies":"Lagavulin","floor":14.0,"turns":6.0},{"damage":0.0,"enemies":"Hexaghost","floor":16.0,"turns":15.0},{"damage":0.0,"enemies":"Shell Parasite","floor":18.0,"turns":5.0},{"damage":0.0,"enemies":"Chosen","floor":19.0,"turns":4.0},{"damage":0.0,"enemies":"Snake Plant","floor":20.0,"turns":4.0},{"damage":13.0,"enemies":"Gremlin Leader","floor":24.0,"turns":10.0},{"damage":1.0,"enemies":"Centurion and Healer","floor":27.0,"turns":6.0},{"damage":0.0,"enemies":"Chosen and Byrds","floor":29.0,"turns":4.0},{"damage":14.0,"enemies":"Collector","floor":33.0,"turns":13.0},{"damage":2.0,"enemies":"3 Shapes","floor":35.0,"turns":4.0},{"damage":5.0,"enemies":"Mysterious Sphere","floor":37.0,"turns":7.0},{"damage":0.0,"enemies":"Orb Walker","floor":39.0,"turns":3.0},{"damage":2.0,"enemies":"Sphere and 2 Shapes","floor":41.0,"turns":4.0},{"damage":0.0,"enemies":"3 Darklings","floor":42.0,"turns":6.0},{"damage":20.0,"enemies":"Giant Head","floor":45.0,"turns":10.0},{"damage":0.0,"enemies":"Maw","floor":47.0,"turns":10.0},{"damage":72,"enemies":"Time Eater","floor":50,"turns":24}],"event_choices":[{"event_name":"The Cleric","player_choice":"Leave","floor":2.0,"damage_taken":0.0},{"event_name":"Mushrooms","player_choice":"Fought Mushrooms","floor":11.0,"damage_taken":0.0},{"event_name":"Living Wall","player_choice":"Forget","floor":13.0,"damage_taken":0.0},{"event_name":"Vampires","player_choice":"Became a vampire","floor":21.0,"damage_taken":0.0},{"event_name":"Addict","player_choice":"Ignored","floor":31.0,"damage_taken":0.0},{"event_name":"Tomb of Lord Red Mask","player_choice":"Ignored","floor":36.0,"damage_taken":0.0},{"event_name":"Mysterious Sphere","player_choice":"Fight","floor":37.0,"damage_taken":0.0}],"boss_relics":[],"potions_floor_spawned":[1,4,12,14,16,18,19,33,37,41,45],"seed_played":"5726214329001339897","ascension_level":0,"is_trial":false}