{"path_per_floor":["M","?","M","?","?","R","E","R","T","M","M","E","?","M","R","B",null,"M","?","M","M","M","E","M","?","T","R","M","M","R","$","R","B",null,"M","$","?","M","M","R","?","R","T","M","?","M","R","M","R","B"],"character_chosen":"THE_SILENT","items_purchased":["Backflip","Caltrops","Anchor"],"gold_per_floor":[17,17,35,35,35,35,70,70,96,108,127,160,185,203,203,304,304,320,245,258,272,288,316,333,333,333,333,347,367,367,11,11,113,113,133,33,0,17,34,34,84,84,108,120,120,140,140,155,155,155],"floor_reached":51,"campfire_rested":1,"playtime":2743,"current_hp_per_floor":[70,70,70,70,70,70,49,49,49,49,49,46,39,37,37,28,70,70,70,70,68,68,68,68,68,68,68,65,61,61,61,61,61,70,70,70,70,70,70,70,70,70,70,55,55,55,55,55,72,46],"items_purged":["Defend_G","Defend_G"],"gold":155,"score":781,"play_id":"afd4de6f-70ea-4645-8ff4-070848a45949","local_time":"20180329074828","is_prod":false,"is_daily":false,"is_ascension_mode":false,"campfire_upgraded":9,"timestamp":1522302508,"path_taken":["M","?","M","?","?","R","E","R","T","M","?","E","?","?","R","BOSS","M","?","M","?","?","E","M","?","T","R","?","M","R","?","R","BOSS","M","$","?","M","M","R","?","R","T","M","?","?","R","M","R","BOSS"],"build_version":"2018-03-22v2","purchased_purges":2,"victory":true,"master_deck":["Defend_G+1","Defend_G","Survivor+1","Bouncing Flask+1","Malaise+1","Noxious Fumes+1","Burst+1","Catalyst+1","Flechettes+1","After Image","Footwork+1","Tools of the Trade+1","PiercingWail","Concentrate","Dodge and Roll+1","Blur+1","Backflip+1","Caltrops+1","After Image","Leg Sweep+1","Backstab+1","Catalyst+1"],"max_hp_per_floor":[70,70,70,70,70,70,70,70,70,70,70,70,70,70,70,70,70,70,70,70,70,70,70,70,70,70,70,70,70,70,70,70,70,70,70,70,70,70,70,70,70,70,70,72,72,72,72,72,72,72],"relics":["Ring of the Snake","Regal Pillow","War Paint","Ice Cream","Odd Mushroom","Astrolabe","Thread and Needle","Unceasing Top","Anchor","The Specimen","Red Mask","Girya","Singing Bowl"],"card_choices":[{"not_picked":["Sucker Punch","Eviscerate"],"picked":"Bouncing Flask","floor":3.0},{"not_picked":["Poisoned Stab","Masterful Stab"],"picked":"Malaise","floor":7.0},{"not_picked":["Poisoned Stab","Deflect"],"picked":"Noxious Fumes","floor":11.0},{"not_picked":["Underhanded Strike","Bane"],"picked":"Burst","floor":12.0},{"not_picked":["Underhanded Strike","Quick Slash"],"picked":"Catalyst","floor":13.0},{"not_picked":["Dagger Spray","Prepared"],"picked":"Flechettes","floor":14.0},{"not_picked":["A Thousand Cuts","Grand Finale"],"picked":"After Image","floor":16.0},{"not_picked":["Quick Slash","Outmaneuver"],"picked":"PiercingWail","floor":18.0},{"not_picked":["Dagger Throw","Deadly Poison"],"picked":"Concentrate","floor":21.0},{"not_picked":["Dagger Throw","Prepared"],"picked":"Dodge and Roll","floor":28.0},{"not_picked":["Underhanded Strike","Grand Finale"],"picked":"Blur","floor":29.0},{"not_picked":["Bullet Time","Envenom"],"picked":"After Image","floor":33.0},{"not_picked":["Distraction","Slice"],"picked":"Leg Sweep","floor":35.0},{"not_picked":["Acrobatics","Dodge and Roll"],"picked":"Backstab","floor":46},{"not_picked":["Expertise","Predator"],"picked":"Catalyst","floor":48}],"player_experience":1623740,"potions_floor_usage":[39,41,50,50],"damage_taken":[{"damage":0.0,"enemies":"Jaw Worm","floor":1.0,"turns":5.0},{"damage":0.0,"enemies":"2 Louse","floor":3.0,"turns":3.0},{"damage":21.0,"enemies":"Gremlin Nob","floor":7.0,"turns":6.0},{"damage":0.0,"enemies":"Small Slimes","floor":10.0,"turns":3.0},{"damage":0.0,"enemies":"Red Slaver","floor":11.0,"turns":4.0},{"damage":3.0,"enemies":"Lagavulin","floor":12.0,"turns":5.0},{"damage":7.0,"enemies":"The Mushroom Lair","floor":13.0,"turns":6.0},{"damage":2.0,"enemies":"Blue Slaver","floor":14.0,"turns":5.0},{"damage":9.0,"enemies":"The Guardian","floor":16.0,"turns":7.0},{"damage":0.0,"enemies":"2 Thieves","floor":18.0,"turns":3.0},{"damage":0.0,"enemies":"3 Byrds","floor":20.0,"turns":6.0},{"damage":2.0,"enemies":"Snecko","floor":21.0,"turns":4.0},{"damage":0.0,"enemies":"Snake Plant","floor":22.0,"turns":6.0},{"damage":0.0,"enemies":"Gremlin Leader","floor":23.0,"turns":7.0},{"damage":0.0,"enemies":"Centurion and Healer","floor":24.0,"turns":7.0},{"damage":3.0,"enemies":"3 Cultists","floor":28.0,"turns":5.0},{"damage":4.0,"enemies":"Snake Plant","floor":29.0,"turns":2.0},{"damage":0.0,"enemies":"Champ","floor":33.0,"turns":6.0},{"damage":0.0,"enemies":"3 Shapes","floor":35.0,"turns":6.0},{"damage":0,"enemies":"Orb Walker","floor":38,"turns":4},{"damage":0,"enemies":"4 Shapes","floor":39,"turns":6},{"damage":0,"enemies":"Mysterious Sphere","floor":41,"turns":7},{"damage":17,"enemies":"Sphere and 2 Shapes","floor":44,"turns":6},{"damage":0,"enemies":"Maw","floor":46,"turns":4},{"damage":0,"enemies":"3 Darklings","floor":48,"turns":5},{"damage":26,"enemies":"Donu and Deca","floor":50,"turns":8}],"event_choices":[{"event_name":"Living Wall","player_choice":"Grow","floor":2.0,"damage_taken":0.0},{"event_name":"The Cleric","player_choice":"Leave","floor":4.0,"damage_taken":0.0},{"event_name":"Bonfire Elementals","player_choice":"BASIC","floor":5.0,"damage_taken":0.0},{"event_name":"Mushrooms","player_choice":"Fought Mushrooms","floor":13.0,"damage_taken":0.0},{"event_name":"Beggar","player_choice":"Gave Gold","floor":19.0,"damage_taken":0.0},{"event_name":"Drug Dealer","player_choice":"Ignored","floor":25.0,"damage_taken":0.0},{"event_name":"Tomb of Lord Red Mask","player_choice":"Paid","floor":37.0,"damage_taken":0.0},{"event_name":"Mysterious Sphere","player_choice":"Fight","floor":41,"damage_taken":0}],"boss_relics":[],"potions_floor_spawned":[1,10,14,16,18,22,24,29,38,39],"seed_played":"-8315199347949262968","ascension_level":0,"is_trial":false}