{"path_per_floor":["M","M","$","M","?","R","E","M","T","?","M","R","M","M","R","B",null,"M","M","M","M","M","R","E","R","T","$","R","M","M","M","R","B",null,"M","$","M","?","?","E","$","R","T","T","R","?","M","?","R","B"],"character_chosen":"THE_SILENT","items_purchased":["Noxious Fumes","Leg Sweep","Noxious Fumes","Pear","Omamori","Footwork"],"gold_per_floor":[119,129,18,33,133,133,161,175,253,253,272,272,285,302,302,404,404,420,437,450,461,479,479,514,514,537,148,148,159,178,195,195,295,295,311,65,80,80,80,111,32,32,32,78,78,78,89,89,89,89],"floor_reached":51,"campfire_rested":1,"playtime":2172,"current_hp_per_floor":[70,70,70,70,70,70,69,69,69,69,69,69,69,69,69,58,70,70,63,61,55,57,57,40,40,46,56,56,52,37,37,62,44,86,86,86,80,80,80,69,69,69,69,69,69,69,69,92,92,35],"items_purged":["Decay","Strike_G"],"gold":89,"score":726,"play_id":"8916f7e4-3ae9-4115-b884-13ae039585c0","local_time":"20180331131503","is_prod":false,"is_daily":false,"is_ascension_mode":false,"campfire_upgraded":9,"timestamp":1522494903,"path_taken":["M","M","$","M","?","R","E","M","T","?","M","R","M","M","R","BOSS","M","M","M","M","M","R","E","R","T","$","R","M","M","M","R","BOSS","M","$","M","?","?","E","$","R","T","?","R","?","M","?","R","BOSS"],"build_version":"2018-03-29v2","purchased_purges":3,"victory":true,"master_deck":["Defend_G","Defend_G","Defend_G","Defend_G","Strike_G","Strike_G","Strike_G","Survivor+1","Neutralize+1","Bane+1","Dagger Spray+1","Dash+1","Noxious Fumes+1","Leg Sweep+1","Cloak And Dagger+1","Terror+1","Venomology+1","Tools of the Trade+1","Bane+1","Noxious Fumes+1","Venomology","Cloak And Dagger+1","Escape Plan+1","Footwork+1","Backflip+1","Writhe"],"max_hp_per_floor":[70,70,70,70,70,70,70,70,70,70,70,70,70,70,70,70,70,70,70,70,70,70,70,70,70,76,86,86,86,86,86,86,86,86,86,86,86,86,86,86,86,86,86,86,86,86,86,92,92,92],"relics":["Ring of the Snake","Frozen Egg 2","Darkstone Periapt","Cursed Key","Centennial Puzzle","Juzu Bracelet","Pear","Philosopher\u0027s Stone","Omamori","Snake Skull","Blue Candle","Bag of Preparation"],"card_choices":[{"not_picked":["Outmaneuver","Eviscerate"],"picked":"Dagger Spray","floor":1.0},{"not_picked":["Setup","Deflect"],"picked":"Dash","floor":2.0},{"not_picked":["Grand Finale","Prepared"],"picked":"Cloak And Dagger","floor":4.0},{"not_picked":["Bouncing Flask","Deadly Poison"],"picked":"Terror","floor":7.0},{"not_picked":["Burst","Die Die Die"],"picked":"Venomology","floor":16.0},{"not_picked":["Quick Slash","Endless Agony"],"picked":"Tools of the Trade","floor":21.0},{"not_picked":["Distraction","Underhanded Strike"],"picked":"Bane","floor":22.0},{"not_picked":["Die Die Die","Wraith Form"],"picked":"Venomology","floor":33},{"not_picked":["Dagger Spray","Dagger Throw"],"picked":"Cloak And Dagger","floor":37},{"not_picked":["Bouncing Flask","Malaise"],"picked":"Escape Plan","floor":40},{"not_picked":["Distraction","Predator"],"picked":"Backflip","floor":47}],"player_experience":1634469,"potions_floor_usage":[33,35,35,37,37,40,47,50,50,50,50],"damage_taken":[{"damage":0.0,"enemies":"2 Louse","floor":1.0,"turns":3.0},{"damage":0.0,"enemies":"Cultist","floor":2.0,"turns":3.0},{"damage":0.0,"enemies":"Small Slimes","floor":4.0,"turns":3.0},{"damage":1.0,"enemies":"3 Sentries","floor":7.0,"turns":9.0},{"damage":0.0,"enemies":"Exordium Thugs","floor":8.0,"turns":4.0},{"damage":0.0,"enemies":"Lots of Slimes","floor":11.0,"turns":1.0},{"damage":0.0,"enemies":"Large Slime","floor":13.0,"turns":7.0},{"damage":0.0,"enemies":"Blue Slaver","floor":14.0,"turns":3.0},{"damage":11.0,"enemies":"Hexaghost","floor":16.0,"turns":9.0},{"damage":0.0,"enemies":"Chosen","floor":18.0,"turns":3.0},{"damage":7.0,"enemies":"2 Thieves","floor":19.0,"turns":4.0},{"damage":2.0,"enemies":"Chosen and Byrds","floor":20.0,"turns":5.0},{"damage":6.0,"enemies":"Snecko","floor":21.0,"turns":7.0},{"damage":13.0,"enemies":"Centurion and Healer","floor":22.0,"turns":7.0},{"damage":17.0,"enemies":"Gremlin Leader","floor":24.0,"turns":6.0},{"damage":4.0,"enemies":"Cultist and Chosen","floor":29.0,"turns":6.0},{"damage":15.0,"enemies":"Slaver and Parasite","floor":30.0,"turns":5.0},{"damage":0.0,"enemies":"Centurion and Healer","floor":31.0,"turns":4.0},{"damage":18,"enemies":"Automaton","floor":33,"turns":11},{"damage":0,"enemies":"3 Shapes","floor":35,"turns":5},{"damage":6,"enemies":"3 Darklings","floor":37,"turns":4},{"damage":11,"enemies":"Nemesis","floor":40,"turns":7},{"damage":0,"enemies":"4 Shapes","floor":47,"turns":2},{"damage":57,"enemies":"Awakened One","floor":50,"turns":11}],"event_choices":[{"event_name":"Golden Shrine","player_choice":"Pray","floor":5.0,"damage_taken":0.0},{"event_name":"Upgrade Shrine","player_choice":"Upgraded","floor":10.0,"damage_taken":0.0},{"event_name":"Tomb of Lord Red Mask","player_choice":"Ignored","floor":38,"damage_taken":0},{"event_name":"Mysterious Sphere","player_choice":"Ignore","floor":46,"damage_taken":0},{"event_name":"Winding Halls","player_choice":"Writhe","floor":48,"damage_taken":0}],"boss_relics":[{"not_picked":["Pandora\u0027s Box","Orrery"],"picked":"Philosopher\u0027s Stone"}],"potions_floor_spawned":[2,7,8,11,14,20,21,22,30,35,40,47],"seed_played":"-3269548139439321936","ascension_level":0,"is_trial":false}