{"path_per_floor":["M","$","?","?","M","R","M","R","T","R","?","M","$","?","R","B",null,"M","?","M","?","M","E","R","E","T","R","?","R","$","M","R","B",null,"M","M","?","M","M","R","M","R","T","M","R","?","$","M","R","B"],"character_chosen":"THE_SILENT","items_purchased":["Well Laid Plans","Lantern","Shuriken","Madness","Secret Weapon"],"gold_per_floor":[114,1,1,1,21,21,33,33,33,33,33,53,53,128,128,254,254,269,269,283,283,297,333,333,371,371,371,371,371,121,142,142,270,270,291,304,637,657,675,675,685,685,685,698,698,698,47,67,67,67],"floor_reached":51,"campfire_rested":1,"playtime":2657,"current_hp_per_floor":[70,70,70,63,63,63,63,63,63,63,46,46,46,35,35,11,70,45,45,45,45,45,27,27,27,27,27,27,50,50,30,30,37,77,67,67,67,77,76,76,76,76,76,76,76,66,66,77,77,63],"items_purged":["Reflex","Defend_G","Prepared"],"gold":67,"score":726,"play_id":"da5f0295-9e9f-4c85-8fb2-2727795397e5","local_time":"20180405194219","is_prod":false,"is_daily":false,"is_ascension_mode":false,"campfire_upgraded":11,"timestamp":1522950139,"path_taken":["M","$","?","?","?","R","M","R","T","R","?","M","?","?","R","BOSS","M","?","M","?","M","E","R","E","T","R","?","R","$","M","R","BOSS","M","?","?","M","M","R","M","R","T","M","R","?","$","M","R","BOSS"],"build_version":"2018-03-29v2","purchased_purges":3,"victory":true,"master_deck":["Survivor","Neutralize+1","Well Laid Plans+1","Dash+1","Doppelganger+1","Backflip+1","Glass Knife+1","Dagger Throw+1","Bullet Time+1","Backflip","Backflip","Backstab","Venomology+1","Neutralize","Terror+1","A Thousand Cuts+1","Predator","Poisoned Stab","Heel Hook","Bouncing Flask","Backflip","Crippling Poison","Dodge and Roll","Footwork+1","Madness","Madness","Madness","Secret Weapon+1"],"max_hp_per_floor":[70,70,70,70,70,70,70,70,70,70,70,70,70,70,70,70,70,70,70,70,70,70,77,77,77,77,77,77,77,77,77,77,77,77,77,77,77,77,77,77,77,77,77,77,77,77,77,77,77,77],"relics":["Ring of the Snake","Blue Candle","Dead Branch","Lizard Tail","Strawberry","Bottled Flame","Ancient Tea Set","Lantern","Pandora\u0027s Box","Vajra","Shuriken"],"card_choices":[{"not_picked":["Dagger Spray","Expertise"],"picked":"Dash","floor":5.0},{"not_picked":["PiercingWail","Slice"],"picked":"Doppelganger","floor":7.0},{"not_picked":["Bane","Setup"],"picked":"Backflip","floor":12.0},{"not_picked":["Die Die Die","Envenom"],"picked":"Glass Knife","floor":16.0},{"not_picked":["Predator","Flying Knee"],"picked":"Dagger Throw","floor":18.0},{"not_picked":["Underhanded Strike","Slice"],"picked":"Bullet Time","floor":22.0},{"not_picked":["Prepared","PiercingWail"],"picked":"Backflip","floor":23.0},{"not_picked":["Deadly Poison","Corpse Explosion"],"picked":"Backflip","floor":25.0},{"not_picked":["Quick Slash","Slice"],"picked":"Terror","floor":31.0},{"not_picked":["Glass Knife","Adrenaline"],"picked":"A Thousand Cuts","floor":33.0},{"not_picked":["PiercingWail","Bane"],"picked":"Footwork","floor":35}],"player_experience":1666193,"potions_floor_usage":[38,39,39,41,44,48,48,50,50,50,50],"damage_taken":[{"damage":0.0,"enemies":"2 Louse","floor":1.0,"turns":4.0},{"damage":0.0,"enemies":"Small Slimes","floor":5.0,"turns":4.0},{"damage":0.0,"enemies":"Jaw Worm","floor":7.0,"turns":3.0},{"damage":0.0,"enemies":"3 Louse","floor":12.0,"turns":3.0},{"damage":24.0,"enemies":"Slime Boss","floor":16.0,"turns":12.0},{"damage":25.0,"enemies":"Spheric Guardian","floor":18.0,"turns":6.0},{"damage":0.0,"enemies":"Shell Parasite","floor":20.0,"turns":5.0},{"damage":0.0,"enemies":"Cultist and Chosen","floor":22.0,"turns":7.0},{"damage":25.0,"enemies":"Gremlin Leader","floor":23.0,"turns":10.0},{"damage":0.0,"enemies":"Book of Stabbing","floor":25.0,"turns":6.0},{"damage":20.0,"enemies":"Sentry and Sphere","floor":31.0,"turns":6.0},{"damage":8.0,"enemies":"Collector","floor":33.0,"turns":11.0},{"damage":10,"enemies":"3 Darklings","floor":35,"turns":5},{"damage":0,"enemies":"Orb Walker","floor":36,"turns":4},{"damage":0,"enemies":"Maw","floor":38,"turns":7},{"damage":1,"enemies":"3 Darklings","floor":39,"turns":6},{"damage":0,"enemies":"Sphere and 2 Shapes","floor":41,"turns":3},{"damage":0,"enemies":"4 Shapes","floor":44,"turns":5},{"damage":0,"enemies":"Maw","floor":48,"turns":5},{"damage":14,"enemies":"Awakened One","floor":50,"turns":9}],"event_choices":[{"event_name":"The Cleric","player_choice":"Leave","floor":3.0,"damage_taken":0.0},{"event_name":"Scrap Ooze","player_choice":"success","floor":4.0,"damage_taken":7.0},{"event_name":"Golden Idol","player_choice":"Take Damage","floor":11.0,"damage_taken":0.0},{"event_name":"World of Goop","player_choice":"Gather Gold","floor":14.0,"damage_taken":0.0},{"event_name":"Drug Dealer","player_choice":"Ignored","floor":19.0,"damage_taken":0.0},{"event_name":"Ghosts","player_choice":"Ignored","floor":21.0,"damage_taken":0.0},{"event_name":"Match and Keep!","player_choice":"3 cards matched","floor":28.0,"damage_taken":0.0},{"event_name":"The Moai Head","player_choice":"Gave Idol","floor":37,"damage_taken":0},{"event_name":"Winding Halls","player_choice":"Embrace Madness","floor":46,"damage_taken":0}],"boss_relics":[],"potions_floor_spawned":[1,7,12,18,20,23,31,33,38,39,41,48],"seed_played":"888386375307334244","ascension_level":0,"is_trial":false}