{"path_per_floor":["M","M","M","M","M","R","M","R","T","E","R","M","E","?","R","B",null,"M","?","?","?","M","R","E","R","T","R","E","M","M","$","R","B",null,"M","M","T","T","M","R","?","R","T","M","M","M","$","M","R","B"],"character_chosen":"THE_SILENT","items_purchased":["Master of Strategy","Mercury Hourglass","Noxious Fumes","Adrenaline","Strength Potion","Terror","Dark Shackles"],"gold_per_floor":[111,130,150,169,188,188,203,203,258,292,292,304,332,355,355,460,460,480,480,395,395,415,415,478,478,531,531,566,576,591,73,73,177,177,190,208,508,508,527,527,527,527,527,545,555,568,103,118,118,118],"floor_reached":51,"campfire_rested":1,"playtime":2660,"current_hp_per_floor":[70,70,65,64,64,64,62,62,62,55,55,53,43,43,43,42,70,70,70,70,70,69,69,59,59,59,59,52,54,54,54,54,38,74,76,73,73,73,72,72,72,72,72,70,72,68,68,70,84,66],"items_purged":["Grand Finale","Pain"],"gold":118,"score":726,"play_id":"54a7c963-22cd-483c-84c4-a247f58ae5e4","local_time":"20180330094233","is_prod":false,"is_daily":false,"is_ascension_mode":false,"campfire_upgraded":10,"timestamp":1522395753,"path_taken":["M","M","M","M","M","R","M","R","T","E","R","M","E","?","R","BOSS","M","?","?","?","M","R","E","R","T","R","E","M","M","$","R","BOSS","M","M","?","?","M","R","?","R","T","M","M","?","$","M","R","BOSS"],"build_version":"2018-03-29","purchased_purges":2,"victory":true,"master_deck":["Defend_G","Defend_G","Defend_G","Defend_G","Defend_G+1","Strike_G","Strike_G","Strike_G","Strike_G","Survivor+1","Neutralize+1","Backflip+1","Cloak And Dagger+1","Noxious Fumes+1","Well Laid Plans+1","Slice","A Thousand Cuts+1","Cloak And Dagger+1","PiercingWail+1","Burst+1","Leg Sweep+1","Malaise+1","Master of Strategy","Noxious Fumes+1","Injury","Decay","Dodge and Roll+1","Noxious Fumes","Adrenaline","Terror","Dark Shackles"],"max_hp_per_floor":[70,70,70,70,70,70,70,70,70,70,70,70,70,70,70,70,70,70,70,70,70,70,70,70,70,70,70,70,72,72,72,72,74,74,76,76,76,76,78,78,78,78,78,78,80,82,82,84,84,84],"relics":["Ring of the Snake","Anchor","Toolbox","Bag of Preparation","Odd Mushroom","Runic Dome","Matryoshka","Tiny Chest","Singing Bowl","Happy Flower","Unceasing Top","Mercury Hourglass","Cursed Key","Pen Nib","Old Coin","Art of War","Calipers"],"card_choices":[{"not_picked":["Deadly Poison","Prepared"],"picked":"Backflip","floor":1},{"not_picked":["Skewer","PiercingWail"],"picked":"Cloak And Dagger","floor":4},{"not_picked":["Flying Knee","Dodge and Roll"],"picked":"Noxious Fumes","floor":7},{"not_picked":["Dodge and Roll","Quick Slash"],"picked":"Well Laid Plans","floor":10},{"not_picked":["Bane","Heel Hook"],"picked":"Slice","floor":13},{"not_picked":["Burst","Doppelganger"],"picked":"A Thousand Cuts","floor":16},{"not_picked":["Quick Slash","Deflect"],"picked":"Cloak And Dagger","floor":18},{"not_picked":["Deflect","Dagger Throw"],"picked":"PiercingWail","floor":22},{"not_picked":["Poisoned Stab","Concentrate"],"picked":"Burst","floor":24},{"not_picked":["PiercingWail","Underhanded Strike"],"picked":"Leg Sweep","floor":28},{"not_picked":["Dagger Throw","Underhanded Strike"],"picked":"Malaise","floor":30},{"not_picked":["Dagger Spray","Underhanded Strike"],"picked":"Noxious Fumes","floor":36},{"not_picked":["Bullet Time","Crippling Poison"],"picked":"Dodge and Roll","floor":44}],"player_experience":1628175,"potions_floor_usage":[4,16,24,28,50,50,50],"damage_taken":[{"damage":0,"enemies":"2 Louse","floor":1,"turns":2},{"damage":0,"enemies":"Jaw Worm","floor":2,"turns":4},{"damage":5,"enemies":"Small Slimes","floor":3,"turns":4},{"damage":1,"enemies":"Blue Slaver","floor":4,"turns":7},{"damage":0,"enemies":"Exordium Wildlife","floor":5,"turns":2},{"damage":2,"enemies":"Looter","floor":7,"turns":4},{"damage":7,"enemies":"Lagavulin","floor":10,"turns":10},{"damage":2,"enemies":"3 Louse","floor":12,"turns":3},{"damage":10,"enemies":"Gremlin Nob","floor":13,"turns":4},{"damage":0,"enemies":"The Mushroom Lair","floor":14,"turns":4},{"damage":1,"enemies":"Slime Boss","floor":16,"turns":7},{"damage":0,"enemies":"3 Byrds","floor":18,"turns":5},{"damage":1,"enemies":"Shell Parasite","floor":22,"turns":5},{"damage":10,"enemies":"Gremlin Leader","floor":24,"turns":6},{"damage":11,"enemies":"Book of Stabbing","floor":28,"turns":6},{"damage":0,"enemies":"Centurion and Healer","floor":29,"turns":5},{"damage":0,"enemies":"Cultist and Chosen","floor":30,"turns":5},{"damage":18,"enemies":"Champ","floor":33,"turns":14},{"damage":0,"enemies":"3 Darklings","floor":35,"turns":4},{"damage":3,"enemies":"Orb Walker","floor":36,"turns":5},{"damage":3,"enemies":"3 Darklings","floor":39,"turns":3},{"damage":2,"enemies":"Maw","floor":44,"turns":9},{"damage":0,"enemies":"4 Shapes","floor":45,"turns":4},{"damage":6,"enemies":"Sphere and 2 Shapes","floor":46,"turns":4},{"damage":0,"enemies":"Maw","floor":48,"turns":6},{"damage":33,"enemies":"Time Eater","floor":50,"turns":12}],"event_choices":[{"event_name":"Mushrooms","player_choice":"Fought Mushrooms","floor":14,"damage_taken":0},{"event_name":"Vampires","player_choice":"Ignored","floor":19,"damage_taken":0},{"event_name":"Addict","player_choice":"Obtained Relic","floor":20,"damage_taken":0},{"event_name":"Ghosts","player_choice":"Ignored","floor":21,"damage_taken":0},{"event_name":"Mysterious Sphere","player_choice":"Ignore","floor":41,"damage_taken":0}],"boss_relics":[{"not_picked":["Orrery","Philosopher\u0027s Stone"],"picked":"Runic Dome"},{"not_picked":["Snecko Eye","Lizard Tail"],"picked":"Cursed Key"}],"potions_floor_spawned":[2,3,5,7,13,14,28,35,36,45],"seed_played":"-490954098785444948","ascension_level":0,"is_trial":false}