{"path_per_floor":["M","M","$","M","M","E","?","R","T","M","$","E","R","?","R","B",null,"M","M","M","M","?","R","E","R","T","M","$","E","R","M","R","B",null,"M","M","$","M","M","R","?","?","T","M","?","?","T","M","R","B"],"character_chosen":"THE_SILENT","items_purchased":["Footwork","Bag of Preparation","Vajra","Panache","Snake Skull","Noxious Fumes"],"gold_per_floor":[366,376,223,239,254,286,346,346,371,388,186,211,211,211,211,316,316,332,344,363,376,376,376,405,405,452,462,49,83,83,103,103,202,202,216,227,4,18,34,34,34,0,0,11,11,59,59,76,76,76],"floor_reached":51,"campfire_rested":1,"playtime":2722,"current_hp_per_floor":[70,70,70,70,64,53,44,44,44,38,38,36,36,36,36,11,70,70,70,67,64,64,64,64,64,64,56,56,56,56,57,57,53,72,73,75,75,77,78,78,68,68,68,70,70,54,54,54,82,62],"items_purged":["Strike_G","Strike_G","Heel Hook"],"gold":76,"score":749,"play_id":"7784509e-661a-43c8-9bf8-30ac5992ccc2","local_time":"20180327194735","is_prod":false,"is_daily":false,"is_ascension_mode":false,"campfire_upgraded":8,"timestamp":1522172855,"path_taken":["M","?","$","M","M","E","?","R","T","M","$","E","R","?","R","BOSS","M","M","M","M","?","R","E","R","T","M","$","E","R","M","R","BOSS","M","M","$","M","M","R","?","?","T","?","?","?","?","M","R","BOSS"],"build_version":"2018-03-22v2","purchased_purges":3,"victory":true,"master_deck":["Defend_G+1","Defend_G+1","Defend_G+1","Defend_G+1","Defend_G+1","Survivor","Neutralize+1","Clumsy","Footwork+1","Predator+1","Sucker Punch","Infinite Blades","Phantasmal Killer+1","Malaise+1","A Thousand Cuts+1","Storm of Steel+1","Burst+1","Dagger Spray+1","PiercingWail+1","Cloak And Dagger+1","Panache+1","Escape Plan+1","Envenom+1","Noxious Fumes","Madness","Madness","Cloak And Dagger+1","Acrobatics+1"],"max_hp_per_floor":[70,70,70,70,70,70,70,70,70,70,70,70,70,70,70,70,70,70,70,70,70,70,70,70,70,70,70,70,70,70,72,72,72,72,74,76,76,78,80,80,80,80,80,82,82,82,82,82,82,82],"relics":["Ring of the Snake","Smiling Mask","Oddly Smooth Stone","Orichalcum","Bag of Preparation","Ninja Scroll","Astrolabe","Art of War","Regal Pillow","Vajra","Singing Bowl","Sozu","Snake Skull","Red Mask","Ginger","Shovel","Anchor"],"card_choices":[{"not_picked":["Heel Hook","Deflect"],"picked":"Backflip","floor":1.0},{"not_picked":["Poisoned Stab","Flechettes"],"picked":"Predator","floor":4.0},{"not_picked":["Prepared","Accuracy"],"picked":"Sucker Punch","floor":5.0},{"not_picked":["Deflect","Concentrate"],"picked":"Infinite Blades","floor":6.0},{"not_picked":["PiercingWail","Quick Slash"],"picked":"Phantasmal Killer","floor":7.0},{"not_picked":["Endless Agony","Poisoned Stab"],"picked":"Malaise","floor":10.0},{"not_picked":["Venomology","Unload"],"picked":"A Thousand Cuts","floor":16.0},{"not_picked":["Masterful Stab","All Out Attack"],"picked":"Dagger Spray","floor":18.0},{"not_picked":["Quick Slash","Distraction"],"picked":"PiercingWail","floor":19.0},{"not_picked":["Escape Plan","Underhanded Strike"],"picked":"Cloak And Dagger","floor":24},{"not_picked":["PiercingWail","Leg Sweep"],"picked":"Escape Plan","floor":29},{"not_picked":["Glass Knife","Burst"],"picked":"Envenom","floor":33},{"not_picked":["Well Laid Plans","Prepared"],"picked":"Cloak And Dagger","floor":46},{"not_picked":["Concentrate","Sucker Punch"],"picked":"Acrobatics","floor":48}],"player_experience":1612093,"potions_floor_usage":[27,38,50,50],"damage_taken":[{"damage":0.0,"enemies":"Cultist","floor":1.0,"turns":4.0},{"damage":0.0,"enemies":"Jaw Worm","floor":2.0,"turns":6.0},{"damage":0.0,"enemies":"2 Louse","floor":4.0,"turns":6.0},{"damage":6.0,"enemies":"2 Fungi Beasts","floor":5.0,"turns":5.0},{"damage":11.0,"enemies":"Lagavulin","floor":6.0,"turns":10.0},{"damage":9.0,"enemies":"Lagavulin Event","floor":7.0,"turns":8.0},{"damage":6.0,"enemies":"Gremlin Gang","floor":10.0,"turns":7.0},{"damage":2.0,"enemies":"3 Sentries","floor":12.0,"turns":11.0},{"damage":25.0,"enemies":"Slime Boss","floor":16.0,"turns":17.0},{"damage":0.0,"enemies":"3 Byrds","floor":18.0,"turns":6.0},{"damage":0.0,"enemies":"Spheric Guardian","floor":19.0,"turns":2.0},{"damage":3,"enemies":"Snake Plant","floor":20,"turns":7},{"damage":3,"enemies":"Centurion and Healer","floor":21,"turns":7},{"damage":0,"enemies":"Book of Stabbing","floor":24,"turns":9},{"damage":8,"enemies":"Cultist and Chosen","floor":27,"turns":5},{"damage":0,"enemies":"Gremlin Leader","floor":29,"turns":9},{"damage":1,"enemies":"Slaver and Parasite","floor":31,"turns":8},{"damage":4,"enemies":"Champ","floor":33,"turns":12},{"damage":1,"enemies":"Orb Walker","floor":35,"turns":3},{"damage":0,"enemies":"3 Shapes","floor":36,"turns":2},{"damage":0,"enemies":"Sphere and 2 Shapes","floor":38,"turns":2},{"damage":1,"enemies":"Maw","floor":39,"turns":6},{"damage":0,"enemies":"3 Darklings","floor":44,"turns":2},{"damage":16,"enemies":"Mysterious Sphere","floor":46,"turns":6},{"damage":0,"enemies":"4 Shapes","floor":48,"turns":4},{"damage":20,"enemies":"Donu and Deca","floor":50,"turns":9}],"event_choices":[{"event_name":"Dead Adventurer","player_choice":"Searched \u00272\u0027 times","floor":7.0,"damage_taken":0.0},{"event_name":"Living Wall","player_choice":"Grow","floor":14.0,"damage_taken":0.0},{"event_name":"Back to Basics","player_choice":"Simplicity","floor":22,"damage_taken":0},{"event_name":"Winding Halls","player_choice":"Embrace Madness","floor":41,"damage_taken":0},{"event_name":"Tomb of Lord Red Mask","player_choice":"Paid","floor":42,"damage_taken":0},{"event_name":"Mysterious Sphere","player_choice":"Fight","floor":46,"damage_taken":0}],"boss_relics":[{"not_picked":["The Specimen","Tiny House"],"picked":"Sozu"}],"potions_floor_spawned":[1,4,6,10,18,21,29,31,35,44,46],"seed_played":"7836391651422823020","ascension_level":0,"is_trial":false}