{"path_per_floor":["M","?","$","?","?","R","$","R","T","R","M","?","T","?","R","B",null,"M","$","M","?","?","R","?","R","T","M","E","R","M","?","R","B",null,"M","?","?","?","$","R","?","R","T","$","R","?","?","M","R","B"],"character_chosen":"THE_SILENT","items_purchased":["Caltrops","Predator","Backflip","Juzu Bracelet","Footwork","Letter Opener","Pen Nib"],"gold_per_floor":[361,361,322,322,322,322,11,11,35,35,58,133,133,133,133,253,253,272,172,197,197,197,197,197,197,220,235,266,266,280,195,195,326,326,347,347,680,680,555,555,555,555,607,134,134,134,134,148,148,148],"floor_reached":51,"campfire_rested":2,"playtime":1580,"current_hp_per_floor":[62,62,62,47,47,47,47,47,47,47,47,36,36,36,36,16,63,63,63,63,63,63,63,63,63,63,63,44,62,61,61,61,49,63,63,63,63,63,63,63,63,63,63,63,63,63,55,55,55,62],"items_purged":["Strike_G","Strike_G","Defend_G"],"gold":148,"score":691,"play_id":"e8b85f39-65b1-449f-b289-fc38563c660d","local_time":"20180326084329","is_prod":false,"is_daily":false,"is_ascension_mode":false,"campfire_upgraded":10,"timestamp":1522046609,"path_taken":["M","?","?","?","?","R","$","R","T","R","M","?","?","?","R","BOSS","M","$","M","?","?","R","?","R","T","M","E","R","M","?","R","BOSS","M","?","?","?","$","R","?","R","T","$","R","?","?","M","R","BOSS"],"build_version":"2018-03-22v2","purchased_purges":3,"victory":true,"master_deck":["Defend_G+1","Survivor+1","Neutralize+1","Caltrops+1","Dash+1","Caltrops+1","Predator+1","Backflip+1","Backflip+1","Bullet Time+1","Crippling Poison+1","Malaise+1","Footwork+1","Madness+1","Madness"],"max_hp_per_floor":[63,63,63,63,63,63,63,63,63,63,63,63,63,63,63,63,63,63,63,63,63,63,63,63,63,63,63,63,63,63,63,63,63,63,63,63,63,63,63,63,63,63,63,63,63,63,63,63,63,63],"relics":["Ring of the Snake","Juzu Bracelet","Bag of Preparation","Torii","Sozu","Happy Flower","Prayer Wheel","Pantograph","Astrolabe","Omamori","Letter Opener","Pen Nib"],"card_choices":[{"not_picked":["Poisoned Stab","All Out Attack"],"picked":"Caltrops","floor":1},{"not_picked":["Sucker Punch","Flying Knee"],"picked":"Backflip","floor":20},{"not_picked":["Envenom","Burst"],"picked":"Bullet Time","floor":33}],"player_experience":1601270,"potions_floor_usage":[16],"damage_taken":[{"damage":1,"enemies":"Jaw Worm","floor":1,"turns":6},{"damage":0,"enemies":"Cultist","floor":11,"turns":3},{"damage":35,"enemies":"Slime Boss","floor":16,"turns":13},{"damage":0,"enemies":"Shell Parasite","floor":18,"turns":5},{"damage":0,"enemies":"Chosen","floor":20,"turns":6},{"damage":0,"enemies":"Snake Plant","floor":27,"turns":3},{"damage":19,"enemies":"Slavers","floor":28,"turns":6},{"damage":1,"enemies":"Snecko","floor":30,"turns":4},{"damage":14,"enemies":"Automaton","floor":33,"turns":14},{"damage":0,"enemies":"Orb Walker","floor":35,"turns":3},{"damage":0,"enemies":"3 Darklings","floor":48,"turns":2},{"damage":1,"enemies":"Time Eater","floor":50,"turns":10}],"event_choices":[{"event_name":"Transmorgrifier","player_choice":"Transform","floor":2,"damage_taken":0},{"event_name":"Golden Idol","player_choice":"Take Damage","floor":4,"damage_taken":0},{"event_name":"Purifier","player_choice":"One Purge","floor":5,"damage_taken":0},{"event_name":"World of Goop","player_choice":"Gather Gold","floor":12,"damage_taken":0},{"event_name":"Liars Game","player_choice":"disagreed","floor":14,"damage_taken":0},{"event_name":"The Woman in Blue","player_choice":"Bought 0 Potions","floor":21,"damage_taken":0},{"event_name":"Drug Dealer","player_choice":"Ignored","floor":22,"damage_taken":0},{"event_name":"Upgrade Shrine","player_choice":"Upgraded","floor":24,"damage_taken":0},{"event_name":"Addict","player_choice":"Obtained Relic","floor":31,"damage_taken":0},{"event_name":"Mysterious Sphere","player_choice":"Ignore","floor":36,"damage_taken":0},{"event_name":"The Moai Head","player_choice":"Gave Idol","floor":37,"damage_taken":0},{"event_name":"Bonfire Elementals","player_choice":"BASIC","floor":41,"damage_taken":0},{"event_name":"Upgrade Shrine","player_choice":"Skipped","floor":46,"damage_taken":0},{"event_name":"Winding Halls","player_choice":"Embrace Madness","floor":47,"damage_taken":0}],"boss_relics":[{"not_picked":["Eternal Feather","Runic Pyramid"],"picked":"Sozu"},{"not_picked":["The Specimen","Pandora\u0027s Box"],"picked":"Astrolabe"}],"potions_floor_spawned":[1,27,30,35,48],"seed_played":"967079952716125045","ascension_level":0,"is_trial":false}