{"path_per_floor":["M","$","?","M","M","R","E","R","T","M","M","?","R","?","R","B",null,"M","?","M","M","$","E","R","T","T","R","M","M","E","M","R","B",null,"M","$","M","?","M","?","?","R","T","R","?","M","R","M","R","B"],"character_chosen":"THE_SILENT","items_purchased":["Well Laid Plans","Anchor","Finesse","Regen Potion","Infinite Blades"],"gold_per_floor":[117,42,42,56,68,68,101,101,172,187,201,201,201,259,259,359,389,404,404,417,432,144,172,172,172,172,172,184,202,229,241,241,338,338,354,3,18,18,31,31,31,31,31,31,31,48,48,62,62,62],"floor_reached":51,"campfire_rested":1,"playtime":2205,"current_hp_per_floor":[76,76,69,69,69,69,69,69,69,69,69,69,69,68,68,52,82,74,74,65,50,50,50,50,50,50,50,50,45,45,45,45,45,82,78,78,78,68,68,68,68,68,68,68,58,64,64,56,80,75],"items_purged":["Strike_G","Strike_G","Pain"],"gold":62,"score":812,"play_id":"cf8a2886-dbd8-42e0-bd3f-52e359f05751","local_time":"20180404121659","is_prod":false,"is_daily":false,"is_ascension_mode":false,"campfire_upgraded":9,"timestamp":1522837019,"path_taken":["M","$","?","M","M","R","E","R","T","M","M","?","R","?","R","BOSS","M","?","M","?","$","E","R","?","T","R","M","M","E","M","R","BOSS","M","$","M","?","M","?","?","R","T","R","?","M","R","M","R","BOSS"],"build_version":"2018-03-29v2","purchased_purges":3,"victory":true,"master_deck":["Defend_G","Defend_G","Defend_G","Defend_G","Strike_G+1","Survivor","Neutralize+1","Cloak And Dagger+1","Cloak And Dagger+1","Dash+1","Envenom+1","Slice+1","Neutralize+1","Slice","A Thousand Cuts+1","Backflip","Footwork+1","Footwork","Well Laid Plans+1","Burst+1","Backflip+1","Finesse","Infinite Blades","Panache","Flash of Steel","Secret Technique","Escape Plan+1","Madness","Madness"],"max_hp_per_floor":[77,77,77,77,77,77,77,77,77,77,77,77,77,77,77,77,82,82,82,82,82,82,82,82,82,82,82,82,82,82,82,82,82,82,82,82,82,82,82,82,82,82,82,82,82,82,82,82,82,82],"relics":["Ring of the Snake","Centennial Puzzle","Shuriken","Omamori","Tiny House","Anchor","Ornamental Fan","Juzu Bracelet","Sundial","Prayer Wheel","Calling Bell","Ancient Tea Set","Du-Vu Doll","Peace Pipe","Whetstone"],"card_choices":[{"not_picked":["Outmaneuver","Backstab"],"picked":"Cloak And Dagger","floor":1.0},{"not_picked":["Catalyst","Dodge and Roll"],"picked":"Cloak And Dagger","floor":4.0},{"not_picked":["Distraction","Bouncing Flask"],"picked":"Dash","floor":5.0},{"not_picked":["Catalyst","Cloak And Dagger"],"picked":"Envenom","floor":7.0},{"not_picked":["Dagger Spray","Distraction"],"picked":"Slice","floor":11.0},{"not_picked":["Poisoned Stab","Dagger Throw"],"picked":"Slice","floor":14.0},{"not_picked":["Phantasmal Killer","Glass Knife"],"picked":"A Thousand Cuts","floor":16.0},{"not_picked":["Prepared","Slice"],"picked":"Backflip","floor":17.0},{"not_picked":["Accuracy","Infinite Blades"],"picked":"Footwork","floor":20.0},{"not_picked":["Acrobatics","Underhanded Strike"],"picked":"Footwork","floor":21.0},{"not_picked":["Tools of the Trade","Die Die Die"],"picked":"Burst","floor":33},{"not_picked":["Dagger Throw","Endless Agony"],"picked":"Backflip","floor":35},{"not_picked":["Transmutation","Sadistic Nature"],"picked":"Panache","floor":38},{"not_picked":["Bandage Up","Mind Blast"],"picked":"Flash of Steel","floor":38},{"not_picked":["Blind","Transmutation"],"picked":"Secret Technique","floor":38},{"not_picked":["Accuracy","Setup"],"picked":"Escape Plan","floor":39}],"player_experience":1657795,"potions_floor_usage":[30,31,37,46,50],"damage_taken":[{"damage":1.0,"enemies":"Jaw Worm","floor":1.0,"turns":5.0},{"damage":0.0,"enemies":"2 Louse","floor":4.0,"turns":3.0},{"damage":0.0,"enemies":"Small Slimes","floor":5.0,"turns":3.0},{"damage":0.0,"enemies":"3 Sentries","floor":7.0,"turns":10.0},{"damage":0.0,"enemies":"Exordium Thugs","floor":10.0,"turns":4.0},{"damage":0.0,"enemies":"Large Slime","floor":11.0,"turns":5.0},{"damage":1.0,"enemies":"Lagavulin Event","floor":14.0,"turns":5.0},{"damage":16.0,"enemies":"Slime Boss","floor":16.0,"turns":7.0},{"damage":8.0,"enemies":"Shell Parasite","floor":18.0,"turns":4.0},{"damage":9.0,"enemies":"2 Thieves","floor":20.0,"turns":4.0},{"damage":15.0,"enemies":"3 Cultists","floor":21.0,"turns":5.0},{"damage":0.0,"enemies":"Gremlin Leader","floor":23.0,"turns":8.0},{"damage":0.0,"enemies":"Chosen and Byrds","floor":28.0,"turns":5.0},{"damage":5,"enemies":"Snecko","floor":29,"turns":7},{"damage":0,"enemies":"Book of Stabbing","floor":30,"turns":6},{"damage":0,"enemies":"3 Cultists","floor":31,"turns":6},{"damage":0,"enemies":"Collector","floor":33,"turns":8},{"damage":4,"enemies":"3 Darklings","floor":35,"turns":6},{"damage":0,"enemies":"3 Shapes","floor":37,"turns":4},{"damage":0,"enemies":"Sphere and 2 Shapes","floor":39,"turns":4},{"damage":0,"enemies":"3 Darklings","floor":46,"turns":3},{"damage":8,"enemies":"Maw","floor":48,"turns":5},{"damage":5,"enemies":"Donu and Deca","floor":50,"turns":6}],"event_choices":[{"event_name":"Golden Wing","player_choice":"Card Removal","floor":3.0,"damage_taken":0.0},{"event_name":"Match and Keep!","player_choice":"1 cards matched","floor":12.0,"damage_taken":0.0},{"event_name":"Dead Adventurer","player_choice":"Searched \u00272\u0027 times","floor":14.0,"damage_taken":0.0},{"event_name":"Vampires","player_choice":"Ignored","floor":19.0,"damage_taken":0.0},{"event_name":"SensoryStone","player_choice":"Memory 3","floor":38,"damage_taken":0},{"event_name":"Mysterious Sphere","player_choice":"Ignore","floor":41,"damage_taken":0},{"event_name":"Winding Halls","player_choice":"Embrace Madness","floor":45,"damage_taken":0}],"boss_relics":[{"not_picked":["Pandora\u0027s Box","Lizard Tail"],"picked":"Calling Bell"}],"potions_floor_spawned":[4,10,16,18,21,30,33,35,37,39],"seed_played":"-5244049326341623056","ascension_level":0,"is_trial":false}