{"path_per_floor":["M","M","?","T","M","E","M","R","T","M","R","?","R","M","R","B",null,"M","?","T","M","M","R","E","R","T","R","$","?","M","E","R","B",null,"M","M","$","M","M","R","M","M","T","?","?","$","M","$","R","B"],"character_chosen":"THE_SILENT","items_purchased":["Caltrops","Tingsha","Ninja Scroll"],"gold_per_floor":[119,133,133,133,151,185,197,197,197,216,216,246,246,256,256,353,353,363,463,463,481,501,501,534,534,534,534,188,188,199,234,234,329,329,339,356,276,291,307,307,326,340,420,420,420,115,132,12,12,12],"floor_reached":51,"campfire_rested":1,"playtime":2025,"current_hp_per_floor":[72,72,57,57,57,40,40,40,40,40,40,33,33,30,30,18,77,75,75,75,75,68,68,51,51,51,51,51,51,51,57,57,50,77,70,70,70,70,69,69,68,67,67,67,67,67,66,66,77,28],"items_purged":["Strike_G","Strike_G","Strike_G","Defend_G"],"gold":12,"score":714,"play_id":"1df82677-d1ae-460b-8ed0-0e7be00bdb81","local_time":"20180327013147","is_prod":false,"is_daily":false,"is_ascension_mode":false,"campfire_upgraded":9,"timestamp":1522107107,"path_taken":["M","M","?","?","?","E","?","R","T","?","R","?","R","M","R","BOSS","M","?","?","M","M","R","E","R","T","R","$","?","M","E","R","BOSS","M","M","$","M","M","R","M","M","T","?","?","?","M","$","R","BOSS"],"build_version":"2018-03-22v2","purchased_purges":5,"victory":true,"master_deck":["Defend_G","Defend_G","Defend_G","Strike_G+1","Strike_G+1","Survivor","Neutralize+1","Skewer+1","Dagger Throw+1","Slice","Terror+1","Noxious Fumes+1","PiercingWail","Phantasmal Killer+1","Dagger Throw+1","Decay","Dash+1","Reflex+1","Malaise+1","Clumsy","Caltrops+1","Noxious Fumes+1","All Out Attack+1","Bane+1","After Image","Acrobatics+1","Predator+1","Backflip+1","Injury","Blade Dance+1"],"max_hp_per_floor":[77,77,77,77,77,77,77,77,77,77,77,77,77,77,77,77,77,77,77,77,77,77,77,77,77,77,77,77,77,77,77,77,77,77,77,77,77,77,77,77,77,77,77,77,77,77,77,77,77,77],"relics":["Ring of the Snake","Du-Vu Doll","Mercury Hourglass","The Courier","Odd Mushroom","Cursed Key","Unceasing Top","Art of War","Torii","Tingsha","Sozu","Shuriken","Ninja Scroll"],"card_choices":[{"not_picked":["Poisoned Stab","Underhanded Strike"],"picked":"Skewer","floor":1.0},{"not_picked":["Outmaneuver","Dagger Spray"],"picked":"Dagger Throw","floor":5.0},{"not_picked":["Prepared","Reflex"],"picked":"Slice","floor":6.0},{"not_picked":["Outmaneuver","PiercingWail"],"picked":"Terror","floor":7.0},{"not_picked":["Terror","Catalyst"],"picked":"Noxious Fumes","floor":10.0},{"not_picked":["Prepared","Dagger Spray"],"picked":"PiercingWail","floor":12.0},{"not_picked":["Tactician","Burst"],"picked":"Phantasmal Killer","floor":16.0},{"not_picked":["Slice","Deflect"],"picked":"Dagger Throw","floor":18.0},{"not_picked":["Prepared","Crippling Poison"],"picked":"Dash","floor":21.0},{"not_picked":["Blade Dance","Bane"],"picked":"Reflex","floor":22.0},{"not_picked":["Caltrops","Slice"],"picked":"Malaise","floor":24.0},{"not_picked":["Endless Agony","Deflect"],"picked":"All Out Attack","floor":30.0},{"not_picked":["Slice","Predator"],"picked":"Bane","floor":31.0},{"not_picked":["Night Terror","Grand Finale"],"picked":"After Image","floor":33.0},{"not_picked":["Eviscerate","Deflect"],"picked":"Acrobatics","floor":36.0},{"not_picked":["Deadly Poison","All Out Attack"],"picked":"Predator","floor":41.0},{"not_picked":["Underhanded Strike","Acrobatics"],"picked":"Backflip","floor":42.0},{"not_picked":["Underhanded Strike","Flying Knee"],"picked":"Blade Dance","floor":47.0}],"player_experience":1610068,"potions_floor_usage":[50,50],"damage_taken":[{"damage":5.0,"enemies":"Small Slimes","floor":1.0,"turns":4.0},{"damage":0.0,"enemies":"Jaw Worm","floor":2.0,"turns":4.0},{"damage":0.0,"enemies":"Cultist","floor":5.0,"turns":3.0},{"damage":17.0,"enemies":"3 Sentries","floor":6.0,"turns":9.0},{"damage":0.0,"enemies":"Gremlin Gang","floor":7.0,"turns":3.0},{"damage":0.0,"enemies":"Looter","floor":10.0,"turns":2.0},{"damage":7.0,"enemies":"The Mushroom Lair","floor":12.0,"turns":3.0},{"damage":3.0,"enemies":"Exordium Wildlife","floor":14.0,"turns":3.0},{"damage":12.0,"enemies":"Hexaghost","floor":16.0,"turns":8.0},{"damage":2.0,"enemies":"Shell Parasite","floor":18.0,"turns":5.0},{"damage":0.0,"enemies":"Spheric Guardian","floor":21.0,"turns":2.0},{"damage":7.0,"enemies":"Centurion and Healer","floor":22.0,"turns":4.0},{"damage":17.0,"enemies":"Gremlin Leader","floor":24.0,"turns":5.0},{"damage":0.0,"enemies":"Snecko","floor":30.0,"turns":3.0},{"damage":0.0,"enemies":"Book of Stabbing","floor":31.0,"turns":3.0},{"damage":7.0,"enemies":"Automaton","floor":33.0,"turns":6.0},{"damage":7.0,"enemies":"3 Darklings","floor":35.0,"turns":3.0},{"damage":0.0,"enemies":"Orb Walker","floor":36.0,"turns":2.0},{"damage":0.0,"enemies":"Maw","floor":38.0,"turns":6.0},{"damage":1.0,"enemies":"3 Darklings","floor":39.0,"turns":5.0},{"damage":1.0,"enemies":"Sphere and 2 Shapes","floor":41.0,"turns":4.0},{"damage":1.0,"enemies":"4 Shapes","floor":42.0,"turns":4.0},{"damage":1.0,"enemies":"3 Darklings","floor":47.0,"turns":3.0},{"damage":49,"enemies":"Awakened One","floor":50,"turns":9}],"event_choices":[{"event_name":"Shining Light","player_choice":"Entered Light","floor":3.0,"damage_taken":0.0},{"event_name":"Mushrooms","player_choice":"Fought Mushrooms","floor":12.0,"damage_taken":0.0},{"event_name":"Golden Shrine","player_choice":"Pray","floor":19.0,"damage_taken":0.0},{"event_name":"Duplicator","player_choice":"One dupe","floor":29.0,"damage_taken":0.0},{"event_name":"Tomb of Lord Red Mask","player_choice":"Ignored","floor":44.0,"damage_taken":0.0}],"boss_relics":[],"potions_floor_spawned":[6,10,14,16,21,30,31,38,41,47],"seed_played":"-6573101549568973818","ascension_level":0,"is_trial":false}