{"path_per_floor":["M","?","M","$","M","R","M","E","T","R","M","M","M","M","R","B",null,"M","$","M","?","M","R","E","R","T","?","?","$","M","E","R","B",null,"M","?","?","?","$","R","M","?","T","?","M","R","M","M","R","B"],"character_chosen":"THE_SILENT","items_purchased":["Cloak And Dagger","War Paint","Footwork"],"gold_per_floor":[116,291,311,35,46,46,60,92,116,116,130,141,158,174,174,273,273,283,111,127,127,147,147,180,180,207,207,122,122,132,164,164,262,262,272,272,272,272,147,147,157,157,157,157,167,167,179,198,198,198],"floor_reached":51,"campfire_rested":1,"playtime":2388,"current_hp_per_floor":[70,70,69,69,69,69,69,61,61,61,57,57,57,57,57,56,70,70,70,70,70,55,55,67,67,67,67,67,67,66,66,66,56,70,60,60,51,51,51,51,51,51,51,41,43,64,67,66,66,55],"items_purged":["Doubt","Strike_G","Strike_G"],"gold":198,"score":714,"play_id":"40d1388b-1389-43d8-9d1f-1f696314a7a0","local_time":"20180410102312","is_prod":false,"is_daily":false,"is_ascension_mode":false,"campfire_upgraded":5,"timestamp":1523348592,"path_taken":["M","?","M","$","M","R","M","E","T","R","M","M","M","M","R","BOSS","M","$","M","?","M","R","E","R","T","?","?","$","?","E","R","BOSS","M","?","?","?","$","R","M","?","T","?","M","R","?","M","R","BOSS"],"build_version":"2018-04-05v2","purchased_purges":4,"victory":true,"master_deck":["Defend_G","Defend_G+1","Defend_G","Defend_G+1","Defend_G","Strike_G","Survivor","Neutralize+1","Backstab","Well Laid Plans+1","Cloak And Dagger","Sucker Punch","Backstab","Deadly Poison+1","Deadly Poison","Die Die Die","Deflect+1","Footwork+1","Poisoned Stab+1","After Image","Blur+1","Prepared+1","Blur","Madness","Madness","Panache","Panacea","Bandage Up","Catalyst+1"],"max_hp_per_floor":[70,70,70,70,70,70,70,70,70,70,70,70,70,70,70,70,70,70,70,70,70,70,70,70,70,70,70,70,70,70,70,70,70,70,70,70,70,70,70,70,70,70,70,70,70,70,70,70,70,70],"relics":["Ring of the Snake","War Paint","Anchor","Snake Skull","White Beast Statue","Shovel","Pen Nib","Happy Flower","The Specimen","Letter Opener","Philosopher\u0027s Stone","Lantern","Bottled Tornado"],"card_choices":[{"not_picked":["PiercingWail","Quick Slash"],"picked":"Backstab","floor":1.0},{"not_picked":["Underhanded Strike","Infinite Blades"],"picked":"Well Laid Plans","floor":3.0},{"not_picked":["Eviscerate","Outmaneuver"],"picked":"Sucker Punch","floor":5.0},{"not_picked":["Dagger Throw","Reflex"],"picked":"Backstab","floor":7.0},{"not_picked":["Catalyst","Dagger Spray"],"picked":"Deadly Poison","floor":11.0},{"not_picked":["Crippling Poison","Quick Slash"],"picked":"Deadly Poison","floor":14.0},{"not_picked":["Wraith Form","A Thousand Cuts"],"picked":"Die Die Die","floor":16.0},{"not_picked":["Flying Knee","Calculated Gamble"],"picked":"Deflect","floor":18},{"not_picked":["Outmaneuver","Blur"],"picked":"Poisoned Stab","floor":20},{"not_picked":["Bane","Quick Slash"],"picked":"Blur","floor":24},{"not_picked":["Setup","Cloak And Dagger"],"picked":"Prepared","floor":30},{"not_picked":["Outmaneuver","Finisher"],"picked":"Blur","floor":35},{"not_picked":["Madness","Bandage Up"],"picked":"Panache","floor":44},{"not_picked":["Apotheosis","Secret Weapon"],"picked":"Panacea","floor":44},{"not_picked":["Mind Blast","Deep Breath"],"picked":"Bandage Up","floor":44},{"not_picked":["Quick Slash","Caltrops"],"picked":"Catalyst","floor":47}],"player_experience":1712364,"potions_floor_usage":[18,20,24,24,31,33,45,47,48,50,50,50],"damage_taken":[{"damage":0.0,"enemies":"2 Louse","floor":1.0,"turns":4.0},{"damage":1.0,"enemies":"Jaw Worm","floor":3.0,"turns":4.0},{"damage":0.0,"enemies":"Cultist","floor":5.0,"turns":5.0},{"damage":0.0,"enemies":"Red Slaver","floor":7.0,"turns":5.0},{"damage":8.0,"enemies":"Gremlin Nob","floor":8.0,"turns":4.0},{"damage":4.0,"enemies":"Large Slime","floor":11.0,"turns":5.0},{"damage":0.0,"enemies":"3 Louse","floor":12.0,"turns":2.0},{"damage":0.0,"enemies":"Looter","floor":13.0,"turns":2.0},{"damage":0.0,"enemies":"Large Slime","floor":14.0,"turns":6.0},{"damage":1.0,"enemies":"The Guardian","floor":16.0,"turns":9.0},{"damage":0,"enemies":"Spheric Guardian","floor":18,"turns":1},{"damage":0,"enemies":"Shell Parasite","floor":20,"turns":5},{"damage":15,"enemies":"Snake Plant","floor":22,"turns":4},{"damage":3,"enemies":"Slavers","floor":24,"turns":8},{"damage":1,"enemies":"Slaver and Parasite","floor":30,"turns":9},{"damage":0,"enemies":"Gremlin Leader","floor":31,"turns":6},{"damage":10,"enemies":"Automaton","floor":33,"turns":14},{"damage":10,"enemies":"3 Darklings","floor":35,"turns":6},{"damage":0,"enemies":"3 Shapes","floor":41,"turns":6},{"damage":2,"enemies":"Maw","floor":45,"turns":8},{"damage":1,"enemies":"3 Darklings","floor":47,"turns":4},{"damage":5,"enemies":"Sphere and 2 Shapes","floor":48,"turns":7},{"damage":15,"enemies":"Time Eater","floor":50,"turns":16}],"event_choices":[{"event_name":"Liars Game","player_choice":"agreed","floor":2.0,"damage_taken":0.0},{"event_name":"Match and Keep!","player_choice":"1 cards matched","floor":21,"damage_taken":0},{"event_name":"The Mausoleum","player_choice":"No","floor":27,"damage_taken":0},{"event_name":"Addict","player_choice":"Obtained Relic","floor":28,"damage_taken":0},{"event_name":"Winding Halls","player_choice":"Embrace Madness","floor":37,"damage_taken":0},{"event_name":"Tomb of Lord Red Mask","player_choice":"Ignored","floor":38,"damage_taken":0},{"event_name":"Mysterious Sphere","player_choice":"Ignore","floor":42,"damage_taken":0},{"event_name":"SensoryStone","player_choice":"Memory 3","floor":44,"damage_taken":0}],"boss_relics":[{"not_picked":["Black Star","Runic Pyramid"],"picked":"Philosopher\u0027s Stone"}],"potions_floor_spawned":[3,8,12,13,18,20,22,24,30,31,33,35,41,45,47,48],"seed_played":"7743758007094458572","ascension_level":0,"is_trial":false}