{"path_per_floor":["M","M","$","?","M","E","R","E","T","E","?","M","R","E","R","B",null,"M","?","M","?","M","R","?","R","T","?","E","R","E","M","R","B",null,"M","?","M","?","T","R","M","E","T","R","M","M","R","$","R","B"],"character_chosen":"THE_SILENT","items_purchased":["Backstab","Footwork"],"gold_per_floor":[114,132,20,20,36,68,68,100,123,150,150,169,169,203,203,305,305,305,305,305,305,305,305,230,230,230,230,230,230,230,230,230,230,230,230,230,230,230,230,230,230,230,230,230,230,230,230,50,50,50],"floor_reached":51,"campfire_rested":2,"playtime":9442,"current_hp_per_floor":[69,69,69,69,69,65,65,59,59,53,53,53,53,53,53,46,70,70,70,70,70,62,62,62,62,62,49,47,47,47,47,69,42,75,75,75,75,75,75,75,75,63,63,63,63,63,63,63,75,67],"items_purged":["Strike_G","Strike_G"],"gold":50,"score":767,"play_id":"fafc1f36-fcb6-4176-bbcd-62a184d89a06","local_time":"20180406180752","is_prod":false,"is_daily":false,"is_ascension_mode":false,"campfire_upgraded":9,"timestamp":1523030872,"path_taken":["M","M","$","?","M","E","R","E","T","E","?","M","R","E","R","BOSS","M","?","?","?","M","R","?","R","T","?","E","R","E","M","R","BOSS","M","?","M","?","?","R","M","E","T","R","?","M","R","$","R","BOSS"],"build_version":"2018-04-05v2","purchased_purges":2,"victory":true,"master_deck":["Defend_G+1","Defend_G","Defend_G","Defend_G","Survivor+1","Neutralize+1","Leg Sweep+1","Predator+1","Backstab","Backstab","Predator+1","Backstab","Outmaneuver+1","Footwork+1","Choke+1","Terror+1","Prepared+1","Adrenaline","Master of Strategy","Backflip+1","Backstab+1","Dash+1","Caltrops+1","Footwork"],"max_hp_per_floor":[70,70,70,70,70,70,70,70,70,70,70,70,70,70,70,70,70,70,70,70,70,70,70,70,70,70,75,75,75,75,75,75,75,75,75,75,75,75,75,75,75,75,75,75,75,75,75,75,75,75],"relics":["Ring of the Snake","Lantern","Mercury Hourglass","Dream Catcher","Pen Nib","Art of War","Oddly Smooth Stone","Ectoplasm","Dodecahedron","Tiny Chest","Sundial","Runic Pyramid","Omamori","Meat on the Bone","Orichalcum"],"card_choices":[{"not_picked":["Setup","Dodge and Roll"],"picked":"Leg Sweep","floor":1},{"not_picked":["Underhanded Strike","Deadly Poison"],"picked":"Predator","floor":2},{"not_picked":["Expertise","Leg Sweep"],"picked":"Backstab","floor":6},{"not_picked":["Calculated Gamble","Leg Sweep"],"picked":"Predator","floor":8},{"not_picked":["Deadly Poison","Dagger Throw"],"picked":"Backstab","floor":10},{"not_picked":["Sucker Punch","Poisoned Stab"],"picked":"Outmaneuver","floor":12},{"not_picked":["Blade Dance","Deflect"],"picked":"Footwork","floor":18},{"not_picked":["Dagger Spray","All Out Attack"],"picked":"Terror","floor":20},{"not_picked":["Cloak And Dagger","Outmaneuver"],"picked":"Prepared","floor":28},{"not_picked":["Die Die Die","Burst"],"picked":"Adrenaline","floor":33},{"not_picked":["Bandage Up","Flash of Steel"],"picked":"Master of Strategy","floor":36},{"not_picked":["Deflect","Poisoned Stab"],"picked":"Backflip","floor":37},{"not_picked":["Expertise","Tactician"],"picked":"Backstab","floor":42},{"not_picked":["Catalyst","Prepared"],"picked":"Dash","floor":45},{"not_picked":["Dagger Throw","Deflect"],"picked":"Caltrops","floor":46}],"player_experience":1668850,"potions_floor_usage":[6,10,10,28,28,30,50,50],"damage_taken":[{"damage":1,"enemies":"2 Louse","floor":1,"turns":3},{"damage":0,"enemies":"Cultist","floor":2,"turns":4},{"damage":0,"enemies":"Small Slimes","floor":5,"turns":2},{"damage":4,"enemies":"Gremlin Nob","floor":6,"turns":3},{"damage":6,"enemies":"3 Sentries","floor":8,"turns":5},{"damage":6,"enemies":"Lagavulin","floor":10,"turns":4},{"damage":0,"enemies":"2 Fungi Beasts","floor":12,"turns":1},{"damage":0,"enemies":"Gremlin Nob","floor":14,"turns":2},{"damage":7,"enemies":"Hexaghost","floor":16,"turns":8},{"damage":0,"enemies":"Spheric Guardian","floor":18,"turns":1},{"damage":0,"enemies":"Shell Parasite","floor":20,"turns":4},{"damage":8,"enemies":"Centurion and Healer","floor":22,"turns":3},{"damage":2,"enemies":"Book of Stabbing","floor":28,"turns":3},{"damage":0,"enemies":"Slavers","floor":30,"turns":4},{"damage":0,"enemies":"Cultist and Chosen","floor":31,"turns":3},{"damage":27,"enemies":"Champ","floor":33,"turns":9},{"damage":0,"enemies":"3 Shapes","floor":35,"turns":3},{"damage":0,"enemies":"3 Darklings","floor":37,"turns":4},{"damage":0,"enemies":"Maw","floor":41,"turns":5},{"damage":12,"enemies":"2 Orb Walkers","floor":42,"turns":4},{"damage":0,"enemies":"4 Shapes","floor":45,"turns":5},{"damage":0,"enemies":"3 Darklings","floor":46,"turns":3},{"damage":8,"enemies":"Time Eater","floor":50,"turns":10}],"event_choices":[{"event_name":"Bonfire Elementals","player_choice":"BASIC","floor":4,"damage_taken":0},{"event_name":"Living Wall","player_choice":"Forget","floor":11,"damage_taken":0},{"event_name":"Transmorgrifier","player_choice":"Transform","floor":19,"damage_taken":0},{"event_name":"Vampires","player_choice":"Ignored","floor":21,"damage_taken":0},{"event_name":"Beggar","player_choice":"Gave Gold","floor":24,"damage_taken":0},{"event_name":"Forgotten Altar","player_choice":"Shed Blood","floor":27,"damage_taken":0},{"event_name":"SensoryStone","player_choice":"Memory 1","floor":36,"damage_taken":0},{"event_name":"Tomb of Lord Red Mask","player_choice":"Ignored","floor":38,"damage_taken":0}],"boss_relics":[{"not_picked":["Runic Dome","Lizard Tail"],"picked":"Ectoplasm"},{"not_picked":["Calling Bell","Black Star"],"picked":"Runic Pyramid"}],"potions_floor_spawned":[1,5,8,12,16,20,22,28,37,41,42,45],"seed_played":"5313684345428058584","ascension_level":0,"is_trial":false}