{"path_per_floor":["M","?","M","M","M","E","R","M","T","?","R","$","M","M","R","B",null,"M","M","$","M","?","E","M","R","T","R","E","R","M","$","R","B",null,"M","M","?","?","M","R","M","E","T","R","M","R","?","?","R","B"],"character_chosen":"THE_SILENT","items_purchased":["Calculated Gamble","Acrobatics"],"gold_per_floor":[118,68,79,94,114,145,145,160,160,335,335,171,184,198,198,298,298,283,283,183,183,183,183,183,183,183,183,183,183,183,58,58,58,58,58,58,58,58,58,58,58,58,58,58,58,58,58,58,58,58],"floor_reached":51,"campfire_rested":1,"playtime":1793,"current_hp_per_floor":[70,70,69,67,65,59,59,56,56,56,56,56,53,53,53,24,70,70,66,66,60,60,60,60,60,70,70,70,70,70,70,70,70,80,80,80,80,80,80,80,80,80,80,80,80,80,80,70,80,80],"items_purged":["Doubt","Strike_G","Slice"],"gold":58,"score":919,"play_id":"1ff18809-9e48-44ab-b791-e2dd4f2cc174","local_time":"20180409223720","is_prod":false,"is_daily":false,"is_ascension_mode":false,"campfire_upgraded":10,"timestamp":1523306240,"path_taken":["M","?","M","M","M","E","R","M","T","?","R","$","?","M","R","BOSS","M","M","$","M","?","E","M","R","T","R","E","R","?","?","R","BOSS","M","M","?","?","M","R","M","E","T","R","?","R","?","?","R","BOSS"],"build_version":"2018-04-05v2","purchased_purges":3,"victory":true,"master_deck":["Defend_G+1","Defend_G+1","Defend_G+1","Defend_G+1","Defend_G+1","Strike_G+1","Strike_G+1","Survivor","Neutralize+1","Quick Slash+1","Backflip+1","Flechettes+1","Acrobatics+1","Tactician+1","Calculated Gamble+1","Acrobatics+1","Tactician+1","Well Laid Plans+1","Calculated Gamble+1","Adrenaline","Prepared+1","Backflip+1","Calculated Gamble+1","Madness","Madness"],"max_hp_per_floor":[70,70,70,70,70,70,70,70,70,70,70,70,70,70,70,70,70,70,70,70,70,70,70,70,70,80,80,80,80,80,80,80,80,80,80,80,80,80,80,80,80,80,80,80,80,80,80,80,80,80],"relics":["Ring of the Snake","Centennial Puzzle","Tingsha","Ectoplasm","Letter Opener","Pear","Paper Crane","White Beast Statue","Unceasing Top","Ancient Tea Set","Anchor"],"card_choices":[{"not_picked":["PiercingWail","Underhanded Strike"],"picked":"Quick Slash","floor":1},{"not_picked":["Escape Plan","Die Die Die"],"picked":"Backflip","floor":3},{"not_picked":["Catalyst","Reflex"],"picked":"Flechettes","floor":4},{"not_picked":["Flying Knee","Finisher"],"picked":"Slice","floor":5},{"not_picked":["Bane","Sucker Punch"],"picked":"Acrobatics","floor":6},{"not_picked":["Dagger Spray","Deflect"],"picked":"Tactician","floor":8},{"not_picked":["Bullet Time","Venomology"],"picked":"Tactician","floor":16},{"not_picked":["Acrobatics","All Out Attack"],"picked":"Well Laid Plans","floor":18},{"not_picked":["Malaise","Quick Slash"],"picked":"Calculated Gamble","floor":23},{"not_picked":["Wraith Form","Night Terror"],"picked":"Adrenaline","floor":33},{"not_picked":["Slice","Deflect"],"picked":"Prepared","floor":35},{"not_picked":["Deflect","Dagger Spray"],"picked":"Backflip","floor":36}],"player_experience":1707831,"potions_floor_usage":[6,16,23,50,50,50],"damage_taken":[{"damage":0,"enemies":"Jaw Worm","floor":1,"turns":3},{"damage":1,"enemies":"Small Slimes","floor":3,"turns":3},{"damage":2,"enemies":"2 Louse","floor":4,"turns":3},{"damage":2,"enemies":"2 Fungi Beasts","floor":5,"turns":3},{"damage":6,"enemies":"3 Sentries","floor":6,"turns":7},{"damage":3,"enemies":"Lots of Slimes","floor":8,"turns":4},{"damage":3,"enemies":"Exordium Thugs","floor":13,"turns":4},{"damage":0,"enemies":"3 Louse","floor":14,"turns":1},{"damage":29,"enemies":"Hexaghost","floor":16,"turns":10},{"damage":0,"enemies":"2 Thieves","floor":18,"turns":2},{"damage":4,"enemies":"Chosen","floor":19,"turns":4},{"damage":6,"enemies":"Snecko","floor":21,"turns":3},{"damage":0,"enemies":"Gremlin Leader","floor":23,"turns":5},{"damage":0,"enemies":"Cultist and Chosen","floor":24,"turns":3},{"damage":0,"enemies":"Book of Stabbing","floor":28,"turns":1},{"damage":0,"enemies":"Centurion and Healer","floor":30,"turns":1},{"damage":0,"enemies":"Champ","floor":33,"turns":3},{"damage":0,"enemies":"3 Darklings","floor":35,"turns":2},{"damage":0,"enemies":"3 Shapes","floor":36,"turns":1},{"damage":0,"enemies":"Mysterious Sphere","floor":37,"turns":1},{"damage":0,"enemies":"3 Darklings","floor":39,"turns":1},{"damage":0,"enemies":"4 Shapes","floor":41,"turns":1},{"damage":0,"enemies":"Giant Head","floor":42,"turns":1},{"damage":0,"enemies":"Sphere and 2 Shapes","floor":45,"turns":2},{"damage":0,"enemies":"Donu and Deca","floor":50,"turns":1}],"event_choices":[{"event_name":"The Cleric","player_choice":"Card Removal","floor":2,"damage_taken":0},{"event_name":"Liars Game","player_choice":"agreed","floor":10,"damage_taken":0},{"event_name":"Back to Basics","player_choice":"Simplicity","floor":22,"damage_taken":0},{"event_name":"Mysterious Sphere","player_choice":"Fight","floor":37,"damage_taken":0},{"event_name":"Duplicator","player_choice":"One dupe","floor":38,"damage_taken":0},{"event_name":"Purifier","player_choice":"One Purge","floor":47,"damage_taken":0},{"event_name":"Winding Halls","player_choice":"Embrace Madness","floor":48,"damage_taken":0}],"boss_relics":[{"not_picked":["Astrolabe","Cursed Key"],"picked":"Ectoplasm"},{"not_picked":["Pandora\u0027s Box","Black Star"],"picked":"White Beast Statue"}],"potions_floor_spawned":[5,6,13,14,16,18,19,24,35,36,37,39,41,42,45],"seed_played":"6636323493680723843","ascension_level":0,"is_trial":false}