{"path_per_floor":["M","?","?","$","M","R","E","R","T","M","R","M","$","M","R","B",null,"M","$","M","?","$","E","R","E","T","R","M","?","R","?","R","B",null,"M","M","?","$","M","R","$","R","T","E","R","$","M","?","R","B"],"character_chosen":"THE_SILENT","items_purchased":["Noxious Fumes","Block Potion","Fire Potion"],"gold_per_floor":[19,19,19,19,31,31,65,65,65,78,78,92,17,29,29,134,164,182,82,92,92,19,50,50,83,83,83,101,101,101,101,101,197,197,215,231,231,106,118,118,16,16,16,44,44,44,55,0,0,0],"floor_reached":51,"campfire_rested":3,"playtime":2200,"current_hp_per_floor":[70,70,56,56,55,55,17,38,38,38,38,38,38,38,38,35,75,75,75,75,75,75,62,62,62,62,62,53,53,53,39,63,63,80,80,80,70,70,63,63,63,63,63,43,67,67,75,75,75,79],"items_purged":["Strike_G","Strike_G","Strike_G"],"gold":0,"score":784,"play_id":"9aa62b75-c85c-4a61-9581-52c884354257","local_time":"20180411104938","is_prod":false,"is_daily":false,"is_ascension_mode":false,"campfire_upgraded":4,"timestamp":1523436578,"path_taken":["M","?","?","?","?","R","E","R","T","M","R","M","$","M","R","BOSS","M","$","M","?","$","E","R","E","T","R","M","?","R","?","R","BOSS","M","M","?","$","M","R","$","R","T","E","R","?","M","?","R","BOSS"],"build_version":"2018-04-05v2","purchased_purges":3,"victory":true,"master_deck":["Defend_G","Defend_G","Defend_G+1","Defend_G+1","Defend_G","Survivor","Neutralize+1","Burst+1","Tactician+1","Deadly Poison","Noxious Fumes+1","Adrenaline","Deadly Poison","Blur","After Image","Backflip","PiercingWail+1","Acrobatics+1","Noxious Fumes","Well Laid Plans+1","Crippling Poison","Flechettes+1","Madness","Madness","Backflip"],"max_hp_per_floor":[70,70,70,70,70,70,70,70,70,70,70,70,70,70,70,70,75,75,75,75,75,75,75,75,75,75,75,75,75,75,80,80,80,80,80,80,80,80,80,80,80,80,80,80,80,80,80,80,80,80],"relics":["Ring of the Snake","Paper Crane","Shovel","Unceasing Top","Tiny House","Darkstone Periapt","Girya","Du-Vu Doll","Meat on the Bone","Philosopher\u0027s Stone","Bird Faced Urn","Blue Candle","Tough Bandages","Mummified Hand","Red Mask","Anchor"],"card_choices":[{"not_picked":["Dagger Spray","PiercingWail"],"picked":"Deadly Poison","floor":1.0},{"not_picked":["Bane","Eviscerate"],"picked":"Noxious Fumes","floor":5.0},{"not_picked":["Acrobatics","Reflex"],"picked":"Adrenaline","floor":7.0},{"not_picked":["Skewer","Flying Knee"],"picked":"Deadly Poison","floor":12.0},{"not_picked":["Slice","Riddle With Holes"],"picked":"Blur","floor":14.0},{"not_picked":["Burst","Tools of the Trade"],"picked":"After Image","floor":16.0},{"not_picked":["Acrobatics","Cloak And Dagger"],"picked":"Backflip","floor":17.0},{"not_picked":["Bouncing Flask","Cloak And Dagger"],"picked":"PiercingWail","floor":18.0},{"not_picked":["Cloak And Dagger","Prepared"],"picked":"Acrobatics","floor":20.0},{"not_picked":["Flying Knee","Unload"],"picked":"Well Laid Plans","floor":23.0},{"not_picked":["Sucker Punch","Prepared"],"picked":"Crippling Poison","floor":28.0},{"not_picked":["Cloak And Dagger","Underhanded Strike"],"picked":"Flechettes","floor":36.0},{"not_picked":["Quick Slash","Infinite Blades"],"picked":"Backflip","floor":39}],"player_experience":1722966,"potions_floor_usage":[39,44,44,44],"damage_taken":[{"damage":0.0,"enemies":"Small Slimes","floor":1.0,"turns":5.0},{"damage":1.0,"enemies":"2 Louse","floor":5.0,"turns":3.0},{"damage":38.0,"enemies":"Gremlin Nob","floor":7.0,"turns":6.0},{"damage":0.0,"enemies":"Jaw Worm","floor":10.0,"turns":6.0},{"damage":0.0,"enemies":"Exordium Wildlife","floor":12.0,"turns":5.0},{"damage":0.0,"enemies":"Blue Slaver","floor":14.0,"turns":3.0},{"damage":3.0,"enemies":"Hexaghost","floor":16.0,"turns":8.0},{"damage":0.0,"enemies":"Shell Parasite","floor":18.0,"turns":5.0},{"damage":0.0,"enemies":"2 Thieves","floor":20.0,"turns":5.0},{"damage":28.0,"enemies":"Slavers","floor":23.0,"turns":8.0},{"damage":0.0,"enemies":"Book of Stabbing","floor":25.0,"turns":6.0},{"damage":9.0,"enemies":"Cultist and Chosen","floor":28.0,"turns":8.0},{"damage":0.0,"enemies":"Automaton","floor":33.0,"turns":9.0},{"damage":0.0,"enemies":"Orb Walker","floor":35.0,"turns":5.0},{"damage":0.0,"enemies":"3 Darklings","floor":36.0,"turns":6.0},{"damage":7,"enemies":"4 Shapes","floor":39,"turns":7},{"damage":40,"enemies":"2 Orb Walkers","floor":44,"turns":7},{"damage":0,"enemies":"Maw","floor":47,"turns":7},{"damage":1,"enemies":"Donu and Deca","floor":50,"turns":10}],"event_choices":[{"event_name":"The Cleric","player_choice":"Leave","floor":2.0,"damage_taken":0.0},{"event_name":"Shining Light","player_choice":"Entered Light","floor":3.0,"damage_taken":0.0},{"event_name":"Ghosts","player_choice":"Ignored","floor":21.0,"damage_taken":0.0},{"event_name":"Vampires","player_choice":"Ignored","floor":29.0,"damage_taken":0.0},{"event_name":"Forgotten Altar","player_choice":"Shed Blood","floor":31.0,"damage_taken":0.0},{"event_name":"Winding Halls","player_choice":"Embrace Madness","floor":37.0,"damage_taken":0.0},{"event_name":"Tomb of Lord Red Mask","player_choice":"Paid","floor":48,"damage_taken":0}],"boss_relics":[],"potions_floor_spawned":[12,16,18,20,28,33,39,44],"seed_played":"-2248264742864303507","ascension_level":0,"is_trial":false}