{"path_per_floor":["M","?","?","M","?","R","E","R","T","R","M","M","E","?","R","B",null,"M","$","M","$","M","E","M","R","T","R","E","?","E","M","R","B",null,"M","M","?","M","?","R","M","R","T","M","T","$","M","E","R","B"],"character_chosen":"THE_SILENT","items_purchased":["Snake Skull","Molten Egg 2","Caltrops","Thread and Needle","Prepared"],"gold_per_floor":[116,116,116,133,133,133,459,459,485,485,495,515,542,542,542,640,640,656,173,189,21,36,63,73,73,73,73,99,99,132,143,143,240,240,251,268,268,279,279,279,289,289,315,333,405,17,27,58,58,58],"floor_reached":51,"campfire_rested":1,"playtime":2740,"current_hp_per_floor":[68,65,65,65,70,70,64,64,64,64,64,56,47,47,47,13,79,79,79,81,81,81,69,46,46,60,60,37,69,68,68,68,42,99,101,82,72,72,72,72,55,85,85,87,87,87,89,89,89,106],"items_purged":["Grand Finale","Strike_G","Caltrops"],"gold":58,"score":820,"play_id":"423a7471-4651-45fc-99e9-c7aa05f6877e","local_time":"20180410045946","is_prod":false,"is_daily":false,"is_ascension_mode":false,"campfire_upgraded":6,"timestamp":1523329186,"path_taken":["M","?","?","M","?","R","E","R","T","R","M","M","E","?","R","BOSS","M","$","M","?","M","E","M","R","T","R","E","?","E","M","R","BOSS","M","M","?","M","?","R","M","R","T","M","?","$","M","E","R","BOSS"],"build_version":"2018-04-05v2","purchased_purges":3,"victory":true,"master_deck":["Defend_G","Defend_G","Defend_G","Defend_G","Survivor","Neutralize+1","Dash+1","Flying Knee+1","Backflip+1","Backstab","Tools of the Trade+1","Skewer+1","Noxious Fumes+1","Backflip+1","Predator+1","Flechettes+1","Backstab+1","Noxious Fumes","Secret Technique+1","Madness+1","Madness+1","Malaise+1","Backflip+1","Outmaneuver+1","Malaise+1","Prepared+1","Malaise+1"],"max_hp_per_floor":[70,70,70,70,75,75,77,77,77,77,77,77,79,79,79,79,79,79,79,81,81,81,81,83,83,97,97,97,97,97,97,97,99,99,101,103,103,103,103,103,103,103,103,105,105,105,107,107,107,107],"relics":["Black Star","Singing Bowl","Old Coin","Torii","Anchor","Prayer Wheel","Juzu Bracelet","Astrolabe","Snake Skull","Molten Egg 2","Smiling Mask","Bottled Lightning","Mango","Peace Pipe","Ice Cream","Pantograph","Toxic Egg 2","Lizard Tail","Bronze Scales","Ornamental Fan","Thread and Needle","Lantern","Pen Nib"],"card_choices":[{"not_picked":["Caltrops","Slice"],"picked":"Dash","floor":1},{"not_picked":["PiercingWail","Choke"],"picked":"Flying Knee","floor":4},{"not_picked":["Deflect","Prepared"],"picked":"Backflip","floor":11},{"not_picked":["Masterful Stab","Poisoned Stab"],"picked":"Backstab","floor":12},{"not_picked":["Venomology","Phantasmal Killer"],"picked":"Tools of the Trade","floor":16},{"not_picked":["Dagger Throw","Deflect"],"picked":"Noxious Fumes","floor":18},{"not_picked":["Calculated Gamble","Slice"],"picked":"Backflip","floor":22},{"not_picked":["Bane","Dagger Throw"],"picked":"Predator","floor":23},{"not_picked":["Quick Slash","Leg Sweep"],"picked":"Flechettes","floor":26},{"not_picked":["Blade Dance","Dagger Spray"],"picked":"Backstab","floor":28},{"not_picked":["Deflect","Flying Knee"],"picked":"Noxious Fumes","floor":30},{"not_picked":["Prepared","Dagger Spray"],"picked":"Caltrops","floor":31},{"not_picked":["Bandage Up","Dark Shackles"],"picked":"Secret Technique","floor":37},{"not_picked":["Purity","Mind Blast"],"picked":"Madness","floor":37},{"not_picked":["Blind","Deep Breath"],"picked":"Madness","floor":37},{"not_picked":["Cloak And Dagger","Acrobatics"],"picked":"Malaise","floor":38},{"not_picked":["Deflect","All Out Attack"],"picked":"Backflip","floor":41},{"not_picked":["Underhanded Strike","Bullet Time"],"picked":"Outmaneuver","floor":43},{"not_picked":["Footwork","Deadly Poison"],"picked":"Malaise","floor":45},{"not_picked":["Accuracy","All Out Attack"],"picked":"Malaise","floor":48}],"player_experience":1709624,"potions_floor_usage":[16,16,20,23,30,31,44,50],"damage_taken":[{"damage":2,"enemies":"Cultist","floor":1,"turns":5},{"damage":0,"enemies":"2 Louse","floor":4,"turns":3},{"damage":8,"enemies":"Lagavulin","floor":7,"turns":11},{"damage":0,"enemies":"Jaw Worm","floor":11,"turns":3},{"damage":8,"enemies":"Large Slime","floor":12,"turns":7},{"damage":11,"enemies":"Gremlin Nob","floor":13,"turns":4},{"damage":34,"enemies":"Slime Boss","floor":16,"turns":18},{"damage":0,"enemies":"Chosen","floor":18,"turns":5},{"damage":0,"enemies":"2 Thieves","floor":20,"turns":4},{"damage":0,"enemies":"Snecko","floor":22,"turns":4},{"damage":12,"enemies":"Slavers","floor":23,"turns":6},{"damage":25,"enemies":"Cultist and Chosen","floor":24,"turns":6},{"damage":23,"enemies":"Book of Stabbing","floor":28,"turns":5},{"damage":1,"enemies":"Slavers","floor":30,"turns":6},{"damage":0,"enemies":"Slaver and Parasite","floor":31,"turns":5},{"damage":53,"enemies":"Collector","floor":33,"turns":10},{"damage":0,"enemies":"3 Shapes","floor":35,"turns":6},{"damage":21,"enemies":"Orb Walker","floor":36,"turns":4},{"damage":0,"enemies":"Maw","floor":38,"turns":7},{"damage":17,"enemies":"Sphere and 2 Shapes","floor":41,"turns":4},{"damage":0,"enemies":"4 Shapes","floor":44,"turns":5},{"damage":0,"enemies":"3 Darklings","floor":47,"turns":5},{"damage":0,"enemies":"Giant Head","floor":48,"turns":8},{"damage":1,"enemies":"Awakened One","floor":50,"turns":18}],"event_choices":[{"event_name":"Scrap Ooze","player_choice":"success","floor":2,"damage_taken":3},{"event_name":"The Lab","player_choice":"Got Potions","floor":3,"damage_taken":0},{"event_name":"Big Fish","player_choice":"Donut","floor":5,"damage_taken":0},{"event_name":"Liars Game","player_choice":"disagreed","floor":14,"damage_taken":0},{"event_name":"The Library","player_choice":"Heal","floor":29,"damage_taken":0},{"event_name":"SensoryStone","player_choice":"Memory 3","floor":37,"damage_taken":0}],"boss_relics":[{"not_picked":["Pandora\u0027s Box","Orrery"],"picked":"Astrolabe"},{"not_picked":["Tiny House","White Beast Statue"],"picked":"Lizard Tail"}],"potions_floor_spawned":[1,4,16,23,24,28,30,38,41,44,48],"seed_played":"-4462836868889746403","ascension_level":0,"is_trial":false}