{"path_per_floor":["M","?","M","$","M","R","?","?","T","R","M","M","R","M","R","B",null,"M","M","?","M","$","R","E","?","T","$","M","E","?","?","R","B",null,"M","?","$","M","M","R","E","R","T","M","?","$","?","M","R","B"],"character_chosen":"THE_SILENT","items_purchased":["Footwork","Slice","Footwork","Cloak And Dagger","Footwork","Backflip","Dexterity Potion"],"gold_per_floor":[114,114,134,32,50,50,50,50,74,74,94,109,109,128,128,227,227,238,256,206,218,106,106,138,138,138,39,58,92,92,92,92,197,197,209,209,16,31,45,45,71,71,71,84,184,23,23,39,39,39],"floor_reached":51,"campfire_rested":1,"playtime":2284,"current_hp_per_floor":[70,70,67,67,67,67,72,72,72,72,68,68,68,65,65,65,75,75,75,75,75,75,75,75,85,85,85,85,81,81,81,81,70,85,85,85,85,85,80,80,79,79,79,79,79,79,71,71,85,62],"items_purged":["Strike_G","Strike_G","Strike_G","Defend_G"],"gold":39,"score":830,"play_id":"45b98ad2-00c0-4cde-8164-df3c348b4c88","local_time":"20180411071341","is_prod":false,"is_daily":false,"is_ascension_mode":false,"campfire_upgraded":8,"timestamp":1523423621,"path_taken":["M","?","M","$","M","R","?","?","T","R","?","M","R","M","R","BOSS","M","M","?","M","$","R","E","?","T","$","?","E","?","?","R","BOSS","M","?","$","?","M","R","E","R","T","M","?","$","?","M","R","BOSS"],"build_version":"2018-04-05v2","purchased_purges":5,"victory":true,"master_deck":["Defend_G","Defend_G","Defend_G","Defend_G","Survivor","Neutralize+1","Expertise+1","Noxious Fumes+1","Footwork+1","Slice+1","Endless Agony","Backstab","Blur+1","Adrenaline","Finisher+1","Cloak And Dagger+1","Footwork","Infinite Blades","Cloak And Dagger+1","Envenom+1","Malaise+1","Footwork","Backflip","Catalyst+1","Cloak And Dagger+1","Backflip"],"max_hp_per_floor":[70,70,70,70,70,70,75,75,75,75,75,75,75,75,75,75,75,75,75,75,75,75,75,75,85,85,85,85,85,85,85,85,85,85,85,85,85,85,85,85,85,85,85,85,85,85,85,85,85,85],"relics":["Ring of the Snake","Whetstone","Lizard Tail","The Courier","Pear","Sundial","Ornamental Fan","Runic Dome","Snake Skull","Shovel"],"card_choices":[{"not_picked":["Sucker Punch","Cloak And Dagger"],"picked":"Noxious Fumes","floor":3.0},{"not_picked":["Blade Dance","Terror"],"picked":"Endless Agony","floor":5.0},{"not_picked":["Blur","Venomology"],"picked":"Backstab","floor":11.0},{"not_picked":["Outmaneuver","Distraction"],"picked":"Blur","floor":12.0},{"not_picked":["Unload","Corpse Explosion"],"picked":"Adrenaline","floor":16.0},{"not_picked":["Outmaneuver","Bane"],"picked":"Finisher","floor":18.0},{"not_picked":["Flying Knee","PiercingWail"],"picked":"Cloak And Dagger","floor":19.0},{"not_picked":["Backflip","Poisoned Stab"],"picked":"Infinite Blades","floor":24.0},{"not_picked":["Glass Knife","Grand Finale"],"picked":"Envenom","floor":33.0},{"not_picked":["Reflex","Dagger Spray"],"picked":"Malaise","floor":35},{"not_picked":["Infinite Blades","Dagger Throw"],"picked":"Catalyst","floor":38},{"not_picked":["Deadly Poison","Eviscerate"],"picked":"Cloak And Dagger","floor":44},{"not_picked":["Acrobatics","Dagger Throw"],"picked":"Backflip","floor":48}],"player_experience":1720682,"potions_floor_usage":[50,50,50],"damage_taken":[{"damage":0.0,"enemies":"2 Louse","floor":1.0,"turns":3.0},{"damage":3.0,"enemies":"Cultist","floor":3.0,"turns":6.0},{"damage":0.0,"enemies":"Jaw Worm","floor":5.0,"turns":5.0},{"damage":4.0,"enemies":"2 Fungi Beasts","floor":11.0,"turns":3.0},{"damage":0.0,"enemies":"Large Slime","floor":12.0,"turns":6.0},{"damage":3.0,"enemies":"Exordium Thugs","floor":14.0,"turns":5.0},{"damage":0.0,"enemies":"The Guardian","floor":16.0,"turns":12.0},{"damage":0.0,"enemies":"3 Byrds","floor":18.0,"turns":5.0},{"damage":0.0,"enemies":"Chosen","floor":19.0,"turns":6.0},{"damage":0.0,"enemies":"Centurion and Healer","floor":21.0,"turns":7.0},{"damage":0.0,"enemies":"Book of Stabbing","floor":24.0,"turns":7.0},{"damage":0.0,"enemies":"Snecko","floor":28.0,"turns":7.0},{"damage":4.0,"enemies":"Gremlin Leader","floor":29.0,"turns":9.0},{"damage":11.0,"enemies":"Collector","floor":33.0,"turns":11.0},{"damage":0,"enemies":"Orb Walker","floor":35,"turns":4},{"damage":0,"enemies":"3 Shapes","floor":38,"turns":7},{"damage":5,"enemies":"3 Darklings","floor":39,"turns":7},{"damage":1,"enemies":"Giant Head","floor":41,"turns":9},{"damage":0,"enemies":"4 Shapes","floor":44,"turns":6},{"damage":0,"enemies":"Sphere and 2 Shapes","floor":48,"turns":6},{"damage":23,"enemies":"Time Eater","floor":50,"turns":12}],"event_choices":[{"event_name":"The Woman in Blue","player_choice":"Bought 0 Potions","floor":2.0,"damage_taken":0.0},{"event_name":"Big Fish","player_choice":"Donut","floor":7.0,"damage_taken":0.0},{"event_name":"The Lab","player_choice":"Got Potions","floor":8.0,"damage_taken":0.0},{"event_name":"The Joust","player_choice":"Bet on Owner","floor":20.0,"damage_taken":0.0},{"event_name":"The Mausoleum","player_choice":"Yes","floor":25.0,"damage_taken":0.0},{"event_name":"Cursed Tome","player_choice":"Ignored","floor":30.0,"damage_taken":0.0},{"event_name":"Drug Dealer","player_choice":"Ignored","floor":31.0,"damage_taken":0.0},{"event_name":"Bonfire Elementals","player_choice":"BASIC","floor":36,"damage_taken":0},{"event_name":"Golden Shrine","player_choice":"Pray","floor":45,"damage_taken":0},{"event_name":"Wheel of Change","player_choice":"Damage","floor":47,"damage_taken":0}],"boss_relics":[],"potions_floor_spawned":[1,11,12,18,24,28,29,41,44,48],"seed_played":"-705972094706118308","ascension_level":0,"is_trial":false}