{"path_per_floor":["M","T","?","$","M","E","R","M","T","R","$","R","E","$","R","B",null,"M","?","?","?","M","R","?","M","T","R","M","M","R","?","R","B",null,"M","M","M","?","?","M","?","?","T","R","M","M","M","M","R","B"],"character_chosen":"THE_SILENT","items_purchased":["Caltrops","Dash","Caltrops","Noxious Fumes"],"gold_per_floor":[118,187,437,257,277,303,303,314,314,314,132,132,165,1,1,97,97,37,37,37,37,37,37,37,37,37,37,37,37,37,37,37,37,37,37,37,37,37,37,37,37,37,37,37,37,37,37,37,37,37],"floor_reached":51,"campfire_rested":0,"playtime":2375,"current_hp_per_floor":[77,77,77,77,77,68,68,68,68,68,68,68,65,65,65,40,77,77,77,77,77,77,77,61,61,61,61,61,61,61,61,61,61,77,77,77,77,77,77,77,67,77,77,77,77,74,74,74,74,74],"items_purged":["Regret","Strike_G","Strike_G"],"gold":37,"score":782,"play_id":"2fbb243d-0391-4425-9ff2-25b9cca5b2af","local_time":"20180412004148","is_prod":false,"is_daily":false,"is_ascension_mode":false,"campfire_upgraded":10,"timestamp":1523486508,"path_taken":["M","?","?","$","M","E","R","M","T","R","$","R","E","?","R","BOSS","M","?","?","?","?","R","?","?","T","R","M","M","R","?","R","BOSS","M","M","?","?","?","M","?","?","T","R","M","M","?","M","R","BOSS"],"build_version":"2018-04-05v2","purchased_purges":4,"victory":true,"master_deck":["Defend_G","Defend_G","Defend_G","Defend_G","Defend_G","Strike_G","Strike_G","Survivor","Neutralize+1","Backflip+1","Caltrops+1","Dash","Slice","Footwork+1","Caltrops+1","Night Terror+1","Noxious Fumes+1","Tools of the Trade","Backflip+1","Noxious Fumes","Backflip+1","Adrenaline","Leg Sweep+1","Madness","Madness","Noxious Fumes+1"],"max_hp_per_floor":[77,77,77,77,77,77,77,77,77,77,77,77,77,77,77,77,77,77,77,77,77,77,77,77,77,77,77,77,77,77,77,77,77,77,77,77,77,77,77,77,77,77,77,77,77,77,77,77,77,77],"relics":["Ring of the Snake","Bottled Flame","Mummified Hand","Dream Catcher","Thread and Needle","Ectoplasm","Enchiridion","Bottled Tornado","Philosopher\u0027s Stone","Ice Cream","Darkstone Periapt"],"card_choices":[{"not_picked":["Poisoned Stab","Underhanded Strike"],"picked":"Backflip","floor":1},{"not_picked":["PiercingWail","Blur"],"picked":"Slice","floor":5},{"not_picked":["Wraith Form","Predator"],"picked":"Footwork","floor":6},{"not_picked":["Backflip","Bane"],"picked":"Night Terror","floor":13},{"not_picked":["Storm of Steel","Wraith Form"],"picked":"Tools of the Trade","floor":16},{"not_picked":["Endless Agony","Escape Plan"],"picked":"Noxious Fumes","floor":25},{"not_picked":["Night Terror","Phantasmal Killer"],"picked":"Adrenaline","floor":33},{"not_picked":["Catalyst","Quick Slash"],"picked":"Leg Sweep","floor":40},{"not_picked":["Choke","Blur"],"picked":"Noxious Fumes","floor":46}],"player_experience":1727715,"potions_floor_usage":[28,37,40,42,50,50],"damage_taken":[{"damage":0,"enemies":"Cultist","floor":1,"turns":4},{"damage":0,"enemies":"Jaw Worm","floor":5,"turns":3},{"damage":9,"enemies":"3 Sentries","floor":6,"turns":12},{"damage":0,"enemies":"2 Louse","floor":8,"turns":3},{"damage":3,"enemies":"Lagavulin","floor":13,"turns":6},{"damage":25,"enemies":"Slime Boss","floor":16,"turns":13},{"damage":0,"enemies":"2 Thieves","floor":18,"turns":4},{"damage":0,"enemies":"Chosen","floor":22,"turns":5},{"damage":0,"enemies":"Snake Plant","floor":25,"turns":4},{"damage":0,"enemies":"3 Cultists","floor":28,"turns":4},{"damage":0,"enemies":"Centurion and Healer","floor":29,"turns":6},{"damage":0,"enemies":"Collector","floor":33,"turns":9},{"damage":0,"enemies":"3 Shapes","floor":35,"turns":5},{"damage":0,"enemies":"Orb Walker","floor":36,"turns":4},{"damage":0,"enemies":"3 Darklings","floor":37,"turns":4},{"damage":0,"enemies":"4 Shapes","floor":40,"turns":6},{"damage":0,"enemies":"Mysterious Sphere","floor":42,"turns":4},{"damage":0,"enemies":"Sphere and 2 Shapes","floor":45,"turns":5},{"damage":3,"enemies":"3 Darklings","floor":46,"turns":6},{"damage":0,"enemies":"Maw","floor":47,"turns":8},{"damage":0,"enemies":"Sphere and 2 Shapes","floor":48,"turns":5},{"damage":0,"enemies":"Time Eater","floor":50,"turns":11}],"event_choices":[{"event_name":"Golden Shrine","player_choice":"Desecrate","floor":3,"damage_taken":0},{"event_name":"The Mausoleum","player_choice":"No","floor":19,"damage_taken":0},{"event_name":"Vampires","player_choice":"Ignored","floor":20,"damage_taken":0},{"event_name":"Duplicator","player_choice":"One dupe","floor":21,"damage_taken":0},{"event_name":"Cursed Tome","player_choice":"Obtained Book","floor":24,"damage_taken":0},{"event_name":"The Library","player_choice":"Read","floor":31,"damage_taken":0},{"event_name":"Wheel of Change","player_choice":"Full Heal","floor":39,"damage_taken":0},{"event_name":"Winding Halls","player_choice":"Embrace Madness","floor":41,"damage_taken":0},{"event_name":"Mysterious Sphere","player_choice":"Fight","floor":42,"damage_taken":0}],"boss_relics":[{"not_picked":["Velvet Choker","Lizard Tail"],"picked":"Ectoplasm"},{"not_picked":["Calling Bell","Black Star"],"picked":"Philosopher\u0027s Stone"}],"potions_floor_spawned":[13,18,22,29,35,36,45,46],"seed_played":"-5598985132512731368","ascension_level":0,"is_trial":false}