{"path_per_floor":["M","M","M","?","M","R","E","R","T","$","R","M","?","?","R","B",null,"M","?","?","M","M","E","R","M","T","M","$","M","R","M","R","B",null,"M","?","$","M","$","E","R","E","T","R","M","R","$","M","R","B"],"character_chosen":"THE_SILENT","items_purchased":["Oddly Smooth Stone","Backflip","Regal Pillow","Deadly Poison","Pear","Footwork","Caltrops","Block Potion"],"gold_per_floor":[117,127,143,143,160,160,185,185,185,18,18,36,59,59,59,185,185,199,199,169,182,207,241,241,262,313,329,153,171,171,191,191,317,317,333,333,18,34,34,70,70,111,136,136,160,160,35,48,48,48],"floor_reached":51,"campfire_rested":7,"playtime":25684,"current_hp_per_floor":[70,68,65,65,59,59,54,54,54,54,54,54,47,30,51,64,70,68,68,68,59,49,26,47,47,47,34,34,33,69,67,67,22,70,66,56,66,49,49,10,51,6,6,47,25,66,66,55,87,35],"items_purged":[],"gold":48,"play_id":"3bb9dbb5-ea7c-4888-8143-ea13dbf35891","is_prod":false,"is_daily":false,"campfire_rituals":0,"campfire_upgraded":4,"is_hardmode":false,"path_taken":["M","M","M","?","?","R","E","R","T","?","R","M","?","?","R","BOSS","M","?","?","?","M","E","R","?","T","M","$","M","R","M","R","BOSS","M","?","$","M","?","E","R","E","T","R","?","R","?","M","R","BOSS"],"build_version":"2018-01-18-PROD4","purchased_purges":0,"victory":true,"master_deck":["Defend_G","Defend_G","Defend_G","Defend_G","Defend_G","Strike_G","Strike_G","Strike_G","Strike_G","Survivor","Neutralize","Footwork","Deadly Poison","Deflect","Blade Dance","Backflip","Poisoned Stab","Backflip","Footwork","Catalyst","After Image","PiercingWail","Footwork","Deflect","Bouncing Flask","Prepared","Bane","Deadly Poison","Terror","PiercingWail","Burst","Madness","Madness","Footwork","Leg Sweep","Flechettes","Distraction","Poisoned Stab","Caltrops","Backflip"],"max_hp_per_floor":[70,70,70,70,70,70,70,70,70,70,70,70,70,70,70,70,70,70,70,70,70,70,70,70,70,70,70,70,70,70,70,70,70,70,70,70,80,80,80,87,87,87,87,87,87,87,87,87,87,87],"relics":["The Specimen","Bag of Marbles","Peace Pipe","Oddly Smooth Stone","Odd Mushroom","Golden Idol","Black Star","Anchor","Bag of Preparation","Vajra","Regal Pillow","Lizard Tail","Pear","Strawberry","Happy Flower","Ninja Scroll","Dodecahedron","Blood Vial"],"campfire_meditates":0,"card_choices":[{"not_picked":["Dodge and Roll","Acrobatics"],"picked":"Footwork"},{"not_picked":["Prepared","Acrobatics"],"picked":"Deadly Poison"},{"not_picked":["Flying Knee","A Thousand Cuts"],"picked":"Deflect"},{"not_picked":["Masterful Stab","Sucker Punch"],"picked":"Backflip"},{"not_picked":["Dagger Spray","Dagger Throw"],"picked":"Poisoned Stab"},{"not_picked":["Eviscerate","Endless Agony"],"picked":"Footwork"},{"not_picked":["Blur","Quick Slash"],"picked":"Catalyst"},{"not_picked":["Wraith Form","Phantasmal Killer"],"picked":"After Image"},{"not_picked":["Dash","All Out Attack"],"picked":"PiercingWail"},{"not_picked":["Dodge and Roll","Outmaneuver"],"picked":"Deflect"},{"not_picked":["Flechettes","Eviscerate"],"picked":"Bouncing Flask"},{"not_picked":["Poisoned Stab","Acrobatics"],"picked":"Prepared"},{"not_picked":["Flying Knee","Dagger Throw"],"picked":"Bane"},{"not_picked":["Sucker Punch","Infinite Blades"],"picked":"Terror"},{"not_picked":["Deflect","Unload"],"picked":"PiercingWail"},{"not_picked":["Doppelganger","Corpse Explosion"],"picked":"Burst"},{"not_picked":["PiercingWail","Deflect"],"picked":"Leg Sweep"},{"not_picked":["Doppelganger","Flying Knee"],"picked":"Flechettes"},{"not_picked":["Quick Slash","Backflip"],"picked":"Distraction"},{"not_picked":["Skewer","Slice"],"picked":"Poisoned Stab"},{"not_picked":["Sucker Punch","Acrobatics"],"picked":"Backflip"}],"player_experience":56319,"potions_floor_usage":[40,40,48,50],"damage_taken":[{"damage":0.0,"enemies":"2 Louse","floor":1.0,"turns":4.0},{"damage":2.0,"enemies":"Blue Slaver","floor":2.0,"turns":5.0},{"damage":3.0,"enemies":"Small Slimes","floor":3.0,"turns":5.0},{"damage":6.0,"enemies":"Red Slaver","floor":5.0,"turns":6.0},{"damage":5.0,"enemies":"Lagavulin","floor":7.0,"turns":13.0},{"damage":0.0,"enemies":"Exordium Wildlife","floor":12.0,"turns":4.0},{"damage":7.0,"enemies":"The Mushroom Lair","floor":13.0,"turns":6.0},{"damage":2.0,"enemies":"The Guardian","floor":16.0,"turns":11.0},{"damage":2.0,"enemies":"Spheric Guardian","floor":18.0,"turns":7.0},{"damage":9.0,"enemies":"Chosen","floor":21.0,"turns":8.0},{"damage":10.0,"enemies":"Snake Plant","floor":22.0,"turns":9.0},{"damage":38.0,"enemies":"Slavers","floor":23.0,"turns":13.0},{"damage":0.0,"enemies":"Centurion and Healer","floor":25.0,"turns":7.0},{"damage":13.0,"enemies":"3 Cultists","floor":27.0,"turns":10.0},{"damage":1.0,"enemies":"Snecko","floor":29.0,"turns":8.0},{"damage":2.0,"enemies":"Snake Plant","floor":31.0,"turns":5.0},{"damage":60.0,"enemies":"Collector","floor":33.0,"turns":15.0},{"damage":4.0,"enemies":"3 Darklings","floor":35.0,"turns":12.0},{"damage":17.0,"enemies":"3 Shapes","floor":38.0,"turns":9.0},{"damage":46,"enemies":"Giant Head","floor":40,"turns":13},{"damage":45,"enemies":"Nemesis","floor":42,"turns":13},{"damage":24,"enemies":"Maw","floor":45,"turns":10},{"damage":13,"enemies":"Sphere and 2 Shapes","floor":48,"turns":8},{"damage":52,"enemies":"Time Eater","floor":50,"turns":20}],"event_choices":[{"event_name":"Transmorgrifier","player_choice":"Transform","floor":4.0,"damage_taken":0.0},{"event_name":"Mushrooms","player_choice":"Fought Mushrooms","floor":13.0,"damage_taken":0.0},{"event_name":"Golden Idol","player_choice":"Take Damage","floor":14.0,"damage_taken":0.0},{"event_name":"Duplicator","player_choice":"One dupe","floor":19.0,"damage_taken":0.0},{"event_name":"The Woman in Blue","player_choice":"Bought 2 Potions","floor":20.0,"damage_taken":0.0},{"event_name":"Winding Halls","player_choice":"Embrace Madness","floor":36.0,"damage_taken":0.0}],"boss_relics":[],"potions_floor_spawned":[5,7,13,18,25,27,33,38,40,42],"seed_played":"8548288839439892377","is_trial":false}