{"path_per_floor":["M","?","$","T","$","R","E","T","R","M","E","M","?","R","B",null,"M","M","M","?","$","R","E","R","T","R","M","$","R","M","R","B",null,"M","?","?","M","$","R","M","R","T","M","?","M","M","M","R"],"character_chosen":"THE_SILENT","items_purchased":["Noxious Fumes","Omamori","Distraction"],"gold_per_floor":[110,110,37,61,61,61,71,96,96,107,136,152,152,152,256,256,222,234,254,204,50,50,82,82,137,137,151,37,37,54,54,152,152,171,171,171,188,188,188,208,208,290,309,309,321,333,343,343],"floor_reached":49,"campfire_rested":9,"playtime":5009,"current_hp_per_floor":[69,55,55,55,55,55,25,32,55,55,49,49,49,72,61,77,64,64,52,52,52,52,2,25,25,63,44,44,77,47,77,53,77,56,77,77,41,41,77,48,77,77,62,77,41,10,6,44],"items_purged":["Regret"],"gold":343,"score":407,"play_id":"ce278656-07dd-487f-85db-7b86c5043c88","is_prod":false,"is_daily":false,"is_ascension_mode":false,"campfire_upgraded":2,"path_taken":["M","?","$","?","?","R","?","E","T","R","?","E","M","?","R","BOSS","M","M","M","?","$","R","E","R","T","R","M","?","R","M","R","BOSS","M","?","?","M","$","R","M","R","T","?","?","M","?","M","R","BOSS"],"build_version":"2018-02-15-PROD1","purchased_purges":2,"victory":false,"master_deck":["Defend_G","Defend_G","Defend_G","Defend_G","Defend_G","Strike_G","Strike_G","Strike_G","Strike_G+1","Strike_G","Survivor","Neutralize+1","Prepared","Noxious Fumes+1","Dash","Escape Plan","Burst+1","Catalyst","Prepared+1","Distraction","Wraith Form","Writhe","Footwork"],"max_hp_per_floor":[70,70,70,70,70,70,70,77,77,77,77,77,77,77,77,77,77,77,77,77,77,77,77,77,77,77,77,77,77,77,77,77,77,77,77,77,77,77,77,77,77,77,77,77,77,77,77,77],"relics":["Ring of the Snake","Pen Nib","Vajra","Strawberry","Kunai","Bag of Preparation","Cursed Key","Omamori","Bottled Flame","Regal Pillow","Sozu","Tiny Chest"],"card_choices":[{"not_picked":["Dodge and Roll","Poisoned Stab"],"picked":"Prepared"},{"not_picked":["PiercingWail","Infinite Blades"],"picked":"Dash"},{"not_picked":["Sucker Punch","Prepared"],"picked":"Escape Plan"},{"not_picked":["Envenom","Unload"],"picked":"Burst"},{"not_picked":["Dodge and Roll","Dagger Throw"],"picked":"Catalyst"},{"not_picked":["Dagger Spray","Sucker Punch"],"picked":"Prepared"},{"not_picked":["Prepared","PiercingWail"],"picked":"Wraith Form"},{"not_picked":["Dagger Throw","Quick Slash"],"picked":"Well Laid Plans"},{"not_picked":["Flying Knee","Bouncing Flask"],"picked":"Footwork"}],"player_experience":181688,"potions_floor_usage":[],"damage_taken":[{"damage":1.0,"enemies":"Jaw Worm","floor":1.0,"turns":6.0},{"damage":18.0,"enemies":"Lagavulin Event","floor":7.0,"turns":7.0},{"damage":12.0,"enemies":"Lagavulin","floor":7.0,"turns":7.0},{"damage":0.0,"enemies":"Small Slimes","floor":10.0,"turns":3.0},{"damage":6.0,"enemies":"3 Sentries","floor":11.0,"turns":6.0},{"damage":0.0,"enemies":"Cultist","floor":12.0,"turns":3.0},{"damage":11.0,"enemies":"The Guardian","floor":15.0,"turns":11.0},{"damage":13.0,"enemies":"2 Thieves","floor":17.0,"turns":5.0},{"damage":0.0,"enemies":"Chosen","floor":18.0,"turns":6.0},{"damage":12.0,"enemies":"Centurion and Healer","floor":19.0,"turns":9.0},{"damage":50.0,"enemies":"Book of Stabbing","floor":23.0,"turns":8.0},{"damage":19.0,"enemies":"Slaver and Parasite","floor":27.0,"turns":9.0},{"damage":30.0,"enemies":"Chosen and Byrds","floor":30.0,"turns":6.0},{"damage":39.0,"enemies":"Champ","floor":32.0,"turns":17.0},{"damage":21.0,"enemies":"Orb Walker","floor":34.0,"turns":4.0},{"damage":36.0,"enemies":"3 Shapes","floor":37.0,"turns":4.0},{"damage":29.0,"enemies":"Sphere and 2 Shapes","floor":40.0,"turns":7.0},{"damage":15.0,"enemies":"4 Shapes","floor":43.0,"turns":6.0},{"damage":36.0,"enemies":"3 Darklings","floor":45.0,"turns":6.0},{"damage":31.0,"enemies":"Sphere and 2 Shapes","floor":46.0,"turns":8.0},{"damage":4.0,"enemies":"Maw","floor":47.0,"turns":8.0},{"damage":44,"enemies":"Awakened One","floor":49,"turns":4}],"event_choices":[{"event_name":"Shining Light","player_choice":"Entered Light","floor":2.0,"damage_taken":0.0},{"event_name":"Dead Adventurer","player_choice":"Searched \u00272\u0027 times","floor":7.0,"damage_taken":0.0},{"event_name":"Big Fish","player_choice":"Box","floor":13.0,"damage_taken":0.0},{"event_name":"The Joust","player_choice":"Bet on Owner","floor":20.0,"damage_taken":0.0},{"event_name":"Bonfire Elementals","player_choice":"UNCOMMON","floor":35.0,"damage_taken":0.0},{"event_name":"Tomb of Lord Red Mask","player_choice":"Ignored","floor":36.0,"damage_taken":0.0},{"event_name":"Winding Halls","player_choice":"Writhe","floor":44.0,"damage_taken":0.0}],"boss_relics":[],"potions_floor_spawned":[7,11,15,18,30,32,37,46],"seed_played":"-3045097010136997827","killed_by":"Awakened One","ascension_level":0,"is_trial":false}