{"path_per_floor":["M","?","?","?","M","R","?","R","T","E","R","M","$","M","R","B",null,"M","$","M","M","M","R","$","?","T","M","M","M","M","?","R"],"character_chosen":"THE_SILENT","items_purchased":["Lantern","Bag of Preparation"],"gold_per_floor":[112,187,187,187,204,204,229,229,279,314,314,334,115,132,132,235,235,235,89,89,89,89,89,89,89,89,89,89,89,89,4,4],"floor_reached":33,"campfire_rested":5,"playtime":4874,"current_hp_per_floor":[67,56,56,56,55,70,43,64,64,53,72,72,72,74,74,33,74,61,61,63,33,24,48,48,48,48,25,18,18,5,5,30],"items_purged":["Defend_G"],"gold":4,"score":249,"play_id":"74cf6c43-afbd-42dc-a809-6a733f7cca33","is_prod":false,"is_daily":false,"is_ascension_mode":false,"campfire_upgraded":1,"path_taken":["M","?","?","?","M","R","?","R","T","E","R","M","?","M","R","BOSS","M","?","M","M","?","R","?","?","T","?","M","M","M","?","R","BOSS"],"build_version":"2018-02-15-PROD1","purchased_purges":1,"victory":false,"master_deck":["Defend_G","Defend_G","Defend_G","Defend_G","Strike_G","Strike_G","Strike_G","Strike_G","Strike_G","Survivor+1","Neutralize+1","Infinite Blades+1","Outmaneuver","Finisher","Finisher+1","Unload","Expertise+1","Writhe","Blade Dance","Unload"],"max_hp_per_floor":[70,70,70,70,70,70,70,70,70,72,72,72,72,74,74,74,74,74,74,76,78,80,80,80,80,80,82,82,84,84,84,84],"relics":["Ring of the Snake","Odd Mushroom","Singing Bowl","Bottled Lightning","Lantern","Ectoplasm","Bag of Preparation","Bronze Scales","Pen Nib","Blood Vial"],"card_choices":[{"not_picked":["Poisoned Stab","Distraction"],"picked":"Infinite Blades"},{"not_picked":["Acrobatics","Noxious Fumes"],"picked":"Outmaneuver"},{"not_picked":["Backflip","Blur"],"picked":"Finisher"},{"not_picked":["Dodge and Roll","Dagger Spray"],"picked":"Finisher"},{"not_picked":["Wraith Form","After Image"],"picked":"Unload"},{"not_picked":["Deadly Poison","Acrobatics"],"picked":"Expertise"},{"not_picked":["Flying Knee","Quick Slash"],"picked":"Blade Dance"},{"not_picked":["Quick Slash","Outmaneuver"],"picked":"Unload"}],"player_experience":176814,"potions_floor_usage":[29,30],"damage_taken":[{"damage":3.0,"enemies":"Small Slimes","floor":1.0,"turns":4.0},{"damage":1.0,"enemies":"Jaw Worm","floor":5.0,"turns":4.0},{"damage":27.0,"enemies":"The Mushroom Lair","floor":7.0,"turns":7.0},{"damage":13.0,"enemies":"Gremlin Nob","floor":10.0,"turns":5.0},{"damage":0.0,"enemies":"Cultist","floor":12.0,"turns":3.0},{"damage":0.0,"enemies":"Looter","floor":14.0,"turns":3.0},{"damage":41.0,"enemies":"Slime Boss","floor":16.0,"turns":5.0},{"damage":13.0,"enemies":"Shell Parasite","floor":18.0,"turns":3.0},{"damage":0.0,"enemies":"Spheric Guardian","floor":20.0,"turns":1.0},{"damage":32.0,"enemies":"Cultist and Chosen","floor":21.0,"turns":6.0},{"damage":11.0,"enemies":"Slaver and Parasite","floor":22.0,"turns":5.0},{"damage":25,"enemies":"Snake Plant","floor":27,"turns":4},{"damage":7,"enemies":"Cultist and Chosen","floor":28,"turns":8},{"damage":2,"enemies":"Sentry and Sphere","floor":29,"turns":4},{"damage":13,"enemies":"Snake Plant","floor":30,"turns":3},{"damage":46,"enemies":"Collector","floor":33,"turns":7}],"event_choices":[{"event_name":"World of Goop","player_choice":"Gather Gold","floor":2.0,"damage_taken":0.0},{"event_name":"Living Wall","player_choice":"Grow","floor":3.0,"damage_taken":0.0},{"event_name":"Upgrade Shrine","player_choice":"Upgraded","floor":4.0,"damage_taken":0.0},{"event_name":"Mushrooms","player_choice":"Fought Mushrooms","floor":7.0,"damage_taken":0.0},{"event_name":"The Mausoleum","player_choice":"Yes","floor":25,"damage_taken":0},{"event_name":"Addict","player_choice":"Obtained Relic","floor":31,"damage_taken":0}],"boss_relics":[],"potions_floor_spawned":[5,7,12,18,21,22,28],"seed_played":"-1360006133356390356","killed_by":"Collector","ascension_level":0,"is_trial":false}