{"path_per_floor":["M","$","M","?","?","R","E","M","T","$","M","?","$","M","R","B",null,"M","M","M","?","?","R","$","?","T","?","$","R","M","M","R"],"character_chosen":"THE_SILENT","items_purchased":["Cloak And Dagger","Bandage Up","Noxious Fumes","Malaise"],"gold_per_floor":[118,43,60,60,60,60,92,104,104,50,70,245,56,76,76,172,172,182,165,185,185,100,100,62,62,87,87,8,8,20,35,35],"floor_reached":33,"campfire_rested":4,"playtime":2611,"current_hp_per_floor":[69,69,69,55,70,70,55,55,55,55,53,53,53,57,70,35,70,51,39,21,21,21,42,42,26,26,26,26,47,38,24,45],"items_purged":["Strike_G","Doubt"],"gold":35,"score":245,"play_id":"25aa91a4-f90a-4347-916c-0c7205f34bee","is_prod":false,"is_daily":false,"is_ascension_mode":false,"campfire_upgraded":1,"path_taken":["M","$","M","?","?","R","E","M","T","$","?","?","$","M","R","BOSS","M","M","M","?","?","R","$","?","T","?","$","R","?","M","R","BOSS"],"build_version":"2018-02-22-PROD2","purchased_purges":2,"victory":false,"master_deck":["Defend_G+1","Defend_G+1","Defend_G+1","Defend_G+1","Defend_G+1","Strike_G+1","Strike_G+1","Strike_G+1","Strike_G+1","Survivor","Neutralize+1","Infinite Blades","Finisher","Cloak And Dagger","Escape Plan","Bandage Up","Adrenaline","Infinite Blades","Noxious Fumes","Malaise","Burst"],"max_hp_per_floor":[70,70,70,70,70,70,70,70,70,70,70,70,70,70,70,70,70,70,70,70,70,70,70,70,70,70,70,70,70,70,70,70],"relics":["Ring of the Snake","Bronze Scales","Ice Cream","Dodecahedron","Du-Vu Doll","Enchiridion","Omamori"],"card_choices":[{"not_picked":["Deadly Poison","Outmaneuver"],"picked":"Infinite Blades"},{"not_picked":["Dodge and Roll","Deadly Poison"],"picked":"Finisher"},{"not_picked":["Dagger Spray","PiercingWail"],"picked":"Escape Plan"},{"not_picked":["Corpse Explosion","Tactician"],"picked":"Adrenaline"},{"not_picked":["Dagger Spray","Backflip"],"picked":"Infinite Blades"},{"not_picked":["Underhanded Strike","Dagger Throw"],"picked":"Burst"}],"player_experience":200010,"potions_floor_usage":[20,30,33,33],"damage_taken":[{"damage":1,"enemies":"Jaw Worm","floor":1,"turns":4},{"damage":0,"enemies":"Small Slimes","floor":3,"turns":3},{"damage":15,"enemies":"Lagavulin","floor":7,"turns":10},{"damage":0,"enemies":"Cultist","floor":8,"turns":3},{"damage":2,"enemies":"Blue Slaver","floor":11,"turns":2},{"damage":0,"enemies":"2 Fungi Beasts","floor":14,"turns":3},{"damage":39,"enemies":"The Guardian","floor":16,"turns":14},{"damage":23,"enemies":"Spheric Guardian","floor":18,"turns":7},{"damage":16,"enemies":"2 Thieves","floor":19,"turns":4},{"damage":22,"enemies":"Centurion and Healer","floor":20,"turns":5},{"damage":22,"enemies":"3 Cultists","floor":30,"turns":6},{"damage":18,"enemies":"Snake Plant","floor":31,"turns":4},{"damage":52,"enemies":"Collector","floor":33,"turns":6}],"event_choices":[{"event_name":"Shining Light","player_choice":"Entered Light","floor":4,"damage_taken":0},{"event_name":"Big Fish","player_choice":"Banana","floor":5,"damage_taken":0},{"event_name":"Liars Game","player_choice":"agreed","floor":12,"damage_taken":0},{"event_name":"The Mausoleum","player_choice":"Yes","floor":21,"damage_taken":0},{"event_name":"Addict","player_choice":"Obtained Relic","floor":22,"damage_taken":0},{"event_name":"Cursed Tome","player_choice":"Obtained Book","floor":25,"damage_taken":0},{"event_name":"Back to Basics","player_choice":"Simplicity","floor":27,"damage_taken":0}],"boss_relics":[{"not_picked":["Runic Dome","Velvet Choker","Snecko Eye"]}],"potions_floor_spawned":[7,14,18,30],"seed_played":"-400762231996596412","killed_by":"Collector","ascension_level":0,"is_trial":false}