{"path_per_floor":["M","?","M","?","M","R","E","R","T","?","M","M","?","M","R","B",null,"M","?","?","T","$","R","M","R","T","?","M","M","R","M","R","B",null,"M","M","M","?","?","R","M","?","T","$","R","E","$","?","R"],"character_chosen":"THE_SILENT","items_purchased":["Well Laid Plans","Pantograph","Bandage Up","Dexterity Potion"],"gold_per_floor":[16,16,31,31,43,43,75,75,99,99,118,131,131,151,151,252,252,271,271,271,298,207,207,194,194,194,194,211,222,222,240,240,337,337,356,368,388,388,388,388,404,404,404,46,46,71,30,30,30],"floor_reached":50,"campfire_rested":6,"playtime":2948,"current_hp_per_floor":[66,66,66,59,59,59,48,48,48,34,34,28,28,28,49,38,70,63,63,63,63,63,63,63,63,63,63,44,33,54,43,64,40,70,57,54,45,45,45,66,48,39,53,53,78,33,33,33,58],"items_purged":["Strike_G","Eviscerate"],"gold":30,"score":441,"play_id":"49b231ca-7112-466c-be29-7e36e10de1a5","local_time":"20180306162832","is_prod":false,"is_daily":false,"is_ascension_mode":true,"campfire_upgraded":4,"timestamp":1520371712,"path_taken":["M","?","M","?","M","R","E","R","T","?","M","?","?","M","R","BOSS","M","?","?","?","$","R","M","R","T","?","M","M","R","M","R","BOSS","M","?","M","?","?","R","M","?","T","$","R","E","$","?","R","BOSS"],"build_version":"2018-03-01-PROD1","purchased_purges":2,"victory":false,"master_deck":["Defend_G","Defend_G","Defend_G","Defend_G","Defend_G","Survivor","Neutralize+1","Backstab+1","Dash","Bane+1","Poisoned Stab+1","Noxious Fumes+1","Blur","Adrenaline+1","Bane+1","Well Laid Plans","Blur","Footwork","Adrenaline+1","Catalyst+1","Madness+1","Madness+1","Bandage Up+1","Flechettes+1"],"max_hp_per_floor":[70,70,70,70,70,70,70,70,70,70,70,70,70,70,70,70,70,70,70,70,70,70,70,70,70,70,70,70,70,70,70,70,70,70,70,70,70,70,70,70,70,70,84,84,84,84,84,84,84],"relics":["Ring of the Snake","The Courier","Ancient Tea Set","Tingsha","The Specimen","Dream Catcher","Toxic Egg 2","Mango","Pantograph","Ornamental Fan"],"card_choices":[{"not_picked":["Skewer","Deflect"],"picked":"Backstab"},{"not_picked":["Acrobatics","Prepared"],"picked":"Dash"},{"not_picked":["Slice","Prepared"],"picked":"Bane"},{"not_picked":["Dash","PiercingWail"],"picked":"Poisoned Stab"},{"not_picked":["Prepared","Accuracy"],"picked":"Noxious Fumes"},{"not_picked":["Calculated Gamble","Dagger Throw"],"picked":"Blur"},{"not_picked":["Glass Knife","Venomology"],"picked":"Adrenaline"},{"not_picked":["Dodge and Roll","Backflip"],"picked":"Bane"},{"not_picked":["Backstab","Acrobatics"],"picked":"Blur"},{"not_picked":["Cloak And Dagger","Well Laid Plans"],"picked":"Footwork"},{"not_picked":["Die Die Die","Bullet Time"],"picked":"Adrenaline"},{"not_picked":["Cloak And Dagger","PiercingWail"],"picked":"Catalyst"},{"not_picked":["Predator","Backflip"],"picked":"Flechettes"}],"player_experience":205700,"potions_floor_usage":[50,50,50],"damage_taken":[{"damage":4.0,"enemies":"Jaw Worm","floor":1.0,"turns":6.0},{"damage":0.0,"enemies":"2 Louse","floor":3.0,"turns":3.0},{"damage":0.0,"enemies":"Small Slimes","floor":5.0,"turns":3.0},{"damage":11.0,"enemies":"Lagavulin","floor":7.0,"turns":10.0},{"damage":0.0,"enemies":"3 Louse","floor":11.0,"turns":3.0},{"damage":6.0,"enemies":"Lots of Slimes","floor":12.0,"turns":4.0},{"damage":0.0,"enemies":"Looter","floor":14.0,"turns":3.0},{"damage":11.0,"enemies":"The Guardian","floor":16.0,"turns":10.0},{"damage":7.0,"enemies":"3 Byrds","floor":18.0,"turns":4.0},{"damage":0.0,"enemies":"2 Thieves","floor":24.0,"turns":4.0},{"damage":19.0,"enemies":"Chosen and Byrds","floor":28.0,"turns":7.0},{"damage":11.0,"enemies":"Snake Plant","floor":29.0,"turns":4.0},{"damage":11.0,"enemies":"3 Cultists","floor":31.0,"turns":5.0},{"damage":39.0,"enemies":"Automaton","floor":33.0,"turns":12.0},{"damage":13.0,"enemies":"3 Darklings","floor":35.0,"turns":5.0},{"damage":3.0,"enemies":"Orb Walker","floor":36.0,"turns":5.0},{"damage":9.0,"enemies":"3 Darklings","floor":37.0,"turns":7.0},{"damage":18.0,"enemies":"Sphere and 2 Shapes","floor":41.0,"turns":5.0},{"damage":51.0,"enemies":"2 Orb Walkers","floor":46.0,"turns":6.0},{"damage":90,"enemies":"Awakened One","floor":50,"turns":18}],"event_choices":[{"event_name":"Liars Game","player_choice":"disagreed","floor":2.0,"damage_taken":0.0},{"event_name":"Golden Wing","player_choice":"Card Removal","floor":4.0,"damage_taken":0.0},{"event_name":"Shining Light","player_choice":"Entered Light","floor":10.0,"damage_taken":0.0},{"event_name":"Dead Adventurer","player_choice":"Searched \u00272\u0027 times","floor":13.0,"damage_taken":0.0},{"event_name":"Drug Dealer","player_choice":"Ignored","floor":19.0,"damage_taken":0.0},{"event_name":"Upgrade Shrine","player_choice":"Upgraded","floor":20.0,"damage_taken":0.0},{"event_name":"Transmorgrifier","player_choice":"Transform","floor":27.0,"damage_taken":0.0},{"event_name":"Tomb of Lord Red Mask","player_choice":"Ignored","floor":38.0,"damage_taken":0.0},{"event_name":"Mysterious Sphere","player_choice":"Ignore","floor":39.0,"damage_taken":0.0},{"event_name":"Winding Halls","player_choice":"Embrace Madness","floor":42.0,"damage_taken":0.0},{"event_name":"The Moai Head","player_choice":"Ignored","floor":48.0,"damage_taken":0.0}],"boss_relics":[],"potions_floor_spawned":[1,3,24,29,31,33,37,41],"seed_played":"6792483991747498502","killed_by":"Awakened One","ascension_level":1,"is_trial":false}