{"path_per_floor":["M","M","M","$","?","R","M","R","T","M","?","E","R","M","R","B",null,"M","?","$","M","M","R","$","R","T","R","?","R","?","M","R","B",null,"M","?","$","?","T","R","$","R","T","M","M","?","R","M","R"],"character_chosen":"THE_SILENT","items_purchased":["Infinite Blades","Flash of Steel","Finesse","Finesse"],"gold_per_floor":[113,125,140,65,65,65,83,83,106,116,81,116,116,131,131,228,228,245,245,154,139,157,157,56,56,56,56,56,56,56,66,66,170,170,189,189,189,189,189,189,23,23,323,343,355,355,355,373,373],"floor_reached":50,"campfire_rested":2,"playtime":2996,"current_hp_per_floor":[68,67,67,67,60,60,58,58,58,57,70,59,59,56,70,53,70,63,49,49,49,49,49,49,49,49,49,49,49,49,45,45,49,49,44,44,44,49,49,49,49,49,49,49,49,49,49,38,49],"items_purged":["Writhe"],"gold":373,"score":433,"play_id":"07dd2d3e-df8b-47be-830d-ec3bb6c7b452","local_time":"20180309014911","is_prod":false,"is_daily":false,"is_ascension_mode":true,"campfire_upgraded":11,"timestamp":1520578151,"path_taken":["M","M","M","$","?","R","?","R","T","M","?","E","R","M","R","BOSS","M","?","?","M","M","R","$","R","T","R","?","R","?","M","R","BOSS","M","?","$","?","?","R","$","R","T","?","M","?","R","?","R","BOSS"],"build_version":"2018-03-01-PROD1","purchased_purges":4,"victory":false,"master_deck":["Defend_G","Defend_G","Defend_G","Defend_G","Survivor+1","Neutralize+1","Accuracy+1","Choke+1","Infinite Blades+1","Infinite Blades","Bite+1","Bite","Bite","Bite+1","Bite+1","Flash of Steel+1","Escape Plan+1","Finesse+1","Finesse+1","Slice+1","Choke+1","Cloak And Dagger+1"],"max_hp_per_floor":[70,70,70,70,70,70,70,70,70,70,70,70,70,70,70,70,70,70,49,49,49,49,49,49,49,49,49,49,49,49,49,49,49,49,49,49,49,49,49,49,49,49,49,49,49,49,49,49,49],"relics":["Ring of the Snake","Ancient Tea Set","Lantern","Happy Flower","Sozu","Gambling Chip","Mercury Hourglass","Lizard Tail","Paper Crane","Old Coin"],"card_choices":[{"not_picked":["Bane","Outmaneuver"],"picked":"Accuracy"},{"not_picked":["Malaise","Calculated Gamble"],"picked":"Choke"},{"not_picked":["Blur","Dodge and Roll"],"picked":"Infinite Blades"},{"not_picked":["Eviscerate","Bane"],"picked":"Escape Plan"},{"not_picked":["Sucker Punch","Flying Knee"],"picked":"Slice"},{"not_picked":["Dagger Throw","Dagger Spray"],"picked":"Cloak And Dagger"}],"player_experience":213010,"potions_floor_usage":[50],"damage_taken":[{"damage":2.0,"enemies":"Small Slimes","floor":1.0,"turns":4.0},{"damage":1.0,"enemies":"Cultist","floor":2.0,"turns":5.0},{"damage":0.0,"enemies":"2 Louse","floor":3.0,"turns":2.0},{"damage":2.0,"enemies":"Looter","floor":7.0,"turns":2.0},{"damage":1.0,"enemies":"Exordium Wildlife","floor":10.0,"turns":4.0},{"damage":11.0,"enemies":"3 Sentries","floor":12.0,"turns":5.0},{"damage":3.0,"enemies":"3 Louse","floor":14.0,"turns":3.0},{"damage":17.0,"enemies":"The Guardian","floor":16.0,"turns":11.0},{"damage":7.0,"enemies":"Chosen","floor":18.0,"turns":4.0},{"damage":10.0,"enemies":"2 Thieves","floor":21.0,"turns":4.0},{"damage":4.0,"enemies":"Chosen and Byrds","floor":22.0,"turns":5.0},{"damage":11.0,"enemies":"Centurion and Healer","floor":31.0,"turns":4.0},{"damage":12.0,"enemies":"Champ","floor":33.0,"turns":9.0},{"damage":5,"enemies":"3 Shapes","floor":35,"turns":5},{"damage":1,"enemies":"Orb Walker","floor":44,"turns":3},{"damage":15,"enemies":"Maw","floor":45,"turns":8},{"damage":19,"enemies":"4 Shapes","floor":48,"turns":4},{"damage":116,"enemies":"Donu and Deca","floor":50,"turns":7}],"event_choices":[{"event_name":"Golden Wing","player_choice":"Card Removal","floor":5.0,"damage_taken":0.0},{"event_name":"The Cleric","player_choice":"Healed","floor":11.0,"damage_taken":0.0},{"event_name":"Vampires","player_choice":"Became a vampire","floor":19.0,"damage_taken":0.0},{"event_name":"The Mausoleum","player_choice":"Yes","floor":28.0,"damage_taken":0.0},{"event_name":"Back to Basics","player_choice":"Elegance","floor":30.0,"damage_taken":0.0},{"event_name":"Tomb of Lord Red Mask","player_choice":"Ignored","floor":36,"damage_taken":0},{"event_name":"Winding Halls","player_choice":"Writhe","floor":38,"damage_taken":0},{"event_name":"Duplicator","player_choice":"One dupe","floor":46,"damage_taken":0}],"boss_relics":[],"potions_floor_spawned":[1,12,22,33,44,45],"seed_played":"2586604348556616721","killed_by":"Donu and Deca","ascension_level":1,"is_trial":false}