{"path_per_floor":["M","M","M","M","M","R","E","R","T","E","$","M","$","M","R","B",null,"M","M","M","?","M","E","M","?","T","M","$","$","M","?","R"],"character_chosen":"THE_SILENT","items_purchased":["Art of War","Bronze Scales","After Image"],"gold_per_floor":[119,132,143,163,181,181,211,211,211,237,14,28,28,42,42,137,167,179,197,207,132,151,178,188,188,213,232,11,11,27,27,27],"floor_reached":33,"campfire_rested":3,"playtime":2461,"current_hp_per_floor":[69,67,67,62,51,51,30,51,51,24,24,21,21,21,42,23,75,68,68,60,60,53,45,45,45,45,26,26,26,23,7,44],"items_purged":["Strike_G"],"gold":27,"score":283,"play_id":"7e2ff516-d72f-4322-81b5-f5d76704aec5","local_time":"20180316022747","is_prod":false,"is_daily":false,"is_ascension_mode":false,"campfire_upgraded":1,"timestamp":1521181667,"path_taken":["M","M","M","?","M","R","E","R","T","E","?","M","$","M","R","BOSS","M","M","M","?","M","E","M","?","T","?","?","$","M","?","R","BOSS"],"build_version":"2018-03-15","purchased_purges":1,"victory":false,"master_deck":["Defend_G","Defend_G+1","Defend_G","Defend_G","Defend_G","Strike_G","Strike_G","Strike_G","Survivor","Neutralize+1","Distraction+1","Caltrops","Deadly Poison","Poisoned Stab","Noxious Fumes","Backstab+1","Deflect","Blur","Calculated Gamble","A Thousand Cuts","Poisoned Stab","Glass Knife","Blur","Quick Slash","Quick Slash","Backstab","Cloak And Dagger+1","Backstab","After Image","Cloak And Dagger"],"max_hp_per_floor":[70,70,70,70,70,70,70,70,70,70,70,70,70,70,70,70,75,75,75,75,75,75,75,75,75,75,75,75,75,75,75,75],"relics":["Ring of the Snake","Mercury Hourglass","War Paint","Ninja Scroll","Art of War","Tiny House","Mummified Hand","Regal Pillow","Bronze Scales","Enchiridion"],"card_choices":[{"not_picked":["Crippling Poison","Slice"],"picked":"Distraction"},{"not_picked":["Quick Slash","Prepared"],"picked":"Caltrops"},{"not_picked":["Expertise","Reflex"],"picked":"Deadly Poison"},{"not_picked":["Quick Slash","Choke"],"picked":"Poisoned Stab"},{"not_picked":["Backflip","PiercingWail"],"picked":"Noxious Fumes"},{"not_picked":["Prepared","Quick Slash"],"picked":"Backstab"},{"not_picked":["Dagger Spray","Dagger Throw"],"picked":"Deflect"},{"not_picked":["Slice","Flying Knee"],"picked":"Blur"},{"not_picked":["Setup","Deflect"],"picked":"Calculated Gamble"},{"not_picked":["Doppelganger","Venomology"],"picked":"A Thousand Cuts"},{"not_picked":["Deflect","Prepared"],"picked":"Poisoned Stab"},{"not_picked":["Slice","Acrobatics"],"picked":"Glass Knife"},{"not_picked":["Catalyst","Deadly Poison"],"picked":"Blur"},{"not_picked":["Outmaneuver","Concentrate"],"picked":"Quick Slash"},{"not_picked":["Masterful Stab","Concentrate"],"picked":"Quick Slash"},{"not_picked":["Slice","Acrobatics"],"picked":"Backstab"},{"not_picked":["Terror","Dagger Spray"],"picked":"Cloak And Dagger"},{"not_picked":["Backflip","Envenom"],"picked":"Backstab"},{"not_picked":["Quick Slash","Concentrate"],"picked":"Cloak And Dagger"}],"player_experience":242525,"potions_floor_usage":[20,22,23,33,33],"damage_taken":[{"damage":1.0,"enemies":"Cultist","floor":1.0,"turns":4.0},{"damage":2.0,"enemies":"Small Slimes","floor":2.0,"turns":7.0},{"damage":0.0,"enemies":"2 Louse","floor":3.0,"turns":6.0},{"damage":5,"enemies":"3 Louse","floor":4,"turns":3},{"damage":11,"enemies":"Lots of Slimes","floor":5,"turns":5},{"damage":21,"enemies":"3 Sentries","floor":7,"turns":9},{"damage":27,"enemies":"Gremlin Nob","floor":10,"turns":5},{"damage":3,"enemies":"Exordium Thugs","floor":12,"turns":4},{"damage":0,"enemies":"Large Slime","floor":14,"turns":5},{"damage":19,"enemies":"The Guardian","floor":16,"turns":10},{"damage":7,"enemies":"Shell Parasite","floor":18,"turns":4},{"damage":0,"enemies":"Chosen","floor":19,"turns":5},{"damage":8,"enemies":"Sentry and Sphere","floor":20,"turns":6},{"damage":7,"enemies":"Centurion and Healer","floor":22,"turns":6},{"damage":23,"enemies":"Book of Stabbing","floor":23,"turns":7},{"damage":0,"enemies":"3 Cultists","floor":24,"turns":5},{"damage":19,"enemies":"Snake Plant","floor":27,"turns":4},{"damage":3,"enemies":"Cultist and Chosen","floor":30,"turns":5},{"damage":64,"enemies":"Champ","floor":33,"turns":11}],"event_choices":[{"event_name":"Beggar","player_choice":"Gave Gold","floor":21,"damage_taken":0},{"event_name":"Drug Dealer","player_choice":"Ignored","floor":25,"damage_taken":0},{"event_name":"Cursed Tome","player_choice":"Obtained Book","floor":31,"damage_taken":0}],"boss_relics":[{"not_picked":["Black Star","Calling Bell"],"picked":"Tiny House"}],"potions_floor_spawned":[1,4,10,14,18,22,27,30],"seed_played":"-1891987404787545750","killed_by":"Champ","ascension_level":0,"is_trial":false}