{"path_per_floor":["M","?","$","?","?","R","M","R","T","M","?","M","?","T","R","B",null,"M","?","T","M","$","M","R","M","T","R","E","R","?","T","R","B",null,"M","?","M","?","?","R","M","M","T","M","$","M","M","?","R"],"character_chosen":"THE_SILENT","items_purchased":["Footwork","Shovel","Snake Skull","Thinking Ahead"],"gold_per_floor":[110,110,30,30,30,30,47,47,47,66,66,80,80,80,80,178,178,194,464,490,503,212,222,222,238,238,238,267,267,317,390,390,492,492,511,511,522,522,522,522,539,554,605,621,209,222,234,234,234,234],"floor_reached":50,"campfire_rested":5,"playtime":3203,"current_hp_per_floor":[64,64,64,57,43,43,43,43,43,43,43,34,34,34,55,12,70,70,38,38,33,33,24,45,42,42,63,47,68,68,68,68,47,70,51,69,55,55,55,55,61,39,39,45,45,51,29,29,50,0],"items_purged":["Bane"],"gold":234,"score":474,"play_id":"044d8136-4ad2-48b1-8c44-460fca63dcc9","local_time":"20180404094233","is_prod":false,"is_daily":false,"is_ascension_mode":false,"campfire_upgraded":3,"timestamp":1522849353,"path_taken":["M","?","$","?","?","R","M","R","T","?","?","M","?","?","R","BOSS","M","?","?","M","$","M","R","?","T","R","E","R","?","?","R","BOSS","M","?","M","?","?","R","M","M","T","?","$","M","M","?","R","BOSS"],"build_version":"2018-03-29v2","purchased_purges":3,"victory":false,"master_deck":["Defend_G","Defend_G","Defend_G+1","Defend_G","Defend_G","Strike_G+1","Strike_G+1","Strike_G+1","Survivor","Neutralize+1","Bane","Footwork+1","Noxious Fumes+1","Cloak And Dagger","Malaise+1","Footwork+1","Malaise","Thinking Ahead"],"max_hp_per_floor":[70,70,70,70,70,70,70,70,70,70,70,70,70,70,70,70,70,70,70,70,70,70,70,70,70,70,70,70,70,70,70,70,70,70,70,70,70,70,70,70,70,70,70,70,70,70,70,70,70,70],"relics":["Philosopher\u0027s Stone","Whetstone","Oddly Smooth Stone","Pen Nib","Lizard Tail","Anchor","Shovel","Bird Faced Urn","Ancient Tea Set","Shuriken","Peace Pipe","Sozu","Spirit Poop","Bag of Marbles","Snake Skull"],"card_choices":[{"not_picked":["Deadly Poison","Prepared"],"picked":"Bane","floor":1.0},{"not_picked":["Masterful Stab","Underhanded Strike"],"picked":"Noxious Fumes","floor":12.0},{"not_picked":["All Out Attack","Quick Slash"],"picked":"Cloak And Dagger","floor":18.0},{"not_picked":["Quick Slash","Outmaneuver"],"picked":"Bane","floor":25.0},{"not_picked":["Distraction","Catalyst"],"picked":"Malaise","floor":28.0},{"not_picked":["Accuracy","Quick Slash"],"picked":"Footwork","floor":37},{"not_picked":["Bane","PiercingWail"],"picked":"Malaise","floor":41}],"player_experience":248680,"potions_floor_usage":[],"damage_taken":[{"damage":6.0,"enemies":"Cultist","floor":1.0,"turns":5.0},{"damage":0.0,"enemies":"2 Louse","floor":7.0,"turns":3.0},{"damage":0.0,"enemies":"Small Slimes","floor":10.0,"turns":4.0},{"damage":9.0,"enemies":"Exordium Wildlife","floor":12.0,"turns":6.0},{"damage":43.0,"enemies":"Hexaghost","floor":16.0,"turns":12.0},{"damage":0.0,"enemies":"Shell Parasite","floor":18.0,"turns":5.0},{"damage":5.0,"enemies":"Spheric Guardian","floor":21.0,"turns":8.0},{"damage":9.0,"enemies":"Snake Plant","floor":23.0,"turns":7.0},{"damage":3.0,"enemies":"3 Cultists","floor":25.0,"turns":6.0},{"damage":20.0,"enemies":"Book of Stabbing","floor":28.0,"turns":8.0},{"damage":23.0,"enemies":"Collector","floor":33.0,"turns":12.0},{"damage":22,"enemies":"3 Shapes","floor":35,"turns":6},{"damage":15,"enemies":"3 Darklings","floor":37,"turns":8},{"damage":0,"enemies":"4 Shapes","floor":41,"turns":9},{"damage":28,"enemies":"Sphere and 2 Shapes","floor":42,"turns":9},{"damage":0,"enemies":"Maw","floor":44,"turns":9},{"damage":0,"enemies":"4 Shapes","floor":46,"turns":6},{"damage":28,"enemies":"Sphere and 2 Shapes","floor":47,"turns":9},{"damage":117,"enemies":"Donu and Deca","floor":50,"turns":11}],"event_choices":[{"event_name":"Living Wall","player_choice":"Forget","floor":2.0,"damage_taken":0.0},{"event_name":"Golden Wing","player_choice":"Card Removal","floor":4.0,"damage_taken":0.0},{"event_name":"Shining Light","player_choice":"Entered Light","floor":5.0,"damage_taken":0.0},{"event_name":"Liars Game","player_choice":"disagreed","floor":11.0,"damage_taken":0.0},{"event_name":"Dead Adventurer","player_choice":"Searched \u00271\u0027 times","floor":13.0,"damage_taken":0.0},{"event_name":"Knowing Skull","player_choice":"GOLD GOLD GOLD ","floor":19.0,"damage_taken":0.0},{"event_name":"The Joust","player_choice":"Bet on Murderer","floor":30.0,"damage_taken":0.0},{"event_name":"Winding Halls","player_choice":"Writhe","floor":36,"damage_taken":0},{"event_name":"Bonfire Elementals","player_choice":"CURSE","floor":38,"damage_taken":0},{"event_name":"SensoryStone","player_choice":"Memory 1","floor":39,"damage_taken":0},{"event_name":"Transmorgrifier","player_choice":"Skipped","floor":48,"damage_taken":0}],"boss_relics":[{"not_picked":["Cursed Key","Orrery"],"picked":"Sozu"}],"potions_floor_spawned":[7,10,16,18,35,42,44,46],"seed_played":"-2319411290944251653","killed_by":"Donu and Deca","ascension_level":0,"is_trial":false}