{"path_per_floor":["M","?","$","M","?","R","E","R","T","R","T","E","M","$","R","B",null,"M","?","?","$","?","R","E","R","T","R","M","?","M","M","R","B",null,"M","M","?","$","M","R","M","R","T","R","T","M","?","$","R","B"],"character_chosen":"THE_SILENT","items_purchased":["Noxious Fumes","Footwork","Dodge and Roll","Deflect","Masterful Stab","Well Laid Plans"],"gold_per_floor":[117,117,7,25,25,25,58,58,58,58,84,110,129,29,29,124,124,138,138,138,15,15,15,47,47,77,77,67,67,81,98,98,201,201,221,235,235,24,44,44,55,55,55,55,82,97,97,26,26,26],"floor_reached":51,"campfire_rested":3,"playtime":3976,"current_hp_per_floor":[59,59,59,57,57,57,47,68,68,68,68,51,53,53,53,37,70,54,54,54,54,54,54,22,58,58,58,46,46,45,40,70,70,70,70,60,50,50,58,58,67,67,67,67,67,67,67,67,67,61],"items_purged":["Doubt","Strike_G","Parasite"],"gold":26,"score":700,"play_id":"c4f53f30-9e10-4270-8a74-61924817f1ee","local_time":"20180419114633","is_prod":false,"is_daily":false,"chose_seed":false,"is_ascension_mode":true,"campfire_upgraded":9,"timestamp":1524152793,"path_taken":["M","?","$","?","?","R","E","R","T","R","?","E","?","$","R","BOSS","M","?","?","$","?","R","E","R","T","R","?","?","M","?","R","BOSS","M","M","?","$","M","R","M","R","T","R","?","?","?","?","R","BOSS"],"build_version":"2018-04-12","seed_source_timestamp":0,"purchased_purges":3,"victory":true,"master_deck":["Defend_G","Defend_G","Defend_G","Defend_G","Defend_G","Survivor+1","Neutralize+1","Noxious Fumes+1","Neutralize+1","Flechettes","Poisoned Stab","Glass Knife+1","Footwork+1","Dodge and Roll+1","Blur","Bite+1","Bite+1","Bite+1","Bite+1","Bite+1","Footwork+1","Bane+1","Bandage Up+1","Deflect","Masterful Stab+1","Glass Knife+1","Deflect","Parasite","Decay","Well Laid Plans"],"max_hp_per_floor":[70,70,70,70,70,70,70,70,70,70,70,70,70,70,70,70,70,70,70,70,70,70,70,70,70,70,70,70,70,70,70,70,70,70,70,70,70,67,67,67,67,67,67,67,67,67,67,67,67,67],"relics":["Ring of the Snake","Bottled Lightning","Unceasing Top","Dream Catcher","Cursed Key","Molten Egg 2","Regal Pillow","Tiny Chest","Sozu","Pen Nib","Bag of Preparation"],"card_choices":[{"not_picked":["Catalyst","Distraction"],"picked":"Noxious Fumes","floor":1.0},{"not_picked":["Underhanded Strike","Envenom"],"picked":"Flechettes","floor":4.0},{"not_picked":["Finisher","Setup"],"picked":"Poisoned Stab","floor":7.0},{"not_picked":["Grand Finale","Tools of the Trade"],"picked":"Glass Knife","floor":16.0},{"not_picked":["Deflect","Finisher"],"picked":"Blur","floor":28.0},{"not_picked":["Sucker Punch","Dagger Throw"],"picked":"Footwork","floor":31.0},{"not_picked":["Sucker Punch","PiercingWail"],"picked":"Bane","floor":35.0},{"not_picked":["Madness","Dark Shackles"],"picked":"Bandage Up","floor":37.0},{"not_picked":["Dagger Spray","PiercingWail"],"picked":"Glass Knife","floor":39.0},{"not_picked":["Flying Knee","Caltrops"],"picked":"Deflect","floor":41.0}],"player_experience":254520,"potions_floor_usage":[50],"damage_taken":[{"damage":11.0,"enemies":"Cultist","floor":1.0,"turns":6.0},{"damage":2.0,"enemies":"Small Slimes","floor":4.0,"turns":5.0},{"damage":10.0,"enemies":"Lagavulin","floor":7.0,"turns":7.0},{"damage":17.0,"enemies":"Gremlin Nob","floor":12.0,"turns":4.0},{"damage":0.0,"enemies":"Jaw Worm","floor":13.0,"turns":3.0},{"damage":18.0,"enemies":"Slime Boss","floor":16.0,"turns":10.0},{"damage":16.0,"enemies":"Spheric Guardian","floor":18.0,"turns":5.0},{"damage":34.0,"enemies":"Gremlin Leader","floor":24.0,"turns":9.0},{"damage":14.0,"enemies":"2 Thieves","floor":28.0,"turns":4.0},{"damage":22.0,"enemies":"Snake Plant","floor":30.0,"turns":6.0},{"damage":23.0,"enemies":"Slaver and Parasite","floor":31.0,"turns":6.0},{"damage":19.0,"enemies":"Automaton","floor":33.0,"turns":14.0},{"damage":2.0,"enemies":"Orb Walker","floor":35.0,"turns":4.0},{"damage":25.0,"enemies":"3 Darklings","floor":36.0,"turns":7.0},{"damage":13.0,"enemies":"Sphere and 2 Shapes","floor":39.0,"turns":5.0},{"damage":1.0,"enemies":"Maw","floor":41.0,"turns":8.0},{"damage":0.0,"enemies":"4 Shapes","floor":46.0,"turns":8.0},{"damage":65,"enemies":"Awakened One","floor":50,"turns":20}],"event_choices":[{"event_name":"Match and Keep!","player_choice":"2 cards matched","floor":2.0,"damage_taken":0.0},{"event_name":"Liars Game","player_choice":"disagreed","floor":5.0,"damage_taken":0.0},{"event_name":"The Mausoleum","player_choice":"Yes","floor":19.0,"damage_taken":0.0},{"event_name":"Ghosts","player_choice":"Ignored","floor":20.0,"damage_taken":0.0},{"event_name":"Wheel of Change","player_choice":"Card Removal","floor":22.0,"damage_taken":0.0},{"event_name":"Vampires","player_choice":"Became a vampire (Vial)","floor":29.0,"damage_taken":0.0},{"event_name":"SensoryStone","player_choice":"Memory 3","floor":37.0,"damage_taken":0.0}],"boss_relics":[],"potions_floor_spawned":[1,7,12,28,31,33,35,36,46],"seed_played":"3448560484744453567","ascension_level":1,"is_trial":false}