{"path_per_floor":["M","M","M","?","$","E","R","M","T","R","$","?","M","E","R","B",null,"M","M","?","?","$","E","M","R","T","E"],"character_chosen":"IRONCLAD","items_purchased":["Dropkick","Rampage"],"gold_per_floor":[117,131,147,147,72,104,104,115,140,140,65,15,35,70,70,166,166,181,191,191,191,16,43,60,60,113,138],"floor_reached":28,"campfire_rested":1,"playtime":1161,"current_hp_per_floor":[80,80,80,80,80,68,68,68,68,68,68,68,64,62,62,79,80,65,70,70,70,70,38,27,51,51,20],"items_purged":["Defend_R","Defend_R"],"gold":138,"play_id":"3e4904a1-b5b6-443b-a44b-0dd0ac1a854c","is_prod":false,"is_daily":false,"is_ascension_mode":false,"campfire_upgraded":3,"path_taken":["M","M","M","?","?","E","R","M","T","R","$","?","M","E","R","BOSS","M","M","?","?","$","E","?","R","T","E","M"],"build_version":"2018-01-25-PROD3","purchased_purges":2,"victory":false,"master_deck":["Strike_R+1","Defend_R","Defend_R+1","Bash+1","Twin Strike","Thunderclap+1","Inflame+1","Cleave","Armaments+1","Dropkick","Pommel Strike","Demon Form","Seeing Red+1","Rampage","Limit Break"],"max_hp_per_floor":[80,80,80,80,80,80,80,80,80,80,80,80,80,80,80,80,80,80,80,80,80,80,80,80,80,80,80],"relics":["Black Blood","Whetstone","Gremlin Horn","Bag of Preparation","Ice Cream","Dodecahedron","War Paint","Peace Pipe"],"card_choices":[{"not_picked":["Power Through","Warcry"],"picked":"Twin Strike"},{"not_picked":["Pommel Strike","Power Through"],"picked":"Thunderclap"},{"not_picked":["Burning Pact","Flex"],"picked":"Inflame"},{"not_picked":["Corruption","Searing Blow"],"picked":"Cleave"},{"not_picked":["Perfected Strike","Fiend Fire"],"picked":"Armaments"},{"not_picked":["Rupture","Clothesline"],"picked":"Pommel Strike"},{"not_picked":["Bludgeon","Dark Embrace"],"picked":"Demon Form"},{"not_picked":["Iron Wave","True Grit"],"picked":"Seeing Red"},{"not_picked":["Wild Strike","Reckless Charge"],"picked":"Limit Break"}],"player_experience":63658,"potions_floor_usage":[6,14,16,18,23,27,28],"damage_taken":[{"damage":0,"enemies":"Cultist","floor":1,"turns":2},{"damage":5,"enemies":"2 Louse","floor":2,"turns":3},{"damage":6,"enemies":"Jaw Worm","floor":3,"turns":3},{"damage":27,"enemies":"3 Sentries","floor":6,"turns":5},{"damage":6,"enemies":"Exordium Wildlife","floor":8,"turns":3},{"damage":10,"enemies":"Looter","floor":13,"turns":3},{"damage":14,"enemies":"Gremlin Nob","floor":14,"turns":3},{"damage":4,"enemies":"Slime Boss","floor":16,"turns":6},{"damage":25,"enemies":"2 Thieves","floor":18,"turns":4},{"damage":5,"enemies":"Chosen","floor":19,"turns":4},{"damage":42,"enemies":"Slavers","floor":23,"turns":3},{"damage":21,"enemies":"Centurion and Healer","floor":24,"turns":4},{"damage":41,"enemies":"Book of Stabbing","floor":27,"turns":5},{"damage":30,"enemies":"Slaver and Parasite","floor":28,"turns":2}],"event_choices":[{"event_name":"Living Wall","player_choice":"Forget","floor":4,"damage_taken":0},{"event_name":"The Cleric","player_choice":"Card Removal","floor":12,"damage_taken":0},{"event_name":"Back to Basics","player_choice":"Elegance","floor":20,"damage_taken":0},{"event_name":"Purifier","player_choice":"One Purge","floor":21,"damage_taken":0}],"boss_relics":[{"not_picked":["Mark of Pain","Question Card"],"picked":"Black Blood"}],"potions_floor_spawned":[1,3,8,16,18,23,27],"seed_played":"-4017825739662217352","killed_by":"Slaver and Parasite","ascension_level":0,"is_trial":false}