{"path_per_floor":["M","?","?","M","$","R","M","E","T","M","M","E","R","E","R","B",null,"M","?","M","$","M","R","M","?","T","T","E","$","M","?","R","B",null,"M","$","?","?","?"],"character_chosen":"IRONCLAD","items_purchased":["Rampage","Anchor","Dropkick","Whetstone","Pen Nib"],"gold_per_floor":[11,11,11,25,25,25,36,65,65,80,91,123,123,151,151,254,254,264,264,274,18,31,31,51,51,77,128,453,5,23,23,23,118,118,132,7,0,0,55],"floor_reached":40,"campfire_rested":3,"playtime":1983,"current_hp_per_floor":[80,80,80,78,78,78,78,63,63,64,61,48,72,42,66,23,80,67,67,59,59,60,60,35,61,68,68,50,50,56,41,68,63,92,92,92,92,92,71],"items_purged":["Defend_R","Strike_R","Defend_R"],"gold":55,"play_id":"6d1cf71c-c11c-4c67-8b83-9a14b649bca5","is_prod":false,"is_daily":false,"is_ascension_mode":true,"campfire_upgraded":2,"path_taken":["M","?","?","M","$","R","M","E","T","M","M","E","R","E","R","BOSS","M","?","?","$","M","R","M","?","T","?","E","$","?","?","R","BOSS","M","?","?","?","?","E"],"build_version":"2018-01-25-PROD3","purchased_purges":3,"victory":false,"master_deck":["Strike_R+1","Defend_R","Bash+1","Pommel Strike+1","Cleave","Armaments+1","Rampage+1","Dropkick"],"max_hp_per_floor":[80,80,80,80,80,80,80,80,80,80,80,80,80,80,80,80,80,80,80,80,80,80,80,80,80,87,87,87,87,87,92,92,92,92,92,92,92,92,92],"relics":["Burning Blood","Vajra","Matryoshka","Bronze Scales","Charon\u0027s Ashes","White Beast Statue","Anchor","War Paint","Strawberry","Shuriken","Lantern","Old Coin","Whetstone","Pen Nib","Black Star","Red Mask","Champion Belt"],"card_choices":[{"not_picked":["Exhume","Headbutt"],"picked":"Pommel Strike"},{"not_picked":["Bloodletting","Infernal Blade"],"picked":"Cleave"},{"not_picked":["Rage","Thunderclap"],"picked":"Shrug It Off"},{"not_picked":["Havoc","Metallicize"],"picked":"Armaments"}],"player_experience":54265,"potions_floor_usage":[8,8,12,18,22,24,28,30,33,33,35,39,39,40],"damage_taken":[{"damage":0,"enemies":"2 Louse","floor":1,"turns":3},{"damage":8,"enemies":"Blue Slaver","floor":4,"turns":5},{"damage":6,"enemies":"Jaw Worm","floor":7,"turns":3},{"damage":21,"enemies":"Lagavulin","floor":8,"turns":5},{"damage":5,"enemies":"Looter","floor":10,"turns":2},{"damage":9,"enemies":"Gremlin Gang","floor":11,"turns":4},{"damage":19,"enemies":"3 Sentries","floor":12,"turns":5},{"damage":36,"enemies":"Lagavulin","floor":14,"turns":5},{"damage":49,"enemies":"The Guardian","floor":16,"turns":13},{"damage":19,"enemies":"Chosen","floor":18,"turns":5},{"damage":14,"enemies":"3 Byrds","floor":20,"turns":4},{"damage":5,"enemies":"Snake Plant","floor":22,"turns":3},{"damage":31,"enemies":"Slaver and Parasite","floor":24,"turns":6},{"damage":24,"enemies":"Book of Stabbing","floor":28,"turns":4},{"damage":0,"enemies":"Snecko","floor":30,"turns":3},{"damage":11,"enemies":"Collector","floor":33,"turns":6},{"damage":0,"enemies":"Orb Walker","floor":35,"turns":2},{"damage":27,"enemies":"Mysterious Sphere","floor":39,"turns":4},{"damage":93,"enemies":"Nemesis","floor":40,"turns":6}],"event_choices":[{"event_name":"Purifier","player_choice":"One Purge","floor":2,"damage_taken":0},{"event_name":"Bonfire Elementals","player_choice":"BASIC","floor":3,"damage_taken":0},{"event_name":"Drug Dealer","player_choice":"Ignored","floor":19,"damage_taken":0},{"event_name":"The Library","player_choice":"Heal","floor":25,"damage_taken":0},{"event_name":"Forgotten Altar","player_choice":"Shed Blood","floor":31,"damage_taken":0},{"event_name":"Tomb of Lord Red Mask","player_choice":"Paid","floor":37,"damage_taken":0},{"event_name":"Mysterious Sphere","player_choice":"Fight","floor":39,"damage_taken":0}],"boss_relics":[{"not_picked":["Snecko Eye","Tiny House"],"picked":"White Beast Statue"},{"not_picked":["Philosopher\u0027s Stone","Sozu"],"picked":"Black Star"}],"potions_floor_spawned":[4,7,11,12,16,18,20,22,24,28,30,33,35,39],"seed_played":"7698127601485837581","killed_by":"Nemesis","ascension_level":1,"is_trial":false}