{"path_per_floor":["M","M","?","M","$","E","M","$","T","?","M","R","?","E","R","B",null,"M","?","?","$","M","E","R","E","T","R","M","M","T","E","R","B",null,"M","?","?","M","$","R","M","?","T","R","M","R","E","$","R","B"],"character_chosen":"IRONCLAD","items_purchased":["Armaments","Block Potion","Thread and Needle","Regen Potion"],"gold_per_floor":[118,133,133,147,0,25,38,38,38,60,75,75,75,109,109,210,210,220,135,60,60,71,101,101,126,126,126,146,166,240,267,267,363,363,376,429,429,444,57,57,77,0,23,23,39,39,68,19,19,19],"floor_reached":51,"campfire_rested":2,"playtime":2636,"current_hp_per_floor":[43,43,43,38,38,25,31,31,31,30,32,56,49,51,51,53,80,80,80,80,80,80,72,72,76,76,76,78,76,76,65,65,39,87,87,72,72,74,74,74,77,77,77,77,85,85,25,25,67,55],"items_purged":["Defend_R","Wild Strike"],"gold":19,"play_id":"1770d800-b6a1-4921-82e1-93493c87d4e3","is_prod":false,"is_daily":false,"is_ascension_mode":false,"campfire_upgraded":4,"path_taken":["M","M","?","M","$","E","?","$","T","?","M","R","?","E","R","BOSS","M","?","?","$","M","E","R","E","T","R","M","M","?","E","R","BOSS","M","?","?","M","?","R","M","?","T","R","M","R","E","$","R","BOSS"],"build_version":"2018-02-01-PROD1","purchased_purges":2,"victory":true,"master_deck":["Defend_R","Bash","Dropkick","Infernal Blade+1","Rampage+1","Armaments+1","Shrug It Off","Offering","Whirlwind","Demon Form+1","Thunderclap+1","True Grit+1","Rampage+1"],"max_hp_per_floor":[80,80,80,80,80,80,80,80,80,80,80,80,80,80,80,80,80,80,80,80,80,80,80,80,80,80,80,80,80,80,80,80,80,87,87,87,87,87,87,87,87,87,87,87,89,89,91,91,91,91],"relics":["Burning Blood","Anchor","Champion Belt","Odd Mushroom","Bag of Marbles","Velvet Choker","Omamori","Bottled Tornado","Bronze Scales","Bag of Preparation","Molten Egg 2","Juzu Bracelet","Calling Bell","Regal Pillow","Vajra","Strawberry","Peace Pipe","Thread and Needle","Red Mask","Singing Bowl","Frozen Egg 2"],"card_choices":[{"not_picked":["Dual Wield","Thunderclap"],"picked":"Dropkick"},{"not_picked":["Sentinel","Combust"],"picked":"Infernal Blade"},{"not_picked":["Battle Trance","Havoc"],"picked":"Rampage"},{"not_picked":["Clash","Inflame"],"picked":"Shrug It Off"},{"not_picked":["Fire Breathing","Rampage"],"picked":"Offering"},{"not_picked":["Disarm","Bloodletting"],"picked":"Whirlwind"},{"not_picked":["Juggernaut","Impervious"],"picked":"Demon Form"},{"not_picked":["Clash","Anger"],"picked":"Thunderclap"},{"not_picked":["Body Slam","Havoc"],"picked":"Wild Strike"},{"not_picked":["Evolve","Body Slam"],"picked":"Thunderclap"},{"not_picked":["Wild Strike","Shrug It Off"],"picked":"True Grit"},{"not_picked":["Bludgeon","Shockwave"],"picked":"Rampage"}],"player_experience":67902,"potions_floor_usage":[2,6,10,16,23,25,31,31,35,41,50,50],"damage_taken":[{"damage":3,"enemies":"Cultist","floor":1,"turns":5},{"damage":6,"enemies":"Jaw Worm","floor":2,"turns":3},{"damage":11,"enemies":"Blue Slaver","floor":4,"turns":5},{"damage":19,"enemies":"Lagavulin","floor":6,"turns":4},{"damage":0,"enemies":"Gremlin Gang","floor":7,"turns":6},{"damage":7,"enemies":"The Mushroom Lair","floor":10,"turns":4},{"damage":4,"enemies":"Looter","floor":11,"turns":2},{"damage":4,"enemies":"Gremlin Nob","floor":14,"turns":1},{"damage":4,"enemies":"Slime Boss","floor":16,"turns":5},{"damage":4,"enemies":"Shell Parasite","floor":18,"turns":4},{"damage":6,"enemies":"Chosen","floor":22,"turns":4},{"damage":14,"enemies":"Gremlin Leader","floor":23,"turns":5},{"damage":8,"enemies":"Book of Stabbing","floor":25,"turns":4},{"damage":4,"enemies":"Centurion and Healer","floor":28,"turns":2},{"damage":8,"enemies":"3 Cultists","floor":29,"turns":3},{"damage":17,"enemies":"Slavers","floor":31,"turns":4},{"damage":32,"enemies":"Automaton","floor":33,"turns":6},{"damage":6,"enemies":"3 Darklings","floor":35,"turns":3},{"damage":21,"enemies":"Mysterious Sphere","floor":36,"turns":3},{"damage":4,"enemies":"Orb Walker","floor":38,"turns":3},{"damage":15,"enemies":"Maw","floor":41,"turns":5},{"damage":0,"enemies":"3 Darklings","floor":45,"turns":3},{"damage":68,"enemies":"Nemesis","floor":47,"turns":7},{"damage":33,"enemies":"Time Eater","floor":50,"turns":8}],"event_choices":[{"event_name":"Living Wall","player_choice":"Forget","floor":3,"damage_taken":0},{"event_name":"Mushrooms","player_choice":"Fought Mushrooms","floor":10,"damage_taken":0},{"event_name":"Golden Wing","player_choice":"Card Removal","floor":13,"damage_taken":0},{"event_name":"Addict","player_choice":"Obtained Relic","floor":19,"damage_taken":0},{"event_name":"Beggar","player_choice":"Gave Gold","floor":20,"damage_taken":0},{"event_name":"Mysterious Sphere","player_choice":"Fight","floor":36,"damage_taken":0},{"event_name":"Fountain of Cleansing","player_choice":"Removed Curse","floor":37,"damage_taken":0},{"event_name":"Tomb of Lord Red Mask","player_choice":"Paid","floor":42,"damage_taken":0}],"boss_relics":[{"not_picked":["Cursed Key","Tiny House"],"picked":"Velvet Choker"},{"not_picked":["Sozu","White Beast Statue"],"picked":"Calling Bell"}],"potions_floor_spawned":[1,6,7,11,14,23,28,31,35,47],"seed_played":"-4126822836168890051","ascension_level":0,"is_trial":false}