{"path_per_floor":["M","?","M","?","M","E","M","M","T","M","$","E","R","?","R","B",null,"M","?","M","?","M","E","M","?","T","R","?","R","$","E","R","B",null,"M","?","M","?","M","E","R","E","T","R","M","M","?","?","R","B"],"character_chosen":"IRONCLAD","items_purchased":["Bronze Scales","Bludgeon"],"gold_per_floor":[113,113,123,123,140,165,177,188,213,227,5,40,40,40,40,144,144,161,141,151,66,77,110,127,127,178,178,178,178,26,53,53,149,149,161,0,10,10,25,55,55,89,89,89,109,128,128,128,128,128],"floor_reached":51,"campfire_rested":3,"playtime":2873,"current_hp_per_floor":[80,80,80,80,80,70,60,64,64,59,59,52,79,84,84,45,95,92,92,95,95,95,56,55,55,55,55,55,55,55,64,64,36,95,95,95,88,88,68,35,63,65,65,65,67,61,51,51,79,41],"items_purged":["Defend_R"],"gold":128,"play_id":"8fc6159a-9eb9-493e-a6ed-75f59e34ba36","is_prod":false,"is_daily":false,"is_ascension_mode":true,"campfire_upgraded":5,"path_taken":["M","?","?","?","M","E","M","M","T","M","$","E","R","?","R","BOSS","M","?","M","?","M","E","M","?","T","R","?","R","$","E","R","BOSS","M","?","?","?","M","E","R","E","T","R","?","M","?","?","R","BOSS"],"build_version":"2018-01-25-PROD3","purchased_purges":1,"victory":true,"master_deck":["Strike_R","Strike_R","Strike_R","Strike_R","Defend_R","Defend_R","Bash+1","Headbutt","Cleave","Twin Strike","Shrug It Off","Shrug It Off","Infernal Blade+1","Pommel Strike+1","Headbutt+1","Battle Trance","Spot Weakness+1","Bludgeon+1","Thunderclap+1","Heavy Blade+1","Shrug It Off+1","Madness","Madness"],"max_hp_per_floor":[80,80,80,80,80,90,90,90,90,90,90,90,90,95,95,95,95,95,95,95,95,95,95,95,95,95,95,95,95,95,95,95,95,95,95,95,95,95,95,95,95,95,95,95,95,95,95,95,95,95],"relics":["Burning Blood","NeowsBlessing","Pear","Oddly Smooth Stone","Bronze Scales","Centennial Puzzle","Velvet Choker","Bag of Preparation","Meat on the Bone","Omamori","Shuriken","Lizard Tail","Red Mask","Orichalcum","Bottled Flame","Darkstone Periapt"],"card_choices":[{"not_picked":["Disarm","Iron Wave"],"picked":"Headbutt"},{"not_picked":["Sword Boomerang","True Grit"],"picked":"Cleave"},{"not_picked":["Sword Boomerang","True Grit"],"picked":"Twin Strike"},{"not_picked":["Armaments","Heavy Blade"],"picked":"Shrug It Off"},{"not_picked":["Wild Strike","Infernal Blade"],"picked":"Shrug It Off"},{"not_picked":["Intimidate","Disarm"],"picked":"Infernal Blade"},{"not_picked":["Impervious","Reaper"],"picked":"Limit Break"},{"not_picked":["True Grit","Wild Strike"],"picked":"Pommel Strike"},{"not_picked":["Seeing Red","Power Through"],"picked":"Headbutt"},{"not_picked":["Perfected Strike","Hemokinesis"],"picked":"Battle Trance"},{"not_picked":["Intimidate","Headbutt"],"picked":"Thunderclap"},{"not_picked":["Seeing Red","Bloodletting"],"picked":"Heavy Blade"},{"not_picked":["Iron Wave","Headbutt"],"picked":"Shrug It Off"}],"player_experience":58898,"potions_floor_usage":[6,6,12,20,23,23,40,40,42],"damage_taken":[{"damage":0,"enemies":"Jaw Worm","floor":1,"turns":1},{"damage":0,"enemies":"Blue Slaver","floor":3,"turns":1},{"damage":0,"enemies":"2 Louse","floor":5,"turns":1},{"damage":26,"enemies":"3 Sentries","floor":6,"turns":4},{"damage":16,"enemies":"Red Slaver","floor":7,"turns":4},{"damage":2,"enemies":"3 Louse","floor":8,"turns":3},{"damage":11,"enemies":"Exordium Wildlife","floor":10,"turns":4},{"damage":13,"enemies":"Lagavulin","floor":12,"turns":7},{"damage":45,"enemies":"The Guardian","floor":16,"turns":14},{"damage":9,"enemies":"2 Thieves","floor":18,"turns":4},{"damage":1,"enemies":"Shell Parasite","floor":20,"turns":3},{"damage":3,"enemies":"Snecko","floor":22,"turns":4},{"damage":45,"enemies":"Gremlin Leader","floor":23,"turns":8},{"damage":7,"enemies":"Chosen and Byrds","floor":24,"turns":4},{"damage":9,"enemies":"Book of Stabbing","floor":31,"turns":3},{"damage":46,"enemies":"Champ","floor":33,"turns":8},{"damage":5,"enemies":"3 Shapes","floor":35,"turns":5},{"damage":13,"enemies":"3 Darklings","floor":37,"turns":4},{"damage":26,"enemies":"Sphere and 2 Shapes","floor":39,"turns":5},{"damage":69,"enemies":"Giant Head","floor":40,"turns":7},{"damage":16,"enemies":"2 Orb Walkers","floor":42,"turns":3},{"damage":4,"enemies":"Maw","floor":45,"turns":6},{"damage":12,"enemies":"3 Darklings","floor":46,"turns":3},{"damage":103,"enemies":"Time Eater","floor":50,"turns":10}],"event_choices":[{"event_name":"Transmorgrifier","player_choice":"Transform","floor":2,"damage_taken":0},{"event_name":"Living Wall","player_choice":"Forget","floor":4,"damage_taken":0},{"event_name":"Big Fish","player_choice":"Donut","floor":14,"damage_taken":0},{"event_name":"The Woman in Blue","player_choice":"Bought 1 Potion","floor":19,"damage_taken":0},{"event_name":"Addict","player_choice":"Obtained Relic","floor":21,"damage_taken":0},{"event_name":"Cursed Tome","player_choice":"Ignored","floor":25,"damage_taken":0},{"event_name":"Transmorgrifier","player_choice":"Transform","floor":28,"damage_taken":0},{"event_name":"Tomb of Lord Red Mask","player_choice":"Paid","floor":36,"damage_taken":0},{"event_name":"Winding Halls","player_choice":"Embrace Madness","floor":47,"damage_taken":0},{"event_name":"Mysterious Sphere","player_choice":"Ignore","floor":48,"damage_taken":0}],"boss_relics":[{"not_picked":["Philosopher\u0027s Stone","White Beast Statue"],"picked":"Velvet Choker"},{"not_picked":["Orrery","Astrolabe"],"picked":"Lizard Tail"}],"potions_floor_spawned":[1,5,8,16,18,24,37,39],"seed_played":"2812731423549270997","ascension_level":1,"is_trial":false}