{"path_per_floor":["M","?","$","M","M","E","R","E","T","M","R","M","E","M","R","B",null,"M","M","?","$","M","R","M","R","T","?","$","M","M","M","R","B",null,"M","?","$","M","M","R","M","R","T","M","?","R","T","M","R"],"character_chosen":"IRONCLAD","items_purchased":["Offering","Bag of Marbles","Strength Potion","Oddly Smooth Stone"],"gold_per_floor":[109,109,39,59,77,112,112,141,141,160,160,176,204,220,220,318,318,334,345,345,125,137,137,152,152,152,152,3,16,35,55,55,150,150,170,170,21,31,44,44,63,63,145,155,155,155,455,468,468],"floor_reached":50,"campfire_rested":6,"playtime":1408,"current_hp_per_floor":[80,80,80,79,74,60,60,36,36,35,59,57,51,46,70,33,80,70,53,53,53,17,41,31,55,69,69,69,71,77,79,79,57,94,93,93,93,81,69,94,94,94,94,78,78,94,94,94,94],"items_purged":["Strike_R","Strike_R"],"gold":468,"score":506,"play_id":"b1671482-77d8-4afa-9812-842a49291609","is_prod":false,"is_daily":false,"is_ascension_mode":true,"campfire_upgraded":4,"path_taken":["M","?","?","M","M","E","R","E","T","M","R","?","E","M","R","BOSS","M","M","?","$","?","R","M","R","T","?","$","M","M","M","R","BOSS","M","?","$","M","M","R","M","R","T","M","?","R","?","M","R","BOSS"],"build_version":"2018-02-15-PROD1","purchased_purges":3,"victory":false,"master_deck":["Strike_R","Strike_R","Defend_R+1","Defend_R","Bash","Pommel Strike","Bloodletting+1","Offering+1","Whirlwind+1","Shrug It Off","Pommel Strike+1","Inflame","Armaments+1","Rampage+1","Seeing Red","Uppercut+1","Double Tap+1","Blood for Blood+1","Uppercut+1","Shockwave+1","Clothesline+1"],"max_hp_per_floor":[80,80,80,80,80,80,80,80,80,80,80,80,80,80,80,80,80,80,80,80,80,80,80,80,80,94,94,94,94,94,94,94,94,94,94,94,94,94,94,94,94,94,94,94,94,94,94,94,94],"relics":["Burning Blood","War Paint","Toolbox","Unceasing Top","Bottled Flame","Snecko Eye","Bag of Marbles","Mango","Mark of Pain","Oddly Smooth Stone","The Courier","Old Coin"],"card_choices":[{"not_picked":["Dark Embrace","Warcry"],"picked":"Pommel Strike"},{"not_picked":["Intimidate","Heavy Blade"],"picked":"Whirlwind"},{"not_picked":["Entrench","Clash"],"picked":"Shrug It Off"},{"not_picked":["Evolve","Clash"],"picked":"Pommel Strike"},{"not_picked":["Sever Soul","Sentinel"],"picked":"Inflame"},{"not_picked":["Body Slam","Twin Strike"],"picked":"Armaments"},{"not_picked":["Evolve","Wild Strike"],"picked":"Rampage"},{"not_picked":["Headbutt","Flex"],"picked":"Seeing Red"},{"not_picked":["Bludgeon","Pommel Strike"],"picked":"Uppercut"},{"not_picked":["Offering","Immolate"],"picked":"Double Tap"},{"not_picked":["Iron Wave","Shrug It Off"],"picked":"Blood for Blood"},{"not_picked":["True Grit","Clash"],"picked":"Uppercut"},{"not_picked":["Reckless Charge","Twin Strike"],"picked":"Shockwave"},{"not_picked":["Iron Wave","Perfected Strike"],"picked":"Clothesline"}],"player_experience":105383,"potions_floor_usage":[6,16,18,19,19,30,33,33,33,38,44,48],"damage_taken":[{"damage":4,"enemies":"Small Slimes","floor":1,"turns":4},{"damage":7,"enemies":"Cultist","floor":4,"turns":2},{"damage":11,"enemies":"Jaw Worm","floor":5,"turns":2},{"damage":20,"enemies":"Gremlin Nob","floor":6,"turns":3},{"damage":30,"enemies":"Lagavulin","floor":8,"turns":3},{"damage":7,"enemies":"Looter","floor":10,"turns":1},{"damage":8,"enemies":"Red Slaver","floor":12,"turns":2},{"damage":12,"enemies":"Gremlin Nob","floor":13,"turns":3},{"damage":11,"enemies":"Blue Slaver","floor":14,"turns":3},{"damage":43,"enemies":"The Guardian","floor":16,"turns":7},{"damage":16,"enemies":"Shell Parasite","floor":18,"turns":3},{"damage":23,"enemies":"2 Thieves","floor":19,"turns":3},{"damage":42,"enemies":"Snake Plant","floor":22,"turns":4},{"damage":16,"enemies":"Snecko","floor":24,"turns":4},{"damage":4,"enemies":"Chosen and Byrds","floor":29,"turns":3},{"damage":0,"enemies":"Snake Plant","floor":30,"turns":1},{"damage":4,"enemies":"Centurion and Healer","floor":31,"turns":1},{"damage":28,"enemies":"Collector","floor":33,"turns":5},{"damage":7,"enemies":"3 Darklings","floor":35,"turns":1},{"damage":18,"enemies":"3 Shapes","floor":38,"turns":2},{"damage":18,"enemies":"Sphere and 2 Shapes","floor":39,"turns":1},{"damage":0,"enemies":"3 Darklings","floor":41,"turns":1},{"damage":22,"enemies":"Maw","floor":44,"turns":5},{"damage":3,"enemies":"Sphere and 2 Shapes","floor":48,"turns":2},{"damage":94,"enemies":"Donu and Deca","floor":50,"turns":5}],"event_choices":[{"event_name":"Transmorgrifier","player_choice":"Transform","floor":2,"damage_taken":0},{"event_name":"Drug Dealer","player_choice":"Ignored","floor":20,"damage_taken":0},{"event_name":"Purifier","player_choice":"One Purge","floor":27,"damage_taken":0},{"event_name":"Mysterious Sphere","player_choice":"Ignore","floor":45,"damage_taken":0}],"boss_relics":[{"not_picked":["Orrery","Calling Bell"],"picked":"Snecko Eye"},{"not_picked":["Velvet Choker","Eternal Feather"],"picked":"Mark of Pain"}],"potions_floor_spawned":[1,10,13,14,18,29,30,31,33,38,41],"seed_played":"-3192647603823982467","killed_by":"Donu and Deca","ascension_level":3,"is_trial":false}