{"path_per_floor":["M","M","T","?","$","R","M","M","T","R","?","R","M","?","R","B",null,"M","?","?","$","?","R","E","$","T","R","M","R","?","M","R"],"character_chosen":"IRONCLAD","items_purchased":["Singing Bowl","Fire Potion"],"gold_per_floor":[15,30,54,54,54,54,73,92,92,92,92,92,111,73,73,170,170,190,190,190,45,45,45,72,22,46,46,62,62,62,79,79],"floor_reached":33,"campfire_rested":1,"playtime":1029,"current_hp_per_floor":[62,61,61,80,80,80,80,74,74,74,74,74,76,76,76,11,80,68,68,52,52,37,77,37,37,37,37,46,46,75,82,92],"items_purged":[],"gold":79,"score":301,"play_id":"cfbe4e10-3d73-4efe-a4c2-5f52641b83e0","is_prod":false,"is_daily":false,"is_ascension_mode":true,"campfire_upgraded":0,"path_taken":["M","M","?","?","$","R","M","M","T","R","?","R","M","?","R","BOSS","M","?","?","$","?","R","E","?","T","R","?","R","?","?","R","BOSS"],"build_version":"2018-02-12-PROD1","purchased_purges":0,"victory":false,"master_deck":["Strike_R","Strike_R","Strike_R","Strike_R","Defend_R","Defend_R","Defend_R","Defend_R","Bash","Pommel Strike","Infernal Blade+1","Inflame","Headbutt","Feed","Shrug It Off+1"],"max_hp_per_floor":[80,80,80,80,80,80,80,80,80,80,80,80,80,80,80,80,80,80,80,80,80,85,85,87,87,87,87,87,87,87,89,99],"relics":["Burning Blood","Shovel","Bag of Preparation","Omamori","Magic Flower","Peace Pipe","Kunai","Regal Pillow","Velvet Choker","Nilry\u0027s Codex","Singing Bowl","Du-Vu Doll","Lantern","Orichalcum","Vajra","Pear"],"card_choices":[{"not_picked":["Flame Barrier","Inflame"],"picked":"Pommel Strike"},{"not_picked":["Body Slam","Fire Breathing"],"picked":"Infernal Blade"},{"not_picked":["Armaments","Clash"],"picked":"Inflame"},{"not_picked":["Iron Wave","Twin Strike"],"picked":"Headbutt"},{"not_picked":["Brutality","Reaper"],"picked":"Feed"},{"not_picked":["Sever Soul","Fiend Fire"],"picked":"Shrug It Off"}],"player_experience":96425,"potions_floor_usage":[18,24,24,28,33],"damage_taken":[{"damage":24,"enemies":"Blue Slaver","floor":1,"turns":4},{"damage":7,"enemies":"Small Slimes","floor":2,"turns":3},{"damage":1,"enemies":"Cultist","floor":7,"turns":3},{"damage":12,"enemies":"Looter","floor":8,"turns":4},{"damage":7,"enemies":"Exordium Wildlife","floor":13,"turns":3},{"damage":74,"enemies":"The Guardian","floor":16,"turns":15},{"damage":21,"enemies":"Shell Parasite","floor":18,"turns":6},{"damage":51,"enemies":"Book of Stabbing","floor":24,"turns":5},{"damage":0,"enemies":"Spheric Guardian","floor":28,"turns":2},{"damage":4,"enemies":"Snecko","floor":31,"turns":4},{"damage":96,"enemies":"Collector","floor":33,"turns":12}],"event_choices":[{"event_name":"Big Fish","player_choice":"Banana","floor":4,"damage_taken":0},{"event_name":"Living Wall","player_choice":"Grow","floor":11,"damage_taken":0},{"event_name":"World of Goop","player_choice":"Left","floor":14,"damage_taken":0},{"event_name":"Purifier","player_choice":"One Purge","floor":19,"damage_taken":0},{"event_name":"Cursed Tome","player_choice":"Obtained Book","floor":20,"damage_taken":0},{"event_name":"Forgotten Altar","player_choice":"Shed Blood","floor":22,"damage_taken":0},{"event_name":"The Library","player_choice":"Heal","floor":30,"damage_taken":0}],"boss_relics":[{"not_picked":["Runic Dome","Eternal Feather"],"picked":"Velvet Choker"}],"potions_floor_spawned":[1,13,16,31],"seed_played":"1604117134539777142","killed_by":"Collector","ascension_level":2,"is_trial":false}