{"path_per_floor":["M","M","M","M","M","R","T","E","T","M","$","E","R","M","R","B",null,"M","M","M","?","$","E","R","M","T","?","?","R","E","M","R","B",null,"M","?","?","?","$","R"],"character_chosen":"IRONCLAD","items_purchased":["Rampage","Shuriken","Juzu Bracelet","Whirlwind","Paper Frog"],"gold_per_floor":[118,136,151,171,186,186,267,300,352,366,40,74,74,84,84,179,179,197,213,228,228,38,64,64,83,83,83,83,83,118,130,130,233,233,250,304,304,304,47,47],"floor_reached":41,"campfire_rested":4,"playtime":1341,"current_hp_per_floor":[73,78,79,80,65,65,65,45,45,48,48,45,45,38,62,35,80,68,74,50,50,50,34,58,34,34,34,34,58,64,61,80,25,80,76,52,52,42,42,42],"items_purged":[],"gold":47,"score":416,"play_id":"93182f09-8efe-43df-86be-e2a845f582ff","is_prod":false,"is_daily":false,"is_ascension_mode":false,"campfire_upgraded":1,"path_taken":["M","M","M","?","?","R","?","E","T","M","$","E","R","M","R","BOSS","M","M","M","?","?","E","R","M","T","?","?","R","E","M","R","BOSS","M","?","?","?","$","R","E"],"build_version":"2018-02-08-PROD1","purchased_purges":0,"victory":false,"master_deck":["Strike_R+1","Strike_R+1","Strike_R+1","Strike_R+1","Defend_R+1","Defend_R+1","Defend_R+1","Defend_R+1","Bash","Inflame+1","Clash","Cleave","Spot Weakness","Rampage","Limit Break+1","Shrug It Off","Whirlwind","Limit Break","Double Tap","Madness","Madness"],"max_hp_per_floor":[80,80,80,80,80,80,80,80,80,80,80,80,80,80,80,80,80,80,80,80,80,80,80,80,80,80,80,80,80,80,80,80,80,80,80,80,80,80,80,80],"relics":["Burning Blood","Peace Pipe","Happy Flower","Shuriken","Self Forming Clay","Sozu","Nloth\u0027s Gift","Juzu Bracelet","Bottled Flame","Du-Vu Doll","Vajra","Question Card","Shovel","Paper Frog","Blue Candle"],"card_choices":[{"not_picked":["Pommel Strike","Headbutt"],"picked":"Inflame"},{"not_picked":["Iron Wave","Shockwave"],"picked":"Clash"},{"not_picked":["Headbutt","Sentinel"],"picked":"Cleave"},{"not_picked":["Sever Soul","Flex"],"picked":"Spot Weakness"},{"not_picked":["Reaper","Berserk"],"picked":"Limit Break"},{"not_picked":["Flex","Havoc"],"picked":"Shrug It Off"},{"not_picked":["Bludgeon","Reaper"],"picked":"Limit Break"},{"not_picked":["Armaments","Intimidate","Sword Boomerang"],"picked":"Double Tap"}],"player_experience":81915,"potions_floor_usage":[4,12,12],"damage_taken":[{"damage":13,"enemies":"Blue Slaver","floor":1,"turns":6},{"damage":1,"enemies":"Cultist","floor":2,"turns":3},{"damage":5,"enemies":"Small Slimes","floor":3,"turns":3},{"damage":0,"enemies":"Exordium Thugs","floor":4,"turns":4},{"damage":21,"enemies":"3 Louse","floor":5,"turns":3},{"damage":26,"enemies":"Lagavulin","floor":8,"turns":6},{"damage":3,"enemies":"Red Slaver","floor":10,"turns":3},{"damage":9,"enemies":"3 Sentries","floor":12,"turns":4},{"damage":13,"enemies":"Exordium Thugs","floor":14,"turns":4},{"damage":33,"enemies":"The Guardian","floor":16,"turns":7},{"damage":18,"enemies":"Spheric Guardian","floor":18,"turns":4},{"damage":0,"enemies":"Chosen","floor":19,"turns":5},{"damage":30,"enemies":"Sentry and Sphere","floor":20,"turns":5},{"damage":22,"enemies":"Book of Stabbing","floor":23,"turns":5},{"damage":30,"enemies":"Cultist and Chosen","floor":25,"turns":6},{"damage":0,"enemies":"Gremlin Leader","floor":30,"turns":6},{"damage":9,"enemies":"Snake Plant","floor":31,"turns":3},{"damage":61,"enemies":"Automaton","floor":33,"turns":7},{"damage":10,"enemies":"3 Darklings","floor":35,"turns":4},{"damage":30,"enemies":"Mysterious Sphere","floor":36,"turns":3},{"damage":57,"enemies":"Nemesis","floor":41,"turns":6}],"event_choices":[{"event_name":"N\u0027loth","player_choice":"Traded a Tiny Chest","floor":21,"damage_taken":0},{"event_name":"Upgrade Shrine","player_choice":"Upgraded","floor":27,"damage_taken":0},{"event_name":"Back to Basics","player_choice":"Simplicity","floor":28,"damage_taken":0},{"event_name":"Mysterious Sphere","player_choice":"Fight","floor":36,"damage_taken":0},{"event_name":"Tomb of Lord Red Mask","player_choice":"Ignored","floor":37,"damage_taken":0},{"event_name":"Winding Halls","player_choice":"Embrace Madness","floor":38,"damage_taken":0}],"boss_relics":[{"not_picked":["Eternal Feather","Runic Pyramid"],"picked":"Sozu"},{"not_picked":["Snecko Eye","Mark of Pain"],"picked":"Question Card"}],"potions_floor_spawned":[2,3,10,16,20,23,33],"seed_played":"-2999596715667205370","killed_by":"Nemesis","ascension_level":0,"is_trial":false}