{"path_per_floor":["M","M","$","M","?","E","R","T","T","R","M","M","M","E","R","B",null,"M","$","?","M","?","E","M","M","T","R","M","R","?","M","R","B",null,"M","$","?","M","$","R","M"],"character_chosen":"IRONCLAD","items_purchased":["Bottled Lightning","Lantern"],"gold_per_floor":[112,124,49,63,63,88,88,88,134,134,152,164,175,204,204,306,306,326,69,69,88,88,117,137,157,157,157,172,172,172,192,192,287,287,299,46,46,61,61,61,72],"floor_reached":42,"campfire_rested":4,"playtime":1714,"current_hp_per_floor":[71,65,65,60,53,31,31,31,31,52,56,52,58,58,58,36,72,72,72,56,61,61,24,27,53,53,72,49,70,70,66,72,27,72,72,72,63,72,72,72,72],"items_purged":["Defend_R","Strike_R"],"gold":72,"score":380,"play_id":"b2902e6d-803a-449c-93f5-e7633ba6bc69","is_prod":false,"is_daily":false,"is_ascension_mode":false,"campfire_upgraded":3,"path_taken":["M","M","?","M","?","E","R","?","T","R","?","M","M","E","R","BOSS","M","$","?","M","?","E","?","M","T","R","M","R","?","M","R","BOSS","M","$","?","?","$","R","M","E"],"build_version":"2018-02-08-PROD1","purchased_purges":2,"victory":false,"master_deck":["Strike_R+1","Strike_R+1","Defend_R+1","Defend_R+1","Bash","Armaments+1","Fiend Fire+1","Warcry+1","Flex","Pommel Strike","Whirlwind+1","Rampage","Spot Weakness+1","Reaper","Heavy Blade+1","Shrug It Off+1","Madness","Madness"],"max_hp_per_floor":[72,72,72,72,72,72,72,72,72,72,72,72,72,72,72,72,72,72,72,72,72,72,72,72,72,72,72,72,72,72,72,72,72,72,72,72,72,72,72,72,72],"relics":["Black Blood","Meat on the Bone","Sundial","Bag of Marbles","Orichalcum","Bottled Lightning","Nilry\u0027s Codex","Centennial Puzzle","War Paint","Snecko Eye","Lantern"],"card_choices":[{"not_picked":["Havoc","Hemokinesis"],"picked":"Warcry"},{"not_picked":["Wild Strike","Twin Strike"],"picked":"Flex"},{"not_picked":["Clothesline","Uppercut"],"picked":"Pommel Strike"},{"not_picked":["Pommel Strike","Seeing Red"],"picked":"Whirlwind"},{"not_picked":["Headbutt","Double Tap"],"picked":"Rampage"},{"not_picked":["Iron Wave","Pummel"],"picked":"Spot Weakness"},{"not_picked":["Double Tap","Brutality"],"picked":"Reaper"},{"not_picked":["Wild Strike","Iron Wave"],"picked":"Heavy Blade"},{"not_picked":["Iron Wave","Pummel"],"picked":"Shrug It Off"}],"player_experience":80201,"potions_floor_usage":[14,14,14,25,38,41],"damage_taken":[{"damage":7,"enemies":"Blue Slaver","floor":1,"turns":2},{"damage":12,"enemies":"Small Slimes","floor":2,"turns":3},{"damage":11,"enemies":"Jaw Worm","floor":4,"turns":4},{"damage":28,"enemies":"3 Sentries","floor":6,"turns":10},{"damage":2,"enemies":"Looter","floor":11,"turns":3},{"damage":10,"enemies":"Large Slime","floor":12,"turns":5},{"damage":0,"enemies":"3 Louse","floor":13,"turns":1},{"damage":6,"enemies":"Lagavulin","floor":14,"turns":3},{"damage":40,"enemies":"The Guardian","floor":16,"turns":8},{"damage":0,"enemies":"Chosen","floor":18,"turns":4},{"damage":14,"enemies":"3 Byrds","floor":21,"turns":4},{"damage":59,"enemies":"Book of Stabbing","floor":23,"turns":6},{"damage":23,"enemies":"Cultist and Chosen","floor":24,"turns":9},{"damage":3,"enemies":"Snecko","floor":25,"turns":5},{"damage":33,"enemies":"Snake Plant","floor":28,"turns":5},{"damage":26,"enemies":"Centurion and Healer","floor":31,"turns":6},{"damage":75,"enemies":"Champ","floor":33,"turns":11},{"damage":2,"enemies":"3 Shapes","floor":35,"turns":2},{"damage":0,"enemies":"Orb Walker","floor":38,"turns":2},{"damage":8,"enemies":"4 Shapes","floor":41,"turns":1},{"damage":100,"enemies":"Giant Head","floor":42,"turns":7}],"event_choices":[{"event_name":"Golden Wing","player_choice":"Card Removal","floor":5,"damage_taken":0},{"event_name":"Cursed Tome","player_choice":"Obtained Book","floor":20,"damage_taken":0},{"event_name":"Back to Basics","player_choice":"Simplicity","floor":22,"damage_taken":0},{"event_name":"Drug Dealer","player_choice":"Ignored","floor":30,"damage_taken":0},{"event_name":"Winding Halls","player_choice":"Embrace Madness","floor":37,"damage_taken":0}],"boss_relics":[{"not_picked":["Philosopher\u0027s Stone","Velvet Choker"],"picked":"Black Blood"},{"not_picked":["Orrery","Lizard Tail"],"picked":"Snecko Eye"}],"potions_floor_spawned":[6,11,12,16,23,24,28,31,38],"seed_played":"8301850568812689835","killed_by":"Giant Head","ascension_level":0,"is_trial":false}