{"path_per_floor":["M","M","M","?","M","E","?","R","T","$","R","M","E","M","R","B",null,"M","$","?","M","M","E","M","R","T","?","E","$","R","?","R","B",null,"M","$","?","M","$","R","E","R","T","E","R","M","M","$","R","B"],"character_chosen":"IRONCLAD","items_purchased":["Gremlin Horn","Bronze Scales","Pommel Strike","Bag of Marbles"],"gold_per_floor":[109,124,136,211,227,261,261,261,261,12,12,27,62,78,78,174,174,194,45,45,58,69,101,118,118,167,167,202,178,178,178,178,283,283,301,73,73,91,91,91,118,118,142,171,171,183,202,102,102,102],"floor_reached":51,"campfire_rested":5,"playtime":1164,"current_hp_per_floor":[80,80,80,69,61,31,31,31,31,31,55,60,60,60,85,48,88,88,88,71,75,77,57,50,50,50,81,70,70,70,70,95,62,95,83,83,71,68,68,97,78,99,99,101,101,102,104,104,104,30],"items_purged":["Spot Weakness","Strike_R"],"gold":102,"score":653,"play_id":"a40cd6b3-3928-4c52-bf62-a78d0c0290cf","is_prod":false,"is_daily":false,"is_ascension_mode":false,"campfire_upgraded":5,"path_taken":["M","M","M","?","M","E","?","R","T","$","R","M","E","?","R","BOSS","M","$","?","M","M","E","M","R","T","?","E","$","R","?","R","BOSS","M","$","?","M","$","R","E","R","T","E","R","?","M","$","R","BOSS"],"build_version":"2018-02-22-PROD2","purchased_purges":2,"victory":true,"master_deck":["Strike_R","Strike_R","Strike_R+1","Strike_R+1","Defend_R+1","Defend_R","Defend_R","Bash","Battle Trance+1","Clash","Clash","Rampage+1","Sever Soul","Whirlwind+1","Thunderclap+1","Demon Form+1","Infernal Blade+1","Pommel Strike","Whirlwind+1","Double Tap","Uppercut+1","Madness+1","Madness+1"],"max_hp_per_floor":[80,80,80,80,80,80,80,80,80,80,80,82,84,86,86,88,88,88,88,93,93,93,93,93,93,93,93,95,95,95,95,95,95,95,95,95,95,97,97,97,99,99,99,101,101,103,105,105,105,105],"relics":["Burning Blood","Singing Bowl","Thread and Needle","Gremlin Horn","Lantern","Velvet Choker","Bronze Scales","Ancient Tea Set","War Paint","Omamori","Runic Dome","Bag of Marbles","Bottled Flame","Whetstone","Bag of Preparation"],"card_choices":[{"not_picked":["Twin Strike","Anger"],"picked":"Battle Trance"},{"not_picked":["Twin Strike","Armaments"],"picked":"Clash"},{"not_picked":["Heavy Blade","Havoc"],"picked":"Clash"},{"not_picked":["Disarm","Body Slam"],"picked":"Rampage"},{"not_picked":["Havoc","Heavy Blade"],"picked":"Spot Weakness"},{"not_picked":["Warcry","Second Wind"],"picked":"Whirlwind"},{"not_picked":["Clothesline","Fire Breathing"],"picked":"Thunderclap"},{"not_picked":["Cleave","Thunderclap"],"picked":"Demon Form"},{"not_picked":["Inflame","Flex"],"picked":"Infernal Blade"},{"not_picked":["Brutality","Dark Embrace"],"picked":"Double Tap"},{"not_picked":["Feel No Pain","Body Slam"],"picked":"Uppercut"}],"player_experience":125309,"potions_floor_usage":[13,18,22,35,41,47,50,50,50],"damage_taken":[{"damage":5,"enemies":"Small Slimes","floor":1,"turns":4},{"damage":6,"enemies":"Jaw Worm","floor":2,"turns":3},{"damage":6,"enemies":"Cultist","floor":3,"turns":3},{"damage":14,"enemies":"2 Fungi Beasts","floor":5,"turns":4},{"damage":36,"enemies":"Gremlin Nob","floor":6,"turns":5},{"damage":3,"enemies":"Exordium Thugs","floor":12,"turns":3},{"damage":17,"enemies":"Lagavulin","floor":13,"turns":5},{"damage":8,"enemies":"Red Slaver","floor":14,"turns":2},{"damage":45,"enemies":"The Guardian","floor":16,"turns":7},{"damage":0,"enemies":"Chosen","floor":18,"turns":3},{"damage":2,"enemies":"Shell Parasite","floor":21,"turns":2},{"damage":4,"enemies":"Snecko","floor":22,"turns":5},{"damage":26,"enemies":"Gremlin Leader","floor":23,"turns":5},{"damage":13,"enemies":"Centurion and Healer","floor":24,"turns":3},{"damage":19,"enemies":"Book of Stabbing","floor":28,"turns":3},{"damage":39,"enemies":"Champ","floor":33,"turns":7},{"damage":18,"enemies":"3 Shapes","floor":35,"turns":2},{"damage":11,"enemies":"3 Darklings","floor":38,"turns":2},{"damage":27,"enemies":"Giant Head","floor":41,"turns":6},{"damage":0,"enemies":"2 Orb Walkers","floor":44,"turns":1},{"damage":7,"enemies":"4 Shapes","floor":46,"turns":1},{"damage":6,"enemies":"Sphere and 2 Shapes","floor":47,"turns":2},{"damage":80,"enemies":"Awakened One","floor":50,"turns":7}],"event_choices":[{"event_name":"World of Goop","player_choice":"Gather Gold","floor":4,"damage_taken":0},{"event_name":"Transmorgrifier","player_choice":"Transform","floor":7,"damage_taken":0},{"event_name":"Forgotten Altar","player_choice":"Shed Blood","floor":20,"damage_taken":0},{"event_name":"The Library","player_choice":"Heal","floor":27,"damage_taken":0},{"event_name":"Duplicator","player_choice":"One dupe","floor":31,"damage_taken":0},{"event_name":"Winding Halls","player_choice":"Embrace Madness","floor":37,"damage_taken":0}],"boss_relics":[{"not_picked":["Ectoplasm","Tiny House"],"picked":"Velvet Choker"},{"not_picked":["White Beast Statue","Runic Cube"],"picked":"Runic Dome"}],"potions_floor_spawned":[5,6,12,14,16,24,28,38,44,46,47],"seed_played":"-8870250894079301919","ascension_level":0,"is_trial":false}