{"path_per_floor":["M","M","M","M","$","E","R","E","T","M","M","M","R","?","R","B",null,"M","M","?","?","$"],"character_chosen":"IRONCLAD","items_purchased":["Thunderclap","Heavy Blade"],"gold_per_floor":[12,32,51,63,40,74,74,107,184,194,210,223,223,223,223,320,320,333,346,346,271,248],"floor_reached":23,"campfire_rested":1,"playtime":814,"current_hp_per_floor":[80,80,80,78,78,77,77,77,77,74,78,73,87,80,80,61,87,71,54,54,54,54],"items_purged":[],"gold":248,"score":203,"play_id":"3b9fcf32-f838-4039-bfe3-5539e52e3bc2","local_time":"20180309183338","is_prod":false,"is_daily":false,"is_ascension_mode":false,"campfire_upgraded":2,"timestamp":1520649218,"path_taken":["M","M","M","M","?","E","R","E","T","M","?","M","R","?","R","BOSS","M","M","?","?","?","E"],"build_version":"2018-03-09","purchased_purges":0,"victory":false,"master_deck":["Strike_R","Strike_R","Strike_R","Strike_R","Defend_R","Bash","Perfected Strike+1","Flex","Thunderclap","Entrench+1","Battle Trance","Shrug It Off","Twin Strike","Demon Form","Sentinel+1","Disarm+1","Blind","Heavy Blade"],"max_hp_per_floor":[80,80,80,80,80,87,87,87,87,87,87,87,87,87,87,87,87,87,87,87,87,87],"relics":["Burning Blood","Calipers","Strawberry","Darkstone Periapt","Dodecahedron","Astrolabe"],"card_choices":[{"not_picked":["Pommel Strike","Disarm"],"picked":"Perfected Strike"},{"not_picked":["Anger","Exhume"],"picked":"Flex"},{"not_picked":["Warcry","Combust"],"picked":"Entrench"},{"not_picked":["Shockwave","Headbutt"],"picked":"Battle Trance"},{"not_picked":["Dual Wield","Headbutt"],"picked":"Shrug It Off"},{"not_picked":["Havoc","Rage"],"picked":"Twin Strike"},{"not_picked":["Limit Break","Dark Embrace"],"picked":"Demon Form"}],"player_experience":136121,"potions_floor_usage":[4,6,11,23],"damage_taken":[{"damage":6,"enemies":"Cultist","floor":1,"turns":3},{"damage":2,"enemies":"2 Louse","floor":2,"turns":3},{"damage":3,"enemies":"Small Slimes","floor":3,"turns":3},{"damage":8,"enemies":"Red Slaver","floor":4,"turns":3},{"damage":14,"enemies":"3 Sentries","floor":6,"turns":6},{"damage":6,"enemies":"Gremlin Nob","floor":8,"turns":3},{"damage":9,"enemies":"Blue Slaver","floor":10,"turns":4},{"damage":2,"enemies":"Large Slime","floor":11,"turns":4},{"damage":11,"enemies":"Exordium Wildlife","floor":12,"turns":5},{"damage":25,"enemies":"Slime Boss","floor":16,"turns":7},{"damage":22,"enemies":"3 Byrds","floor":18,"turns":7},{"damage":23,"enemies":"Spheric Guardian","floor":19,"turns":5},{"damage":55,"enemies":"Book of Stabbing","floor":23,"turns":8}],"event_choices":[{"event_name":"Golden Wing","player_choice":"Card Removal","floor":14,"damage_taken":0},{"event_name":"Match and Keep!","player_choice":"1 cards matched","floor":20,"damage_taken":0},{"event_name":"Beggar","player_choice":"Gave Gold","floor":21,"damage_taken":0}],"boss_relics":[{"not_picked":["Question Card","White Beast Statue"],"picked":"Astrolabe"}],"potions_floor_spawned":[2,4,6,8,11],"seed_played":"1859241958628834979","killed_by":"Book of Stabbing","ascension_level":0,"is_trial":false}