{"path_per_floor":["M","?","M","?","$","E","R","M","T","E","M","R","E","M","R","B",null,"M","?","M","?","?","R","M","R","T","E","$","T","$","M","R","B",null,"M","?","?","T","M","R","M","R","T","?","M","M","R","M","R","B"],"character_chosen":"IRONCLAD","items_purchased":["Bag of Preparation","Body Slam"],"gold_per_floor":[115,115,130,130,55,82,82,92,92,127,141,141,172,185,185,287,287,287,202,202,202,202,202,202,202,202,202,26,26,26,26,26,26,26,26,26,26,26,26,26,26,26,26,26,26,26,26,26,26,26],"floor_reached":51,"campfire_rested":2,"playtime":1838,"current_hp_per_floor":[80,80,78,78,78,41,65,66,66,72,73,73,76,80,80,63,80,67,67,63,56,40,40,40,40,40,48,48,48,48,54,54,56,56,56,49,31,31,41,41,45,45,45,45,56,56,56,47,56,56],"items_purged":["Regret"],"gold":26,"score":811,"play_id":"ef154b81-1a32-45ac-99c4-6759bb052032","local_time":"20180309190434","is_prod":false,"is_daily":false,"is_ascension_mode":false,"campfire_upgraded":8,"timestamp":1520651074,"path_taken":["M","?","M","?","?","E","R","M","T","E","M","R","E","M","R","BOSS","M","?","M","?","?","R","M","R","T","E","?","?","$","M","R","BOSS","M","?","?","?","?","R","M","R","T","?","M","M","R","M","R","BOSS"],"build_version":"2018-03-09","purchased_purges":1,"victory":true,"master_deck":["Defend_R","Defend_R","Defend_R","Defend_R","Bash","Brutality","Seeing Red+1","Flex","Pommel Strike","Thunderclap","Impervious","Battle Trance+1","Twin Strike+1","Barricade+1","Pommel Strike+1","Iron Wave+1","Bite","Bite","Bite","Bite","Bite","Rage","Whirlwind+1","Body Slam+1","Double Tap","Dropkick+1","Madness+1","Madness+1","Shrug It Off","Shrug It Off+1","Impervious","Ghostly Armor+1","True Grit+1"],"max_hp_per_floor":[80,80,80,80,80,80,80,80,80,80,80,80,80,80,80,80,80,80,80,80,56,56,56,56,56,56,56,56,56,56,56,56,56,56,56,56,56,56,56,56,56,56,56,56,56,56,56,56,56,56],"relics":["Burning Blood","Matryoshka","Orichalcum","Letter Opener","Ginger","Omamori","Vajra","Ectoplasm","Tiny Chest","Nilry\u0027s Codex","Bag of Marbles","Happy Flower","Charon\u0027s Ashes","Bag of Preparation","Thread and Needle","Black Star","Ice Cream","Bronze Scales","Oddly Smooth Stone"],"card_choices":[{"not_picked":["Flex","Combust"],"picked":"Seeing Red"},{"not_picked":["Anger","Iron Wave"],"picked":"Flex"},{"not_picked":["Armaments","Flex"],"picked":"Pommel Strike"},{"not_picked":["Bloodletting","Cleave"],"picked":"Thunderclap"},{"not_picked":["Anger","Thunderclap"],"picked":"Impervious"},{"not_picked":["Uppercut","Thunderclap"],"picked":"Battle Trance"},{"not_picked":["Anger","Sentinel"],"picked":"Twin Strike"},{"not_picked":["Berserk","Impervious"],"picked":"Barricade"},{"not_picked":["Wild Strike","Havoc"],"picked":"Pommel Strike"},{"not_picked":["Intimidate","Cleave"],"picked":"Iron Wave"},{"not_picked":["Twin Strike","Heavy Blade"],"picked":"Rage"},{"not_picked":["Wild Strike","Fiend Fire"],"picked":"Whirlwind"},{"not_picked":["Juggernaut","Fiend Fire"],"picked":"Double Tap"},{"not_picked":["Perfected Strike","Twin Strike"],"picked":"Dropkick"},{"not_picked":["True Grit","Headbutt"],"picked":"Shrug It Off"},{"not_picked":["Spot Weakness","Pommel Strike"],"picked":"Shrug It Off"},{"not_picked":["Havoc","Thunderclap"],"picked":"Ghostly Armor"},{"not_picked":["Shockwave","Clash"],"picked":"True Grit"}],"player_experience":136935,"potions_floor_usage":[13,16,20,24,27,33,50,50,50],"damage_taken":[{"damage":6,"enemies":"Cultist","floor":1,"turns":3},{"damage":8,"enemies":"Small Slimes","floor":3,"turns":4},{"damage":43,"enemies":"Lagavulin","floor":6,"turns":6},{"damage":5,"enemies":"Jaw Worm","floor":8,"turns":5},{"damage":0,"enemies":"Gremlin Nob","floor":10,"turns":3},{"damage":5,"enemies":"3 Louse","floor":11,"turns":2},{"damage":3,"enemies":"Lagavulin","floor":13,"turns":4},{"damage":0,"enemies":"2 Fungi Beasts","floor":14,"turns":2},{"damage":23,"enemies":"Hexaghost","floor":16,"turns":9},{"damage":19,"enemies":"Spheric Guardian","floor":18,"turns":4},{"damage":10,"enemies":"3 Byrds","floor":20,"turns":7},{"damage":14,"enemies":"Snake Plant","floor":24,"turns":3},{"damage":10,"enemies":"Slavers","floor":27,"turns":18},{"damage":0,"enemies":"Sentry and Sphere","floor":31,"turns":1},{"damage":8,"enemies":"Champ","floor":33,"turns":13},{"damage":3,"enemies":"3 Shapes","floor":35,"turns":3},{"damage":34,"enemies":"Mysterious Sphere","floor":37,"turns":6},{"damage":0,"enemies":"3 Darklings","floor":39,"turns":1},{"damage":8,"enemies":"Sphere and 2 Shapes","floor":41,"turns":4},{"damage":0,"enemies":"Maw","floor":45,"turns":5},{"damage":0,"enemies":"3 Darklings","floor":46,"turns":4},{"damage":15,"enemies":"4 Shapes","floor":48,"turns":2},{"damage":0,"enemies":"Awakened One","floor":50,"turns":13}],"event_choices":[{"event_name":"The Cleric","player_choice":"Leave","floor":2,"damage_taken":0},{"event_name":"Big Fish","player_choice":"Box","floor":4,"damage_taken":0},{"event_name":"Addict","player_choice":"Obtained Relic","floor":19,"damage_taken":0},{"event_name":"Vampires","player_choice":"Became a vampire","floor":21,"damage_taken":0},{"event_name":"Cursed Tome","player_choice":"Obtained Book","floor":22,"damage_taken":0},{"event_name":"Winding Halls","player_choice":"Embrace Madness","floor":36,"damage_taken":0},{"event_name":"Mysterious Sphere","player_choice":"Fight","floor":37,"damage_taken":0},{"event_name":"Duplicator","player_choice":"One dupe","floor":44,"damage_taken":0}],"boss_relics":[{"not_picked":["Velvet Choker","Question Card"],"picked":"Ectoplasm"},{"not_picked":["Snecko Eye","Lizard Tail"],"picked":"Black Star"}],"potions_floor_spawned":[8,10,14,20,24,27,41,46,48],"seed_played":"6497393460540147757","ascension_level":0,"is_trial":false}