{"path_per_floor":["M","M","?","$","?","E","R","$","T","R","?","R","?","M","R","B",null,"M","?","M","M","$","R","?","M","T","R","?","R","M","$","R","B",null,"M","M","?","$","M","E","R","E","T","M","M","R","$","?","R"],"character_chosen":"IRONCLAD","items_purchased":["Flex","Lantern"],"gold_per_floor":[118,134,134,12,12,40,40,40,40,40,40,40,40,54,54,155,155,175,175,194,214,114,114,114,131,131,131,131,131,145,20,20,124,124,134,147,147,147,167,193,193,218,218,238,251,251,48,48,48],"floor_reached":50,"campfire_rested":9,"playtime":750,"current_hp_per_floor":[74,72,56,56,56,26,50,50,50,74,74,80,80,80,80,5,80,61,45,45,45,45,69,80,66,66,80,80,80,80,80,80,80,80,80,52,44,44,44,18,42,10,10,10,40,64,64,64,80],"items_purged":["Strike_R","Strike_R","Defend_R","Strike_R"],"gold":48,"score":546,"play_id":"b99eda77-81ee-4314-b035-83f63a824a5d","local_time":"20180315220351","is_prod":false,"is_daily":false,"is_ascension_mode":false,"campfire_upgraded":2,"timestamp":1521176631,"path_taken":["M","M","?","$","?","E","R","$","T","R","?","R","?","M","R","BOSS","M","?","M","?","$","R","?","?","T","R","?","R","M","$","R","BOSS","M","M","?","?","M","E","R","E","T","M","M","R","$","?","R","BOSS"],"build_version":"2018-03-15","purchased_purges":4,"victory":false,"master_deck":["Strike_R","Defend_R+1","Defend_R+1","Bash+1","Whirlwind+1","Flex+1","Necronomicurse","Seeing Red+1","Whirlwind+1"],"max_hp_per_floor":[80,80,80,80,80,80,80,80,80,80,80,80,80,80,80,80,80,80,80,80,80,80,80,80,80,80,80,80,80,80,80,80,80,80,80,80,80,80,80,80,80,80,80,80,80,80,80,80,80],"relics":["Orrery","Runic Dome","Necronomicon","Ginger","Lizard Tail","Smiling Mask","Letter Opener","Shuriken","Lantern"],"card_choices":[{"not_picked":["Iron Wave","Body Slam"],"picked":"Whirlwind"},{"not_picked":["Pommel Strike","Burning Pact"],"picked":"Seeing Red"},{"not_picked":["Flex","Metallicize"],"picked":"Whirlwind"}],"player_experience":154300,"potions_floor_usage":[25,40,50],"damage_taken":[{"damage":6,"enemies":"Jaw Worm","floor":1,"turns":5},{"damage":2,"enemies":"Small Slimes","floor":2,"turns":4},{"damage":30,"enemies":"Gremlin Nob","floor":6,"turns":4},{"damage":0,"enemies":"Cultist","floor":14,"turns":3},{"damage":75,"enemies":"Hexaghost","floor":16,"turns":9},{"damage":19,"enemies":"Shell Parasite","floor":18,"turns":4},{"damage":0,"enemies":"3 Byrds","floor":20,"turns":1},{"damage":0,"enemies":"Centurion and Healer","floor":21,"turns":1},{"damage":14,"enemies":"Slaver and Parasite","floor":25,"turns":2},{"damage":0,"enemies":"Snake Plant","floor":30,"turns":2},{"damage":0,"enemies":"Collector","floor":33,"turns":3},{"damage":0,"enemies":"3 Darklings","floor":35,"turns":1},{"damage":28,"enemies":"3 Shapes","floor":36,"turns":1},{"damage":0,"enemies":"Sphere and 2 Shapes","floor":39,"turns":2},{"damage":26,"enemies":"Giant Head","floor":40,"turns":5},{"damage":32,"enemies":"Nemesis","floor":42,"turns":3},{"damage":0,"enemies":"3 Darklings","floor":44,"turns":1},{"damage":25,"enemies":"Maw","floor":45,"turns":4},{"damage":90,"enemies":"Awakened One","floor":50,"turns":5}],"event_choices":[{"event_name":"Shining Light","player_choice":"Entered Light","floor":3,"damage_taken":0},{"event_name":"Accursed Blacksmith","player_choice":"Forge","floor":5,"damage_taken":0},{"event_name":"Dead Adventurer","player_choice":"Searched \u00270\u0027 times","floor":11,"damage_taken":0},{"event_name":"Living Wall","player_choice":"Forget","floor":13,"damage_taken":0},{"event_name":"Cursed Tome","player_choice":"Obtained Book","floor":19,"damage_taken":0},{"event_name":"The Library","player_choice":"Heal","floor":24,"damage_taken":0},{"event_name":"Drug Dealer","player_choice":"Ignored","floor":28,"damage_taken":0},{"event_name":"Wheel of Change","player_choice":"Damage","floor":37,"damage_taken":0},{"event_name":"Purifier","player_choice":"One Purge","floor":48,"damage_taken":0}],"boss_relics":[{"not_picked":["Cursed Key","Eternal Feather"],"picked":"Runic Dome"},{"not_picked":["Runic Pyramid","Pandora\u0027s Box"],"picked":"Lizard Tail"}],"potions_floor_spawned":[2,16,20,25,30,36,44,45],"seed_played":"3090554897999034241","killed_by":"Awakened One","ascension_level":0,"is_trial":false}