{"path_per_floor":["M","?","?","$","M","R","M","E","T","R","?","?","M","M","R","B",null,"M","?","M","$"],"character_chosen":"IRONCLAD","items_purchased":["Paper Frog","Gremlin Horn"],"gold_per_floor":[118,293,368,293,308,308,326,356,380,380,380,380,393,403,403,501,501,517,517,535,30],"floor_reached":22,"campfire_rested":2,"playtime":409,"current_hp_per_floor":[80,86,75,75,68,68,59,33,33,58,58,51,51,51,76,49,86,52,52,25,25],"items_purged":["Normality"],"gold":30,"score":184,"play_id":"a34d2c42-514f-4afe-801c-898384eff765","local_time":"20180313212419","is_prod":false,"is_daily":false,"is_ascension_mode":false,"campfire_upgraded":1,"timestamp":1521001459,"path_taken":["M","?","?","$","?","R","M","E","T","R","?","?","M","M","R","BOSS","M","?","M","$","M"],"build_version":"2018-03-09","purchased_purges":1,"victory":false,"master_deck":["Bash","Clumsy","Injury","Infernal Blade","Rampage+1","Clash","Clash","Dual Wield","Pommel Strike","Perfected Strike","Cleave","Combust","Clash","Whirlwind","Headbutt","Metallicize","Thunderclap","Shrug It Off"],"max_hp_per_floor":[80,86,86,86,86,86,86,86,86,86,86,86,86,86,86,86,86,86,86,86,86],"relics":["Calling Bell","Darkstone Periapt","Bag of Preparation","Ancient Tea Set","Bag of Marbles","Pandora\u0027s Box","Nloth\u0027s Gift","Paper Frog","Gremlin Horn"],"card_choices":[{"not_picked":["Evolve","Sever Soul"],"picked":"Infernal Blade"},{"not_picked":["Anger","Wild Strike"],"picked":"Rampage"},{"not_picked":["Perfected Strike","Pummel"],"picked":"Clash"},{"not_picked":["Power Through","True Grit"],"picked":"Clash"},{"not_picked":["Combust","Armaments"],"picked":"Thunderclap"},{"not_picked":["Dual Wield","Warcry"],"picked":"Shrug It Off"}],"player_experience":144597,"potions_floor_usage":[8,13,14,16,22],"damage_taken":[{"damage":0,"enemies":"Small Slimes","floor":1,"turns":4},{"damage":7,"enemies":"2 Louse","floor":5,"turns":2},{"damage":9,"enemies":"Cultist","floor":7,"turns":3},{"damage":26,"enemies":"Lagavulin","floor":8,"turns":5},{"damage":0,"enemies":"2 Fungi Beasts","floor":13,"turns":1},{"damage":0,"enemies":"Large Slime","floor":14,"turns":1},{"damage":27,"enemies":"Slime Boss","floor":16,"turns":8},{"damage":34,"enemies":"Spheric Guardian","floor":18,"turns":5},{"damage":27,"enemies":"Shell Parasite","floor":20,"turns":3},{"damage":30,"enemies":"Snake Plant","floor":22,"turns":3}],"event_choices":[{"event_name":"Liars Game","player_choice":"agreed","floor":2,"damage_taken":0},{"event_name":"World of Goop","player_choice":"Gather Gold","floor":3,"damage_taken":0},{"event_name":"The Lab","player_choice":"Got Potions","floor":11,"damage_taken":0},{"event_name":"Golden Wing","player_choice":"Card Removal","floor":12,"damage_taken":0},{"event_name":"N\u0027loth","player_choice":"Traded a Vajra","floor":19,"damage_taken":0}],"boss_relics":[{"not_picked":["Philosopher\u0027s Stone","Astrolabe"],"picked":"Pandora\u0027s Box"}],"potions_floor_spawned":[1,8,13,14,16],"seed_played":"-3602463722153329385","killed_by":"Snake Plant","ascension_level":0,"is_trial":false}