{"path_per_floor":["M","M","?","M","?","R","?","M","T","M","$","R","E","?","R","B",null,"M","?","?","$","?","E","R","M","T","R","M","M","M","$","R"],"character_chosen":"IRONCLAD","items_purchased":["Flash of Steel","Whirlwind"],"gold_per_floor":[110,127,127,145,145,145,145,165,189,202,27,27,60,60,60,159,159,177,177,177,77,77,107,107,118,118,118,128,139,153,114,114],"floor_reached":33,"campfire_rested":3,"playtime":834,"current_hp_per_floor":[80,71,68,74,67,67,80,79,79,78,78,78,78,78,78,46,80,74,74,74,74,58,31,55,48,48,72,57,37,7,7,31],"items_purged":["Defend_R","Strike_R"],"gold":114,"score":265,"play_id":"8f7bc66f-4904-4c01-a8a3-1e37e698e94f","local_time":"20180315214427","is_prod":false,"is_daily":false,"is_ascension_mode":false,"campfire_upgraded":3,"timestamp":1521175467,"path_taken":["M","M","?","?","?","R","?","M","T","?","$","R","E","?","R","BOSS","M","?","?","$","?","E","R","M","T","R","?","M","M","$","R","BOSS"],"build_version":"2018-03-15","purchased_purges":2,"victory":false,"master_deck":["Strike_R","Strike_R","Strike_R","Strike_R","Defend_R","Defend_R","Bash","Shrug It Off+1","Clash+1","Flash of Steel","Rampage+1","Double Tap","Clash","Whirlwind"],"max_hp_per_floor":[80,80,80,80,80,80,80,80,80,80,80,80,80,80,80,80,80,80,80,80,80,80,80,80,80,80,80,80,80,80,80,80],"relics":["Burning Blood"],"card_choices":[{"not_picked":["Inflame","Body Slam"],"picked":"Shrug It Off"},{"not_picked":["Barricade","Cleave"],"picked":"Clash"},{"not_picked":["Infernal Blade","Flex"],"picked":"Rampage"},{"not_picked":["Barricade","Brutality"],"picked":"Double Tap"},{"not_picked":["Dark Embrace","Bloodletting"],"picked":"Clash"}],"player_experience":153079,"potions_floor_usage":[18,25,29,33],"damage_taken":[{"damage":2,"enemies":"Small Slimes","floor":1,"turns":5},{"damage":15,"enemies":"Jaw Worm","floor":2,"turns":4},{"damage":0,"enemies":"Cultist","floor":4,"turns":3},{"damage":7,"enemies":"Blue Slaver","floor":8,"turns":5},{"damage":7,"enemies":"Large Slime","floor":10,"turns":9},{"damage":6,"enemies":"Gremlin Nob","floor":13,"turns":3},{"damage":38,"enemies":"The Guardian","floor":16,"turns":8},{"damage":12,"enemies":"3 Byrds","floor":18,"turns":5},{"damage":33,"enemies":"Gremlin Leader","floor":23,"turns":10},{"damage":13,"enemies":"Shell Parasite","floor":25,"turns":4},{"damage":21,"enemies":"Centurion and Healer","floor":28,"turns":4},{"damage":26,"enemies":"3 Cultists","floor":29,"turns":6},{"damage":36,"enemies":"Slaver and Parasite","floor":30,"turns":5},{"damage":36,"enemies":"Champ","floor":33,"turns":7}],"event_choices":[{"event_name":"Scrap Ooze","player_choice":"unsuccessful","floor":3,"damage_taken":3},{"event_name":"Golden Wing","player_choice":"Card Removal","floor":5,"damage_taken":0},{"event_name":"Big Fish","player_choice":"Banana","floor":7,"damage_taken":0},{"event_name":"Dead Adventurer","player_choice":"Searched \u00270\u0027 times","floor":14,"damage_taken":0},{"event_name":"Drug Dealer","player_choice":"Ignored","floor":19,"damage_taken":0},{"event_name":"Vampires","player_choice":"Ignored","floor":20,"damage_taken":0},{"event_name":"Cursed Tome","player_choice":"Obtained Book","floor":22,"damage_taken":0}],"boss_relics":[{"not_picked":["Mark of Pain","Snecko Eye","Astrolabe"]}],"potions_floor_spawned":[1,13,16,28],"seed_played":"8182511801782761696","killed_by":"Champ","ascension_level":0,"is_trial":false}