{"path_per_floor":["M","?","T","$","?","E","R","E","T","?","M","$","R","?","R","B",null,"M","?","$","?","M","R","M","R","T","E","T","M","?","M","R","B",null,"M","?","?","$","M","R","M","R","T","R","?","?","?","$","R"],"character_chosen":"IRONCLAD","items_purchased":["Whirlwind","Lantern"],"gold_per_floor":[111,111,111,42,42,72,72,101,178,178,192,117,117,117,117,222,222,234,234,134,134,153,153,167,167,167,492,492,503,428,443,443,543,543,558,558,558,281,300,300,312,312,312,312,312,312,272,122,122],"floor_reached":50,"campfire_rested":7,"playtime":779,"current_hp_per_floor":[80,80,80,80,64,56,56,24,24,17,14,14,38,38,62,7,80,70,70,70,54,54,78,80,80,80,80,80,80,80,80,80,50,80,80,80,80,80,80,80,80,80,80,80,80,80,80,80,80],"items_purged":["Combust","Strike_R","Defend_R","Writhe"],"gold":122,"score":510,"play_id":"aff0bcd2-b983-4d2e-9447-135d062ca61e","local_time":"20180315212546","is_prod":false,"is_daily":false,"is_ascension_mode":false,"campfire_upgraded":3,"timestamp":1521174346,"path_taken":["M","?","?","$","?","E","R","E","T","?","?","$","R","?","R","BOSS","M","?","$","?","M","R","M","R","T","E","?","M","?","?","R","BOSS","M","?","?","$","M","R","M","R","T","R","?","?","?","$","R","BOSS"],"build_version":"2018-03-15","purchased_purges":4,"victory":false,"master_deck":["Strike_R+1","Strike_R+1","Bash+1","Warcry+1","Whirlwind+1","Double Tap+1","Necronomicurse"],"max_hp_per_floor":[80,80,80,80,80,80,80,80,80,80,80,80,80,80,80,80,80,80,80,80,80,80,80,80,80,80,80,80,80,80,80,80,80,80,80,80,80,80,80,80,80,80,80,80,80,80,80,80,80],"relics":["Astrolabe","Ginger","Molten Egg 2","Kunai","Toolbox","Runic Dome","Necronomicon","Bird Faced Urn","Old Coin","Gambling Chip","Philosopher\u0027s Stone","Lantern","Juzu Bracelet"],"card_choices":[{"not_picked":["Corruption","Entrench"],"picked":"Shrug It Off"},{"not_picked":["Exhume","Juggernaut"],"picked":"Double Tap"}],"player_experience":152044,"potions_floor_usage":[6,8,16,16,50,50],"damage_taken":[{"damage":0,"enemies":"Cultist","floor":1,"turns":2},{"damage":8,"enemies":"3 Sentries","floor":6,"turns":3},{"damage":32,"enemies":"Lagavulin","floor":8,"turns":5},{"damage":3,"enemies":"Jaw Worm","floor":11,"turns":3},{"damage":55,"enemies":"The Guardian","floor":16,"turns":13},{"damage":10,"enemies":"Spheric Guardian","floor":18,"turns":3},{"damage":0,"enemies":"2 Thieves","floor":22,"turns":1},{"damage":0,"enemies":"Chosen and Byrds","floor":24,"turns":2},{"damage":0,"enemies":"Slavers","floor":27,"turns":1},{"damage":0,"enemies":"Snecko","floor":29,"turns":2},{"damage":0,"enemies":"Sentry and Sphere","floor":31,"turns":1},{"damage":30,"enemies":"Collector","floor":33,"turns":5},{"damage":0,"enemies":"3 Darklings","floor":35,"turns":1},{"damage":0,"enemies":"Orb Walker","floor":39,"turns":1},{"damage":0,"enemies":"3 Darklings","floor":41,"turns":1},{"damage":87,"enemies":"Time Eater","floor":50,"turns":5}],"event_choices":[{"event_name":"The Lab","player_choice":"Got Potions","floor":2,"damage_taken":0},{"event_name":"Shining Light","player_choice":"Entered Light","floor":5,"damage_taken":0},{"event_name":"Golden Wing","player_choice":"Card Removal","floor":10,"damage_taken":0},{"event_name":"Liars Game","player_choice":"disagreed","floor":14,"damage_taken":0},{"event_name":"Purifier","player_choice":"One Purge","floor":19,"damage_taken":0},{"event_name":"Cursed Tome","player_choice":"Obtained Book","floor":21,"damage_taken":0},{"event_name":"Beggar","player_choice":"Gave Gold","floor":30,"damage_taken":0},{"event_name":"Mysterious Sphere","player_choice":"Ignore","floor":37,"damage_taken":0},{"event_name":"Tomb of Lord Red Mask","player_choice":"Ignored","floor":45,"damage_taken":0},{"event_name":"Winding Halls","player_choice":"Writhe","floor":46,"damage_taken":0},{"event_name":"The Woman in Blue","player_choice":"Bought 3 Potions","floor":47,"damage_taken":0}],"boss_relics":[{"not_picked":["Calling Bell","Cursed Key"],"picked":"Runic Dome"},{"not_picked":["White Beast Statue","Eternal Feather"],"picked":"Philosopher\u0027s Stone"}],"potions_floor_spawned":[8,18,24,29,31,41],"seed_played":"-6893206196009930043","killed_by":"Time Eater","ascension_level":0,"is_trial":false}