{"path_per_floor":["M","?","M","M","?","E","R","E","T","?","M","E","M","M","R","B",null,"M","M","M","?","?","R","T","$","T","M","M","E","M","?","R"],"character_chosen":"IRONCLAD","items_purchased":["Thread and Needle","Secret Technique"],"gold_per_floor":[109,184,197,215,215,247,247,273,299,322,341,376,395,408,408,506,506,521,537,547,547,547,547,595,26,52,64,83,118,136,136,136,136],"floor_reached":33,"campfire_rested":4,"playtime":1146,"current_hp_per_floor":[70,59,55,61,61,52,76,60,60,54,57,48,52,51,77,14,70,50,29,22,51,35,61,61,61,68,61,38,44,40,40,69,0],"items_purged":["Decay"],"gold":136,"score":418,"play_id":"973ea32a-0b48-42fc-956e-21c0f28b6697","local_time":"20180407215539","is_prod":false,"is_daily":false,"is_ascension_mode":true,"campfire_upgraded":0,"timestamp":1523163339,"path_taken":["M","?","M","M","?","E","R","E","T","?","M","E","?","M","R","BOSS","M","M","M","?","?","R","?","$","T","?","M","E","M","?","R","BOSS"],"build_version":"2018-04-05v2","purchased_purges":1,"victory":false,"master_deck":["Strike_R","Strike_R","Strike_R","Strike_R","Defend_R","Defend_R","Defend_R","Defend_R","Bash","Exhume","Headbutt","Uppercut","Thunderclap","Feed","Flex","Spot Weakness","Heavy Blade","Shrug It Off","Shrug It Off","Double Tap","Dropkick+1","Pommel Strike","Flex","Secret Technique","Sword Boomerang","Hemokinesis","Battle Trance"],"max_hp_per_floor":[80,80,80,80,80,80,80,80,80,83,83,86,86,89,89,89,89,89,89,89,89,89,89,89,89,96,96,96,96,99,99,99,99],"relics":["Burning Blood","Vajra","Bottled Lightning","Prayer Wheel","Odd Mushroom","Bag of Preparation","Velvet Choker","Nilry\u0027s Codex","Dream Catcher","Thread and Needle","Strawberry","Calipers"],"card_choices":[{"not_picked":["Anger","Blood for Blood"],"picked":"Headbutt","floor":1},{"not_picked":["Pommel Strike","Ghostly Armor"],"picked":"Uppercut","floor":3},{"not_picked":["Havoc","Dual Wield"],"picked":"Thunderclap","floor":4},{"not_picked":["Headbutt","Heavy Blade"],"picked":"Feed","floor":6},{"not_picked":["Inflame","Heavy Blade"],"picked":"Flex","floor":8},{"not_picked":["Havoc","Cleave"],"picked":"Spot Weakness","floor":10},{"not_picked":["Cleave","Metallicize"],"picked":"Heavy Blade","floor":11},{"not_picked":["True Grit","Shockwave"],"picked":"Shrug It Off","floor":12},{"not_picked":["Clash","Shockwave"],"picked":"Shrug It Off","floor":13},{"not_picked":["Impervious","Limit Break"],"picked":"Double Tap","floor":16},{"not_picked":["Fire Breathing","True Grit"],"picked":"Dropkick","floor":18},{"not_picked":["Sword Boomerang","Intimidate"],"picked":"Pommel Strike","floor":19},{"not_picked":["Body Slam","Armaments"],"picked":"Flex","floor":20},{"not_picked":["Corruption","Iron Wave"],"picked":"Sword Boomerang","floor":26},{"not_picked":["Perfected Strike","Flex"],"picked":"Hemokinesis","floor":30},{"not_picked":["Demon Form","Cleave"],"picked":"Battle Trance","floor":32}],"player_experience":251934,"potions_floor_usage":[6,11,12,16,20,20,29,33,33],"damage_taken":[{"damage":16,"enemies":"Jaw Worm","floor":1,"turns":4},{"damage":10,"enemies":"2 Louse","floor":3,"turns":4},{"damage":0,"enemies":"Cultist","floor":4,"turns":3},{"damage":15,"enemies":"3 Sentries","floor":6,"turns":4},{"damage":22,"enemies":"Gremlin Nob","floor":8,"turns":4},{"damage":15,"enemies":"The Mushroom Lair","floor":10,"turns":4},{"damage":3,"enemies":"Looter","floor":11,"turns":2},{"damage":18,"enemies":"3 Sentries","floor":12,"turns":5},{"damage":2,"enemies":"Large Slime","floor":13,"turns":4},{"damage":10,"enemies":"3 Louse","floor":14,"turns":3},{"damage":69,"enemies":"Hexaghost","floor":16,"turns":8},{"damage":26,"enemies":"Shell Parasite","floor":18,"turns":5},{"damage":27,"enemies":"Chosen","floor":19,"turns":4},{"damage":13,"enemies":"Centurion and Healer","floor":20,"turns":3},{"damage":13,"enemies":"Snecko","floor":27,"turns":3},{"damage":29,"enemies":"Slaver and Parasite","floor":28,"turns":3},{"damage":0,"enemies":"Gremlin Leader","floor":29,"turns":7},{"damage":13,"enemies":"Snake Plant","floor":30,"turns":3},{"damage":80,"enemies":"Automaton","floor":33,"turns":6}],"event_choices":[{"event_name":"World of Goop","player_choice":"Gather Gold","floor":2,"damage_taken":0},{"event_name":"Wheel of Change","player_choice":"Curse","floor":5,"damage_taken":0},{"event_name":"Mushrooms","player_choice":"Fought Mushrooms","floor":10,"damage_taken":0},{"event_name":"The Library","player_choice":"Heal","floor":21,"damage_taken":0},{"event_name":"Cursed Tome","player_choice":"Obtained Book","floor":22,"damage_taken":0},{"event_name":"Purifier","player_choice":"One Purge","floor":31,"damage_taken":0}],"boss_relics":[{"not_picked":["Snecko Eye","Runic Pyramid"],"picked":"Velvet Choker"}],"potions_floor_spawned":[1,4,6,13,14,19,28,29,30],"seed_played":"2885884055259000273","killed_by":"Automaton","ascension_level":5,"is_trial":false}