{"path_per_floor":["M","$","?","?","M","R","E","M","T","M","R","?","?","M","R","B",null,"M","$","?","M","M"],"character_chosen":"IRONCLAD","items_purchased":["Meat on the Bone","Whetstone"],"gold_per_floor":[366,47,47,47,61,61,96,106,106,124,124,124,124,136,136,237,237,249,98,98,114,125,125],"floor_reached":23,"campfire_rested":2,"playtime":531,"current_hp_per_floor":[59,59,43,43,49,73,47,53,53,58,80,80,80,75,75,42,71,69,69,69,62,51,0],"items_purged":["Pain"],"gold":125,"score":239,"play_id":"26e05d35-545b-44ea-acea-de53265efe83","local_time":"20180407220442","is_prod":false,"is_daily":false,"is_ascension_mode":true,"campfire_upgraded":1,"timestamp":1523163882,"path_taken":["M","$","?","?","M","R","E","M","T","M","R","?","?","?","R","BOSS","M","$","?","M","M","E"],"build_version":"2018-04-05v2","purchased_purges":1,"victory":false,"master_deck":["Strike_R+1","Strike_R","Strike_R","Strike_R+1","Defend_R","Defend_R","Defend_R","Defend_R","Bash+1","Inflame","Thunderclap","Heavy Blade+1","Headbutt+1","Shrug It Off+1","Double Tap","Perfected Strike+1","Bloodletting"],"max_hp_per_floor":[80,80,80,80,80,80,80,80,80,80,80,80,80,80,80,80,80,80,80,80,80,80,80],"relics":["Black Blood","Meat on the Bone","Bronze Scales","Gambling Chip","Whetstone","Torii"],"card_choices":[{"not_picked":["Havoc","Wild Strike"],"picked":"Inflame","floor":5},{"not_picked":["Second Wind","Fire Breathing"],"picked":"Thunderclap","floor":7},{"not_picked":["Fire Breathing","Perfected Strike"],"picked":"Heavy Blade","floor":8},{"not_picked":["Rupture","Ghostly Armor"],"picked":"Headbutt","floor":10},{"not_picked":["Sword Boomerang","Burning Pact"],"picked":"Shrug It Off","floor":14},{"not_picked":["Reaper","Fiend Fire"],"picked":"Double Tap","floor":16},{"not_picked":["Clothesline","True Grit"],"picked":"Perfected Strike","floor":18},{"not_picked":["Headbutt","Corruption"],"picked":"Bloodletting","floor":21}],"player_experience":253080,"potions_floor_usage":[18,21,23],"damage_taken":[{"damage":27,"enemies":"Jaw Worm","floor":1,"turns":4},{"damage":0,"enemies":"Small Slimes","floor":5,"turns":2},{"damage":32,"enemies":"Gremlin Nob","floor":7,"turns":4},{"damage":0,"enemies":"2 Louse","floor":8,"turns":2},{"damage":13,"enemies":"Blue Slaver","floor":10,"turns":2},{"damage":11,"enemies":"Looter","floor":14,"turns":2},{"damage":51,"enemies":"The Guardian","floor":16,"turns":13},{"damage":12,"enemies":"3 Byrds","floor":18,"turns":3},{"damage":17,"enemies":"Spheric Guardian","floor":21,"turns":4},{"damage":21,"enemies":"Snecko","floor":22,"turns":3},{"damage":52,"enemies":"Book of Stabbing","floor":23,"turns":4}],"event_choices":[{"event_name":"Shining Light","player_choice":"Entered Light","floor":3,"damage_taken":0},{"event_name":"Golden Wing","player_choice":"Ignored","floor":4,"damage_taken":0},{"event_name":"Living Wall","player_choice":"Grow","floor":12,"damage_taken":0},{"event_name":"Bonfire Elementals","player_choice":"BASIC","floor":13,"damage_taken":0},{"event_name":"The Mausoleum","player_choice":"Yes","floor":20,"damage_taken":0}],"boss_relics":[{"not_picked":["Runic Dome","Cursed Key"],"picked":"Black Blood"}],"potions_floor_spawned":[1,14,21],"seed_played":"847403421780985214","killed_by":"Book of Stabbing","ascension_level":5,"is_trial":false}