{"path_per_floor":["M","?","?","$","?","R","$","E","T","M","$","E","?","M","R","B",null,"M","?","M","M","?","R","?","E","T","R","E","M","$","T","R","B",null,"M","?","?","?","?","R","E","T","T","R","$","?","M","M","R","B"],"character_chosen":"IRONCLAD","items_purchased":["Vajra","Metallicize","Flex","Armaments","Shockwave","Happy Flower","Impervious","Dexterity Potion","Perfected Strike","Offering"],"gold_per_floor":[111,211,286,11,186,186,99,134,134,154,2,31,86,103,103,204,204,219,219,232,247,147,147,62,90,90,90,122,134,1,76,76,172,172,187,187,187,187,239,239,269,295,349,349,230,230,242,256,256,256],"floor_reached":51,"campfire_rested":2,"playtime":5007,"current_hp_per_floor":[81,81,70,70,70,70,70,37,37,34,34,24,21,25,51,52,87,75,59,62,60,60,60,60,52,52,52,37,42,42,42,42,38,112,97,97,87,87,84,84,83,83,83,119,119,119,121,115,115,113],"items_purged":[],"gold":256,"play_id":"caa340ca-aade-45d6-ada1-17b875657ff6","is_prod":false,"is_daily":false,"campfire_rituals":0,"campfire_upgraded":6,"is_hardmode":false,"path_taken":["M","?","?","$","?","R","?","E","T","M","$","E","?","M","R","BOSS","M","?","?","M","?","R","?","E","T","R","E","M","$","?","R","BOSS","M","?","?","?","?","R","E","?","T","R","$","?","M","M","R","BOSS"],"build_version":"2018-01-18-PROD4","purchased_purges":0,"victory":true,"master_deck":["Strike_R","Strike_R","Strike_R","Strike_R","Strike_R","Defend_R","Defend_R","Defend_R","Defend_R","Bash","Perfected Strike","Metallicize","Flex","Armaments","Shockwave","Barricade","Clothesline","Blood for Blood","Warcry","Sever Soul","Feed","Thunderclap","Anger","Rampage","Perfected Strike","Spot Weakness","Battle Trance","Cleave","Impervious","J.A.X.","Metallicize","Clothesline","Warcry","Impervious","Reaper","Perfected Strike","Madness","Madness","Bash","Double Tap","Twin Strike","Inflame","Warcry","Perfected Strike","Offering","Necronomicurse","Berserk","Dropkick"],"max_hp_per_floor":[87,87,87,87,87,87,87,87,87,87,87,87,87,87,87,87,87,90,90,90,90,90,90,90,90,90,90,90,90,90,90,90,94,112,112,112,112,112,112,112,122,122,122,122,122,122,122,122,122,122],"relics":["Burning Blood","Strawberry","Vajra","War Paint","Gambling Chip","Happy Flower","Bronze Scales","Lantern","Orrery","Necronomicon","Darkstone Periapt","Blood Vial","Oddly Smooth Stone","Toxic Egg","Kunai","Calling Bell","Toolbox","Juzu Bracelet","Pen Nib","Ice Cream","Pear","Bag of Marbles","Dream Catcher"],"campfire_meditates":0,"card_choices":[{"not_picked":["Cleave","Whirlwind"],"picked":"Perfected Strike"},{"not_picked":["Headbutt","Rage"],"picked":"Barricade"},{"not_picked":["Cleave","Rupture"],"picked":"Clothesline"},{"not_picked":["Clothesline","Second Wind"],"picked":"Blood for Blood"},{"not_picked":["Clothesline","Twin Strike"],"picked":"Warcry"},{"not_picked":["Feel No Pain","Clash"],"picked":"Sever Soul"},{"not_picked":["Reaper","Barricade"],"picked":"Feed"},{"not_picked":["Sword Boomerang","Armaments"],"picked":"Thunderclap"},{"not_picked":["Corruption","Sword Boomerang"],"picked":"Anger"},{"not_picked":["Clash","Pommel Strike"],"picked":"Rampage"},{"not_picked":["Clothesline","Flex"],"picked":"Perfected Strike"},{"not_picked":["Body Slam","Warcry"],"picked":"Spot Weakness"},{"not_picked":["Power Through","Metallicize"],"picked":"Battle Trance"},{"not_picked":["Rampage","Combust"],"picked":"Cleave"},{"not_picked":["Headbutt","Infernal Blade"],"picked":"Impervious"},{"not_picked":["Rampage","Whirlwind"],"picked":"Metallicize"},{"not_picked":["Warcry","Cleave"],"picked":"Clothesline"},{"not_picked":["True Grit","Infernal Blade"],"picked":"Warcry"},{"not_picked":["Dark Embrace","Juggernaut"],"picked":"Reaper"},{"not_picked":["Iron Wave","Hemokinesis"],"picked":"Perfected Strike"},{"not_picked":["True Grit","Anger"],"picked":"Twin Strike"},{"not_picked":["Burning Pact","Clothesline"],"picked":"Inflame"},{"not_picked":["Headbutt","Battle Trance"],"picked":"Warcry"},{"not_picked":["Rupture","Headbutt"],"picked":"Berserk"},{"not_picked":["Armaments","Fire Breathing"],"picked":"Dropkick"}],"player_experience":10235,"potions_floor_usage":[18,18,21,25,33,33,33,50],"damage_taken":[{"damage":12.0,"enemies":"Cultist","floor":1.0,"turns":5.0},{"damage":39.0,"enemies":"3 Sentries","floor":8.0,"turns":9.0},{"damage":9.0,"enemies":"Blue Slaver","floor":10.0,"turns":6.0},{"damage":16.0,"enemies":"Lagavulin","floor":12.0,"turns":9.0},{"damage":9,"enemies":"Gremlin Nob","floor":13,"turns":4},{"damage":2,"enemies":"Small Slimes","floor":14,"turns":3},{"damage":5,"enemies":"Hexaghost","floor":16,"turns":11},{"damage":21,"enemies":"2 Thieves","floor":18,"turns":4},{"damage":3,"enemies":"3 Byrds","floor":20,"turns":3},{"damage":8,"enemies":"Snecko","floor":21,"turns":3},{"damage":14,"enemies":"Book of Stabbing","floor":25,"turns":5},{"damage":23,"enemies":"Gremlin Leader","floor":28,"turns":4},{"damage":3,"enemies":"Chosen and Byrds","floor":29,"turns":4},{"damage":31,"enemies":"Collector","floor":33,"turns":10},{"damage":21,"enemies":"3 Darklings","floor":35,"turns":8},{"damage":34,"enemies":"Mysterious Sphere","floor":39,"turns":4},{"damage":34,"enemies":"2 Orb Walkers","floor":41,"turns":4},{"damage":6,"enemies":"3 Shapes","floor":47,"turns":3},{"damage":32,"enemies":"Sphere and 2 Shapes","floor":48,"turns":3},{"damage":60,"enemies":"Awakened One","floor":50,"turns":7}],"event_choices":[{"event_name":"Wheel of Change","player_choice":"Gold","floor":2.0,"damage_taken":0.0},{"event_name":"World of Goop","player_choice":"Gather Gold","floor":3.0,"damage_taken":0.0},{"event_name":"Liars Game","player_choice":"agreed","floor":5.0,"damage_taken":0.0},{"event_name":"Dead Adventurer","player_choice":"Searched \u00273\u0027 times","floor":13,"damage_taken":0},{"event_name":"Cursed Tome","player_choice":"Obtained Book","floor":19,"damage_taken":0},{"event_name":"Drug Dealer","player_choice":"Got JAXXED","floor":22,"damage_taken":0},{"event_name":"Addict","player_choice":"Obtained Relic","floor":24,"damage_taken":0},{"event_name":"Tomb of Lord Red Mask","player_choice":"Ignored","floor":36,"damage_taken":0},{"event_name":"Winding Halls","player_choice":"Embrace Madness","floor":37,"damage_taken":0},{"event_name":"Match and Keep!","player_choice":"2 cards matched","floor":38,"damage_taken":0},{"event_name":"Mysterious Sphere","player_choice":"Fight","floor":39,"damage_taken":0},{"event_name":"Fountain of Cleansing","player_choice":"Removed Curse","floor":46,"damage_taken":0}],"boss_relics":[{"not_picked":["Sozu","Eternal Feather"],"picked":"Orrery"},{"not_picked":["Question Card","Black Star"],"picked":"Calling Bell"}],"potions_floor_spawned":[8,10,14,16,18,20,28,35,39,47],"seed_played":"4678482303856519468","is_trial":false}