{"path_per_floor":["M","?","?","$","M","R","E","R","T","M","M","R","M","M","R","B",null,"M","?","?","?","$","R","M","M","T"],"character_chosen":"IRONCLAD","items_purchased":["Shrug It Off","Cleave","Metallicize","Warcry","Armaments"],"gold_per_floor":[112,112,187,86,102,102,133,133,133,152,165,165,181,200,200,320,320,333,233,158,158,2,2,13,30,54],"floor_reached":27,"campfire_rested":2,"playtime":2343,"current_hp_per_floor":[77,74,63,63,63,63,43,43,43,47,33,55,47,42,64,17,74,48,48,48,48,48,48,33,23,23],"items_purged":[],"gold":54,"play_id":"06d2cf74-9b62-4446-8483-a0f248736998","is_prod":false,"is_daily":false,"campfire_rituals":0,"campfire_upgraded":3,"is_hardmode":false,"path_taken":["M","?","?","$","M","R","E","R","T","M","M","R","M","M","R","BOSS","M","?","?","?","$","R","?","M","T","M"],"build_version":"2018-01-18-PROD4","purchased_purges":1,"victory":false,"master_deck":["Strike_R","Strike_R","Strike_R","Strike_R","Defend_R","Defend_R","Defend_R","Defend_R","Bash","Cleave","Shrug It Off","Cleave","Combust","Armaments","Demon Form","Clothesline","Whirlwind","Thunderclap","Berserk","Perfected Strike","J.A.X.","Metallicize","Warcry","Armaments","Clothesline","Reaper"],"max_hp_per_floor":[80,74,74,74,74,74,74,74,74,74,74,74,74,74,74,74,74,74,74,74,74,74,74,74,74,74],"relics":["Burning Blood","Ancient Tea Set","Sundial","Philosopher\u0027s Stone","Nloth\u0027s Gift","Whetstone"],"campfire_meditates":0,"card_choices":[{"not_picked":["Twin Strike","Dual Wield"],"picked":"Cleave"},{"not_picked":["Flex","Warcry"],"picked":"Combust"},{"not_picked":["Iron Wave","Thunderclap"],"picked":"Armaments"},{"not_picked":["Hemokinesis","Armaments"],"picked":"Demon Form"},{"not_picked":["Feel No Pain","Warcry"],"picked":"Clothesline"},{"not_picked":["Armaments","Cleave"],"picked":"Whirlwind"},{"not_picked":["Clash","Dual Wield"],"picked":"Thunderclap"},{"not_picked":["Double Tap","Offering"],"picked":"Berserk"},{"not_picked":["Sword Boomerang","Cleave"],"picked":"Perfected Strike"},{"not_picked":["Flex","Thunderclap"],"picked":"Clothesline"},{"not_picked":["Twin Strike","True Grit"],"picked":"Reaper"}],"player_experience":0,"potions_floor_usage":[24,27],"damage_taken":[{"damage":9,"enemies":"Small Slimes","floor":1,"turns":5},{"damage":6,"enemies":"Jaw Worm","floor":5,"turns":6},{"damage":26,"enemies":"3 Sentries","floor":7,"turns":5},{"damage":2,"enemies":"Cultist","floor":10,"turns":3},{"damage":20,"enemies":"Large Slime","floor":11,"turns":5},{"damage":14,"enemies":"Exordium Wildlife","floor":13,"turns":6},{"damage":11,"enemies":"Exordium Thugs","floor":14,"turns":5},{"damage":53,"enemies":"The Guardian","floor":16,"turns":9},{"damage":32,"enemies":"2 Thieves","floor":18,"turns":4},{"damage":21,"enemies":"Shell Parasite","floor":24,"turns":6},{"damage":16,"enemies":"Snecko","floor":25,"turns":6},{"damage":30,"enemies":"Snake Plant","floor":27,"turns":1}],"event_choices":[{"event_name":"Golden Idol","player_choice":"Lose Max HP","floor":2,"damage_taken":0},{"event_name":"World of Goop","player_choice":"Gather Gold","floor":3,"damage_taken":0},{"event_name":"Drug Dealer","player_choice":"Got JAXXED","floor":19,"damage_taken":0},{"event_name":"Beggar","player_choice":"Gave Gold","floor":20,"damage_taken":0},{"event_name":"N\u0027loth","player_choice":"Traded a Golden Idol","floor":21,"damage_taken":0}],"boss_relics":[{"not_picked":["Astrolabe","Velvet Choker"],"picked":"Philosopher\u0027s Stone"}],"potions_floor_spawned":[7,11,14],"seed_played":"-837851692573467569","killed_by":"Snake Plant","is_trial":false}