{"path_per_floor":["M","M","?","T","$","R","E","M","T","M","R","M","M","$","R","B",null,"M","?","$","M","M","R","M","M","T","M","R","$","M","?","R"],"character_chosen":"IRONCLAD","items_purchased":["Pen Nib"],"gold_per_floor":[118,137,87,114,114,114,149,168,168,180,180,197,207,55,55,152,152,162,87,87,106,123,123,133,146,172,189,189,189,208,208,208],"floor_reached":33,"campfire_rested":2,"playtime":2699,"current_hp_per_floor":[80,71,71,71,71,71,52,58,58,56,56,62,68,68,68,48,80,80,80,80,60,32,32,15,21,21,23,62,62,42,42,80],"items_purged":[],"gold":208,"play_id":"2238b81d-e658-4c6b-bae0-480b5f96c95b","is_prod":false,"is_daily":false,"is_ascension_mode":false,"campfire_upgraded":4,"path_taken":["M","M","?","?","?","R","E","M","T","M","R","?","M","$","R","BOSS","M","?","$","M","M","R","M","M","T","M","R","$","?","?","R","BOSS"],"build_version":"2018-01-25-PROD3","purchased_purges":0,"victory":false,"master_deck":["Strike_R","Strike_R","Strike_R","Strike_R","Strike_R","Defend_R","Defend_R","Bash+1","Rupture","Headbutt","Shrug It Off","Spot Weakness+1","Spot Weakness","Whirlwind+1","Offering+1","Warcry+1","Thunderclap","Flex"],"max_hp_per_floor":[80,80,80,80,80,80,80,80,80,80,80,80,80,80,80,80,80,80,80,80,80,80,80,80,80,80,80,80,80,80,80,80],"relics":["Burning Blood","Vajra","Oddly Smooth Stone","Anchor","Pen Nib","Runic Dome","Regal Pillow"],"card_choices":[{"not_picked":["Shockwave","Metallicize"],"picked":"Rupture"},{"not_picked":["Perfected Strike","Barricade"],"picked":"Headbutt"},{"not_picked":["Body Slam","Thunderclap"],"picked":"Shrug It Off"},{"not_picked":["Pommel Strike","Wild Strike"],"picked":"Spot Weakness"},{"not_picked":["Metallicize","Headbutt"],"picked":"Spot Weakness"},{"not_picked":["Headbutt","Armaments"],"picked":"Whirlwind"},{"not_picked":["Bludgeon","Dark Embrace"],"picked":"Offering"},{"not_picked":["Battle Trance","Seeing Red"],"picked":"Warcry"},{"not_picked":["Iron Wave","Headbutt"],"picked":"Thunderclap"}],"player_experience":100960,"potions_floor_usage":[7,16,16,25,33],"damage_taken":[{"damage":0,"enemies":"2 Louse","floor":1,"turns":4},{"damage":15,"enemies":"Jaw Worm","floor":2,"turns":5},{"damage":25,"enemies":"Gremlin Nob","floor":7,"turns":4},{"damage":0,"enemies":"Cultist","floor":8,"turns":2},{"damage":8,"enemies":"Exordium Thugs","floor":10,"turns":5},{"damage":0,"enemies":"Looter","floor":12,"turns":2},{"damage":0,"enemies":"3 Louse","floor":13,"turns":2},{"damage":41,"enemies":"The Guardian","floor":16,"turns":7},{"damage":5,"enemies":"2 Thieves","floor":18,"turns":3},{"damage":26,"enemies":"Spheric Guardian","floor":21,"turns":5},{"damage":34,"enemies":"Snake Plant","floor":22,"turns":5},{"damage":23,"enemies":"Centurion and Healer","floor":24,"turns":6},{"damage":0,"enemies":"3 Cultists","floor":25,"turns":2},{"damage":4,"enemies":"Snake Plant","floor":27,"turns":2},{"damage":26,"enemies":"Slaver and Parasite","floor":30,"turns":3},{"damage":89,"enemies":"Automaton","floor":33,"turns":6}],"event_choices":[{"event_name":"The Cleric","player_choice":"Card Removal","floor":3,"damage_taken":0},{"event_name":"Beggar","player_choice":"Gave Gold","floor":19,"damage_taken":0},{"event_name":"The Library","player_choice":"Read","floor":31,"damage_taken":0}],"boss_relics":[{"not_picked":["Question Card","Runic Pyramid"],"picked":"Runic Dome"}],"potions_floor_spawned":[1,2,8,10,18,24,27],"seed_played":"593732362155435328","killed_by":"Automaton","ascension_level":0,"is_trial":false}