{"path_per_floor":["M","M","T","?","?","R","E","$","T","E","R","M","M","T","R","B",null,"M","M","?","?","?","R","E","$","T","R","?","$","E","T","R","B",null,"M","$","?","M","$","R","E","M","T","E","M","T","R","E","R","B"],"character_chosen":"IRONCLAD","items_purchased":["Bag of Marbles","Flex","Whirlwind","Strength Potion"],"gold_per_floor":[117,134,134,134,134,134,192,117,117,144,144,163,178,204,204,304,304,322,335,335,335,260,260,291,147,174,174,174,152,177,204,204,299,299,316,130,130,144,19,19,44,57,83,118,132,132,132,160,160,160],"floor_reached":51,"campfire_rested":5,"playtime":4659,"current_hp_per_floor":[67,67,67,60,44,44,44,44,44,19,43,49,52,52,52,33,89,79,66,50,50,50,50,27,27,27,56,56,56,28,28,59,59,105,108,108,108,108,108,108,61,70,70,37,42,42,75,57,90,70],"items_purged":["Defend_R","Sword Boomerang","Bite_R"],"gold":160,"play_id":"c32f60c7-2153-4e1e-ba5f-177dc572dd79","is_prod":false,"is_daily":false,"is_ascension_mode":true,"campfire_upgraded":4,"path_taken":["M","?","?","?","?","R","E","$","T","E","R","?","M","?","R","BOSS","M","M","?","?","?","R","E","$","T","R","?","$","E","?","R","BOSS","M","$","?","M","$","R","E","M","T","E","M","?","R","E","R","BOSS"],"build_version":"2018-01-25-PROD3","purchased_purges":6,"victory":true,"master_deck":["Defend_R+1","Defend_R+1","Bash+1","Heavy Blade+1","Spot Weakness+1","Feed+1","Flex+1","Offering+1","Thunderclap","Bite_R","Bite_R","Bite_R","Flex","Brutality","Sword Boomerang+1","Whirlwind+1","Spot Weakness+1"],"max_hp_per_floor":[80,80,80,80,80,80,80,80,80,83,83,83,86,86,86,89,89,92,95,95,95,95,95,98,98,98,98,98,98,105,105,105,105,105,108,108,108,108,108,108,108,112,112,112,112,112,112,112,112,112],"relics":["Burning Blood","Charon\u0027s Ashes","Oddly Smooth Stone","Tiny Chest","Ice Cream","Omamori","Juzu Bracelet","Black Star","Nilry\u0027s Codex","War Paint","Bag of Marbles","Pen Nib","Strawberry","Ancient Tea Set","Anchor","Philosopher\u0027s Stone","Bronze Scales","Molten Egg","Bag of Preparation","Vajra","Happy Flower","Magic Flower","Shuriken","Meat on the Bone"],"card_choices":[{"not_picked":["Sever Soul","True Grit"],"picked":"Heavy Blade"},{"not_picked":["Thunderclap","Sword Boomerang"],"picked":"Spot Weakness"},{"not_picked":["Seeing Red","Pommel Strike"],"picked":"Feed"},{"not_picked":["Uppercut","Iron Wave"],"picked":"Sword Boomerang"},{"not_picked":["Headbutt","Iron Wave"],"picked":"Flex"},{"not_picked":["Bludgeon","Double Tap"],"picked":"Offering"},{"not_picked":["Rupture","Clash"],"picked":"Thunderclap"},{"not_picked":["Reaper","Bludgeon"],"picked":"Brutality"},{"not_picked":["Anger","Wild Strike"],"picked":"Sword Boomerang"},{"not_picked":["Clash","Thunderclap"],"picked":"Spot Weakness"}],"player_experience":148812,"potions_floor_usage":[7,16,16,44,50,50],"damage_taken":[{"damage":19,"enemies":"Blue Slaver","floor":1,"turns":3},{"damage":6,"enemies":"Cultist","floor":2,"turns":3},{"damage":6,"enemies":"Lagavulin","floor":7,"turns":3},{"damage":34,"enemies":"3 Sentries","floor":10,"turns":6},{"damage":0,"enemies":"Jaw Worm","floor":12,"turns":3},{"damage":6,"enemies":"3 Louse","floor":13,"turns":4},{"damage":28,"enemies":"The Guardian","floor":16,"turns":8},{"damage":19,"enemies":"2 Thieves","floor":18,"turns":3},{"damage":22,"enemies":"3 Byrds","floor":19,"turns":4},{"damage":32,"enemies":"Slavers","floor":24,"turns":4},{"damage":49,"enemies":"Gremlin Leader","floor":30,"turns":4},{"damage":18,"enemies":"Automaton","floor":33,"turns":4},{"damage":9,"enemies":"3 Darklings","floor":35,"turns":3},{"damage":4,"enemies":"Orb Walker","floor":38,"turns":1},{"damage":54,"enemies":"Nemesis","floor":41,"turns":4},{"damage":5,"enemies":"Sphere and 2 Shapes","floor":42,"turns":3},{"damage":45,"enemies":"Giant Head","floor":44,"turns":6},{"damage":7,"enemies":"Maw","floor":45,"turns":4},{"damage":36,"enemies":"Nemesis","floor":48,"turns":4},{"damage":50,"enemies":"Awakened One","floor":50,"turns":5}],"event_choices":[{"event_name":"Scrap Ooze","player_choice":"success","floor":4,"damage_taken":7},{"event_name":"Shining Light","player_choice":"Entered Light","floor":5,"damage_taken":0},{"event_name":"Cursed Tome","player_choice":"Obtained Book","floor":20,"damage_taken":0},{"event_name":"Upgrade Shrine","player_choice":"Upgraded","floor":21,"damage_taken":0},{"event_name":"Beggar","player_choice":"Gave Gold","floor":22,"damage_taken":0},{"event_name":"Vampires","player_choice":"Became a vampire (Vial)","floor":28,"damage_taken":0}],"boss_relics":[{"not_picked":["Mark of Pain","Tiny House"],"picked":"Black Star"},{"not_picked":["Black Blood","Runic Dome"],"picked":"Philosopher\u0027s Stone"}],"potions_floor_spawned":[1,10,12,33,35,38],"seed_played":"5868895821689822636","ascension_level":1,"is_trial":false}