{"path_per_floor":["M","M","M","M","?","E","R","$","T","M","M","?","M","M","R","B",null,"M","M","M","$","?","$","R","M","T","R","M","?","M","M","R","B",null,"M","M","M","M","M","R","E","R","T"],"character_chosen":"IRONCLAD","items_purchased":["Fire Breathing","Happy Flower","Bottled Tornado"],"gold_per_floor":[113,124,138,150,150,179,179,179,251,271,282,339,358,376,376,471,471,481,498,510,439,439,29,29,45,116,116,126,126,139,159,159,255,255,274,293,304,322,341,341,371,371,371],"floor_reached":44,"campfire_rested":0,"playtime":3026,"current_hp_per_floor":[76,69,59,61,61,46,46,46,46,37,42,45,51,58,58,79,80,71,59,33,33,33,33,33,39,39,39,45,45,55,36,36,53,80,74,70,58,55,49,49,20,20,20],"items_purged":[],"gold":371,"play_id":"f288c0b3-7f40-461f-8929-d5443bb08a3a","is_prod":false,"is_daily":false,"is_ascension_mode":false,"campfire_upgraded":7,"path_taken":["M","M","M","M","?","E","R","$","T","M","M","?","M","M","R","BOSS","M","M","M","$","?","$","R","M","T","R","M","?","M","M","R","BOSS","M","M","M","M","M","R","E","R","T","M"],"build_version":"2018-01-25-PROD3","purchased_purges":1,"victory":false,"master_deck":["Strike_R","Strike_R","Strike_R","Strike_R","Strike_R","Defend_R","Defend_R","Defend_R","Bash","Cleave+1","Thunderclap","Sword Boomerang+1","Thunderclap","Sword Boomerang","Twin Strike","Cleave","Thunderclap","Inflame+1","Twin Strike","Demon Form+1","Cleave","Thunderclap","Clothesline+1","Fire Breathing+1","Dropkick","Rampage","Cleave+1","Whirlwind+1","Cleave+1","Flex+1","Twin Strike+1","Inflame+1"],"max_hp_per_floor":[80,80,80,80,80,80,80,80,80,80,80,80,80,80,80,80,80,80,80,80,80,80,80,80,80,80,80,80,80,80,80,80,80,80,80,80,80,80,80,80,80,80,80],"relics":["Burning Blood","Pen Nib","Meat on the Bone","Pantograph","Omamori","Cursed Key","Happy Flower","Bottled Tornado","Shuriken","Sozu","Darkstone Periapt","Magic Flower"],"card_choices":[{"not_picked":["Anger","Pommel Strike"],"picked":"Cleave"},{"not_picked":["Power Through","Dual Wield"],"picked":"Thunderclap"},{"not_picked":["Juggernaut","Shockwave"],"picked":"Sword Boomerang"},{"not_picked":["Sever Soul","Warcry"],"picked":"Thunderclap"},{"not_picked":["Battle Trance","Warcry"],"picked":"Sword Boomerang"},{"not_picked":["Warcry","Intimidate"],"picked":"Twin Strike"},{"not_picked":["Heavy Blade","Clash"],"picked":"Cleave"},{"not_picked":["Corruption","Cleave"],"picked":"Thunderclap"},{"not_picked":["Cleave","Seeing Red"],"picked":"Inflame"},{"not_picked":["Cleave","Shrug It Off"],"picked":"Twin Strike"},{"not_picked":["Juggernaut","Berserk"],"picked":"Demon Form"},{"not_picked":["Armaments","Twin Strike"],"picked":"Cleave"},{"not_picked":["Twin Strike","Reckless Charge"],"picked":"Thunderclap"},{"not_picked":["Infernal Blade","Perfected Strike"],"picked":"Clothesline"},{"not_picked":["Combust","Juggernaut"],"picked":"Rampage"},{"not_picked":["Armaments","Headbutt"],"picked":"Cleave"},{"not_picked":["Shrug It Off","Rage"],"picked":"Whirlwind"},{"not_picked":["True Grit","Perfected Strike"],"picked":"Cleave"},{"not_picked":["Shrug It Off","Pummel"],"picked":"Flex"},{"not_picked":["Rage","Brutality"],"picked":"Twin Strike"},{"not_picked":["Feel No Pain","Headbutt"],"picked":"Inflame"}],"player_experience":84821,"potions_floor_usage":[6,6,12,16,20,33,33],"damage_taken":[{"damage":10,"enemies":"Small Slimes","floor":1,"turns":4},{"damage":13,"enemies":"Blue Slaver","floor":2,"turns":6},{"damage":16,"enemies":"Jaw Worm","floor":3,"turns":4},{"damage":4,"enemies":"2 Fungi Beasts","floor":4,"turns":4},{"damage":21,"enemies":"Lagavulin","floor":6,"turns":5},{"damage":27,"enemies":"Exordium Thugs","floor":10,"turns":4},{"damage":13,"enemies":"Red Slaver","floor":11,"turns":2},{"damage":15,"enemies":"Gremlin Nob","floor":12,"turns":4},{"damage":0,"enemies":"Lots of Slimes","floor":13,"turns":1},{"damage":11,"enemies":"Exordium Wildlife","floor":14,"turns":4},{"damage":7,"enemies":"Slime Boss","floor":16,"turns":7},{"damage":15,"enemies":"Shell Parasite","floor":18,"turns":3},{"damage":18,"enemies":"Chosen","floor":19,"turns":3},{"damage":44,"enemies":"Slaver and Parasite","floor":20,"turns":5},{"damage":12,"enemies":"3 Cultists","floor":25,"turns":3},{"damage":12,"enemies":"Centurion and Healer","floor":28,"turns":3},{"damage":8,"enemies":"Snecko","floor":30,"turns":3},{"damage":37,"enemies":"Snake Plant","floor":31,"turns":3},{"damage":38,"enemies":"Champ","floor":33,"turns":6},{"damage":12,"enemies":"3 Shapes","floor":35,"turns":2},{"damage":10,"enemies":"Orb Walker","floor":36,"turns":2},{"damage":18,"enemies":"3 Darklings","floor":37,"turns":3},{"damage":21,"enemies":"Sphere and 2 Shapes","floor":38,"turns":3},{"damage":24,"enemies":"Maw","floor":39,"turns":4},{"damage":47,"enemies":"Nemesis","floor":41,"turns":4},{"damage":22,"enemies":"3 Darklings","floor":44,"turns":2}],"event_choices":[{"event_name":"Upgrade Shrine","player_choice":"Upgraded","floor":5,"damage_taken":0},{"event_name":"Dead Adventurer","player_choice":"Searched \u00273\u0027 times","floor":12,"damage_taken":0},{"event_name":"Transmorgrifier","player_choice":"Transform","floor":22,"damage_taken":0},{"event_name":"N\u0027loth","player_choice":"Ignored","floor":29,"damage_taken":0}],"boss_relics":[{"not_picked":["Snecko Eye","Black Star"],"picked":"Cursed Key"},{"not_picked":["Orrery","Velvet Choker"],"picked":"Sozu"}],"potions_floor_spawned":[2,3,10,12,13,14,18,28,33,37,38,39,41],"seed_played":"7157617467975771876","killed_by":"3 Darklings","ascension_level":0,"is_trial":false}