{"path_per_floor":["M","?","M","?","?","R","E","R","T","M","?","M","$","M","R","B",null,"M","$","?","M","$","R","M","?","T","M","?","M","R","M","R","B",null,"M","$","?","M","M","R","M","M","T","M","?","M","R","?","R","B"],"character_chosen":"IRONCLAD","items_purchased":["Shrug It Off","Omamori"],"gold_per_floor":[113,113,131,131,131,131,166,166,166,178,128,147,46,64,64,168,168,184,184,184,199,54,54,64,64,64,81,181,194,194,211,211,311,311,329,229,229,239,252,252,266,276,302,315,315,335,335,0,0,0],"floor_reached":51,"campfire_rested":2,"playtime":2831,"current_hp_per_floor":[82,82,66,66,66,66,64,64,64,70,70,60,60,60,60,20,88,79,79,79,82,82,82,85,70,70,69,69,63,63,69,69,45,104,92,92,82,88,77,77,40,24,24,18,18,16,62,62,104,87],"items_purged":["Defend_R","Feel No Pain"],"gold":0,"play_id":"e188d522-5296-460e-985d-c768a2edbe45","is_prod":false,"is_daily":false,"is_ascension_mode":true,"campfire_upgraded":7,"path_taken":["M","?","M","?","?","R","E","R","T","M","?","M","$","M","R","BOSS","M","$","?","M","$","R","M","?","T","M","?","?","R","?","R","BOSS","M","$","?","M","?","R","M","M","T","M","?","?","R","?","R","BOSS"],"build_version":"2018-02-01-PROD3","purchased_purges":2,"victory":true,"master_deck":["Strike_R","Strike_R","Strike_R","Bash+1","Intimidate+1","Clash+1","Infernal Blade+1","Pommel Strike","Shrug It Off","Limit Break","Bloodletting+1","Feed+1","Whirlwind+1","Flex+1","Rampage+1","Whirlwind+1","Clash+1","Thunderclap+1","Headbutt+1","Spot Weakness+1","Madness","Madness+1","Heavy Blade+1","Clash+1","Flex+1","Pummel+1"],"max_hp_per_floor":[88,88,88,88,88,88,88,88,88,88,88,88,88,88,88,88,88,92,92,92,92,92,92,95,100,100,104,104,104,104,104,104,104,104,104,104,104,104,104,104,104,104,104,104,104,104,104,104,104,104],"relics":["Burning Blood","Pen Nib","Red Skull","Astrolabe","Omamori","Mercury Hourglass","Orrery","Dream Catcher","Regal Pillow","Red Mask"],"card_choices":[{"not_picked":["Sword Boomerang","Anger"],"picked":"Intimidate"},{"not_picked":["Thunderclap","Fire Breathing"],"picked":"Clash"},{"not_picked":["Warcry","Evolve"],"picked":"Infernal Blade"},{"not_picked":["Armaments","Sever Soul"],"picked":"Pommel Strike"},{"not_picked":["Fiend Fire","Exhume"],"picked":"Limit Break"},{"not_picked":["Clash","Twin Strike"],"picked":"Whirlwind"},{"not_picked":["Flex","Clothesline"],"picked":"Rampage"},{"not_picked":["Uppercut","Battle Trance"],"picked":"Whirlwind"},{"not_picked":["Dual Wield","Iron Wave"],"picked":"Clash"},{"not_picked":["Heavy Blade","Iron Wave"],"picked":"Thunderclap"},{"not_picked":["Body Slam","True Grit"],"picked":"Headbutt"},{"not_picked":["Intimidate","Iron Wave"],"picked":"Spot Weakness"},{"not_picked":["Wild Strike","Blood for Blood"],"picked":"Heavy Blade"},{"not_picked":["Reckless Charge","Metallicize"],"picked":"Clash"},{"not_picked":["Sword Boomerang","Heavy Blade"],"picked":"Flex"},{"not_picked":["Cleave","Combust"],"picked":"Pummel"}],"player_experience":206692,"potions_floor_usage":[33,33,44,50,50],"damage_taken":[{"damage":12.0,"enemies":"Jaw Worm","floor":1.0,"turns":2.0},{"damage":22.0,"enemies":"Blue Slaver","floor":3.0,"turns":4.0},{"damage":8.0,"enemies":"Gremlin Nob","floor":7.0,"turns":3.0},{"damage":0.0,"enemies":"Cultist","floor":10.0,"turns":2.0},{"damage":16.0,"enemies":"3 Louse","floor":12.0,"turns":3.0},{"damage":6.0,"enemies":"Exordium Thugs","floor":14.0,"turns":3.0},{"damage":46.0,"enemies":"Hexaghost","floor":16.0,"turns":6.0},{"damage":25.0,"enemies":"2 Thieves","floor":18.0,"turns":3.0},{"damage":3.0,"enemies":"Spheric Guardian","floor":21.0,"turns":3.0},{"damage":6.0,"enemies":"Centurion and Healer","floor":24.0,"turns":3.0},{"damage":11.0,"enemies":"Sentry and Sphere","floor":27.0,"turns":3.0},{"damage":12.0,"enemies":"3 Cultists","floor":29.0,"turns":4.0},{"damage":0.0,"enemies":"Snake Plant","floor":31.0,"turns":2.0},{"damage":36,"enemies":"Automaton","floor":33,"turns":6},{"damage":18,"enemies":"Orb Walker","floor":35,"turns":3},{"damage":0,"enemies":"3 Darklings","floor":38,"turns":1},{"damage":17,"enemies":"Maw","floor":39,"turns":5},{"damage":43,"enemies":"Sphere and 2 Shapes","floor":41,"turns":3},{"damage":22,"enemies":"3 Darklings","floor":42,"turns":5},{"damage":23,"enemies":"Maw","floor":44,"turns":5},{"damage":8,"enemies":"Sphere and 2 Shapes","floor":46,"turns":2},{"damage":23,"enemies":"Donu and Deca","floor":50,"turns":3}],"event_choices":[{"event_name":"The Lab","player_choice":"Got Potions","floor":2.0,"damage_taken":0.0},{"event_name":"Wheel of Change","player_choice":"Card Removal","floor":4.0,"damage_taken":0.0},{"event_name":"The Woman in Blue","player_choice":"Bought 0 Potions","floor":5.0,"damage_taken":0.0},{"event_name":"The Cleric","player_choice":"Card Removal","floor":11.0,"damage_taken":0.0},{"event_name":"The Library","player_choice":"Read","floor":20.0,"damage_taken":0.0},{"event_name":"Forgotten Altar","player_choice":"Shed Blood","floor":25.0,"damage_taken":0.0},{"event_name":"Golden Shrine","player_choice":"Pray","floor":28.0,"damage_taken":0.0},{"event_name":"Winding Halls","player_choice":"Embrace Madness","floor":37,"damage_taken":0},{"event_name":"Accursed Blacksmith","player_choice":"Rummage","floor":45,"damage_taken":0},{"event_name":"Tomb of Lord Red Mask","player_choice":"Paid","floor":48,"damage_taken":0}],"boss_relics":[{"not_picked":["White Beast Statue","Pandora\u0027s Box"],"picked":"Orrery"}],"potions_floor_spawned":[3,7,14,24,27,31,33,38,39,41,44],"seed_played":"-7625043001044008988","ascension_level":2,"is_trial":false}