{"path_per_floor":["M","$","?","$","M","E","$","?","T","M","$","M","$","E","R","B",null,"M","M","?","?","$","R"],"character_chosen":"IRONCLAD","items_purchased":["Rampage"],"gold_per_floor":[116,41,41,41,61,95,15,15,15,29,29,40,40,69,69,166,166,177,193,193,193,193,193],"floor_reached":24,"campfire_rested":2,"playtime":1878,"current_hp_per_floor":[80,80,80,80,80,30,30,30,30,31,31,34,34,13,39,32,87,46,31,16,16,16,35],"items_purged":["Strike_R"],"gold":193,"play_id":"9d51c4be-d906-4423-91de-ee9ea5fbd82d","is_prod":false,"is_daily":false,"is_ascension_mode":true,"campfire_upgraded":0,"path_taken":["M","$","?","$","M","E","$","?","T","?","?","?","?","E","R","BOSS","M","M","?","?","$","R","E"],"build_version":"2018-01-25-PROD3","purchased_purges":1,"victory":false,"master_deck":["Defend_R","Defend_R","Defend_R","Defend_R","Bash","Flex+1","Rampage","Dual Wield","Brutality","Armaments+1","Bite_R","Bite_R","Bite_R","Bite_R","Bite_R"],"max_hp_per_floor":[80,80,80,80,80,87,87,87,87,87,87,87,87,87,87,87,87,87,87,92,64,64,64],"relics":["Burning Blood","Strawberry","Thread and Needle","Girya","Cursed Key"],"card_choices":[{"not_picked":["Perfected Strike","Thunderclap"],"picked":"Flex"},{"not_picked":["Barricade","Power Through"],"picked":"Dual Wield"},{"not_picked":["Offering","Dark Embrace"],"picked":"Brutality"},{"not_picked":["Body Slam","Warcry"],"picked":"Armaments"}],"player_experience":153471,"potions_floor_usage":[24,24,24],"damage_taken":[{"damage":6.0,"enemies":"Cultist","floor":1.0,"turns":3.0},{"damage":6.0,"enemies":"2 Louse","floor":5.0,"turns":3.0},{"damage":63.0,"enemies":"3 Sentries","floor":6.0,"turns":12.0},{"damage":5.0,"enemies":"Small Slimes","floor":10.0,"turns":3.0},{"damage":3.0,"enemies":"3 Louse","floor":12.0,"turns":4.0},{"damage":27.0,"enemies":"Lagavulin","floor":14.0,"turns":5.0},{"damage":13.0,"enemies":"Slime Boss","floor":16.0,"turns":9.0},{"damage":47.0,"enemies":"2 Thieves","floor":18.0,"turns":5.0},{"damage":21.0,"enemies":"Chosen","floor":19.0,"turns":5.0},{"damage":47,"enemies":"Slavers","floor":24,"turns":4}],"event_choices":[{"event_name":"Living Wall","player_choice":"Grow","floor":3.0,"damage_taken":0.0},{"event_name":"The Lab","player_choice":"Got Potions","floor":8.0,"damage_taken":0.0},{"event_name":"Forgotten Altar","player_choice":"Shed Blood","floor":20.0,"damage_taken":0.0},{"event_name":"Vampires","player_choice":"Became a vampire","floor":21.0,"damage_taken":0.0}],"boss_relics":[],"potions_floor_spawned":[6,10,14,18,19],"seed_played":"1266140911706270547","killed_by":"Slavers","ascension_level":2,"is_trial":false}