{"path_per_floor":["M","$","M","?","?","R","M","R","T","$","?","E","M","M","R","B",null,"M","?","?","T","M","R","E","M","T","M"],"character_chosen":"IRONCLAD","items_purchased":["Corruption"],"gold_per_floor":[118,85,95,95,95,95,105,105,105,30,30,59,70,80,80,179,179,189,189,189,189,209,209,239,258,285,299],"floor_reached":28,"campfire_rested":0,"playtime":2005,"current_hp_per_floor":[80,80,80,80,80,80,73,73,73,73,73,60,56,57,57,42,80,80,56,56,56,43,43,32,15,15,11],"items_purged":["Regret"],"gold":299,"play_id":"af2ad612-e35d-40fd-ba4d-73c524d3d974","is_prod":false,"is_daily":false,"is_ascension_mode":true,"campfire_upgraded":4,"path_taken":["M","$","M","?","?","R","M","R","T","$","?","E","M","M","R","BOSS","M","?","?","?","?","R","E","M","T","M","M"],"build_version":"2018-01-25-PROD3","purchased_purges":1,"victory":false,"master_deck":["Defend_R+1","Defend_R+1","Defend_R","Defend_R","Bash","Corruption","Heavy Blade+1","Trip","Heavy Blade+1","Bash","Demon Form+1","Flex+1","Flex","Offering+1","Burning Pact","Clash","Spot Weakness+1","Bite_R","Bite_R","Bite_R","Bite_R","Bite_R","Demon Form+1","Pummel+1","Berserk"],"max_hp_per_floor":[80,80,80,80,80,80,80,80,80,80,80,80,80,80,80,80,80,80,56,56,56,56,56,56,56,56,56],"relics":["Burning Blood","War Paint","Bag of Marbles","Omamori","Whetstone","Orrery","Mercury Hourglass","Kunai","Dream Catcher"],"card_choices":[{"not_picked":["Thunderclap","Pummel"],"picked":"Heavy Blade"},{"not_picked":["Second Wind","Pommel Strike"],"picked":"Demon Form"},{"not_picked":["Perfected Strike","Body Slam"],"picked":"Flex"},{"not_picked":["Cleave","Exhume"],"picked":"Flex"},{"not_picked":["Barricade","Bludgeon"],"picked":"Offering"},{"not_picked":["Iron Wave","True Grit"],"picked":"Burning Pact"},{"not_picked":["Armaments","Cleave"],"picked":"Clash"},{"not_picked":["True Grit","Intimidate"],"picked":"Spot Weakness"},{"not_picked":["Seeing Red","Clash"],"picked":"Pummel"},{"not_picked":["Combust","Sentinel"],"picked":"Berserk"}],"player_experience":163675,"potions_floor_usage":[12,24,27],"damage_taken":[{"damage":4,"enemies":"2 Louse","floor":1,"turns":4},{"damage":3,"enemies":"Small Slimes","floor":3,"turns":5},{"damage":13,"enemies":"Blue Slaver","floor":7,"turns":2},{"damage":19,"enemies":"Gremlin Nob","floor":12,"turns":5},{"damage":10,"enemies":"2 Fungi Beasts","floor":13,"turns":3},{"damage":5,"enemies":"Gremlin Gang","floor":14,"turns":5},{"damage":21,"enemies":"The Guardian","floor":16,"turns":5},{"damage":4,"enemies":"2 Thieves","floor":18,"turns":1},{"damage":23,"enemies":"Spheric Guardian","floor":22,"turns":4},{"damage":23,"enemies":"Book of Stabbing","floor":24,"turns":4},{"damage":27,"enemies":"Snecko","floor":25,"turns":4},{"damage":14,"enemies":"Chosen and Byrds","floor":27,"turns":5},{"damage":28,"enemies":"Slaver and Parasite","floor":28,"turns":1}],"event_choices":[{"event_name":"Big Fish","player_choice":"Box","floor":4,"damage_taken":0},{"event_name":"Match and Keep!","player_choice":"3 cards matched","floor":5,"damage_taken":0},{"event_name":"Living Wall","player_choice":"Grow","floor":11,"damage_taken":0},{"event_name":"Vampires","player_choice":"Became a vampire","floor":19,"damage_taken":0},{"event_name":"Duplicator","player_choice":"One dupe","floor":20,"damage_taken":0}],"boss_relics":[{"not_picked":["Snecko Eye","Eternal Feather"],"picked":"Orrery"}],"potions_floor_spawned":[1,3,12,18,27],"seed_played":"-915292974999827326","killed_by":"Slaver and Parasite","ascension_level":2,"is_trial":false}