{"path_per_floor":["M","M","$","?","?","E","R","M","T","?","?","R","M","?","R","B",null,"M","$","?","M","?","R","?","$","T","M","M","M","$","M","R","B",null,"M","M","$","?","M","R","M","R","T","$","M","R","M","T","R"],"character_chosen":"IRONCLAD","items_purchased":["Vajra","Strength Potion","Gremlin Horn","Energy Potion"],"gold_per_floor":[112,130,130,130,100,125,125,144,168,243,267,267,278,278,278,401,401,425,350,350,373,373,373,373,116,116,129,152,177,128,144,144,274,274,295,308,13,0,16,16,36,36,82,40,56,56,77,77,77],"floor_reached":50,"campfire_rested":5,"playtime":3438,"current_hp_per_floor":[73,71,71,71,71,59,59,59,59,48,32,32,38,38,77,16,80,13,13,40,29,29,68,68,68,68,56,52,49,49,51,51,13,80,72,28,28,28,30,69,40,79,79,79,27,66,70,70,70],"items_purged":["Injury","Defend_R","Pain"],"gold":77,"score":451,"play_id":"b236d461-0c93-48ef-bc57-177b9f85d2fc","is_prod":false,"is_daily":false,"is_ascension_mode":true,"campfire_upgraded":4,"path_taken":["M","M","$","?","?","E","R","M","T","?","?","R","M","?","R","BOSS","M","$","?","?","?","R","?","$","T","M","M","M","$","M","R","BOSS","M","?","$","?","M","R","?","R","T","$","M","R","M","?","R","BOSS"],"build_version":"2018-02-08-PROD1","purchased_purges":3,"victory":false,"master_deck":["Strike_R","Strike_R","Strike_R","Strike_R","Strike_R","Defend_R","Defend_R","Defend_R","Bash+1","Heavy Blade+1","Warcry+1","Shrug It Off","Whirlwind+1","Flame Barrier","Thunderclap","Offering+1","Infernal Blade","Heavy Blade+1","Whirlwind+1","Infernal Blade+1","Havoc+1","Warcry+1","Flex+1","True Grit+1"],"max_hp_per_floor":[80,80,80,80,80,80,80,80,80,80,80,80,80,80,80,80,80,80,80,80,80,80,80,80,80,80,80,80,80,80,80,80,80,80,80,80,80,80,80,80,80,80,80,80,80,80,80,80,80],"relics":["Burning Blood","Regal Pillow","Bag of Preparation","Odd Mushroom","Golden Idol","Enchiridion","Nloth\u0027s Gift","Vajra","Omamori","Calling Bell","The Courier","Blood Vial","Matryoshka","Gremlin Horn","Red Mask","Pantograph","Anchor","Ornamental Fan","Shuriken"],"card_choices":[{"not_picked":["Carnage","Seeing Red"],"picked":"Heavy Blade"},{"not_picked":["Perfected Strike","Anger"],"picked":"Warcry"},{"not_picked":["Shockwave","Heavy Blade"],"picked":"Shrug It Off"},{"not_picked":["Headbutt","Flex"],"picked":"Whirlwind"},{"not_picked":["Uppercut","Cleave"],"picked":"Flame Barrier"},{"not_picked":["Warcry","Shrug It Off"],"picked":"Thunderclap"},{"not_picked":["Bludgeon","Immolate"],"picked":"Offering"},{"not_picked":["Seeing Red","Sword Boomerang"],"picked":"Infernal Blade"},{"not_picked":["Sentinel","Evolve"],"picked":"Heavy Blade"},{"not_picked":["Wild Strike","Ghostly Armor"],"picked":"Infernal Blade"},{"not_picked":["Metallicize","Seeing Red"],"picked":"Havoc"},{"not_picked":["Iron Wave","Anger"],"picked":"Warcry"},{"not_picked":["Warcry","Armaments"],"picked":"Flex"},{"not_picked":["Sword Boomerang","Body Slam"],"picked":"True Grit"}],"player_experience":215214,"potions_floor_usage":[50,50,50],"damage_taken":[{"damage":13.0,"enemies":"Small Slimes","floor":1.0,"turns":4.0},{"damage":8.0,"enemies":"Jaw Worm","floor":2.0,"turns":4.0},{"damage":18.0,"enemies":"Gremlin Nob","floor":6.0,"turns":3.0},{"damage":6.0,"enemies":"Cultist","floor":8.0,"turns":3.0},{"damage":22.0,"enemies":"The Mushroom Lair","floor":11.0,"turns":4.0},{"damage":0.0,"enemies":"Exordium Wildlife","floor":13.0,"turns":3.0},{"damage":82.0,"enemies":"Hexaghost","floor":16.0,"turns":8.0},{"damage":73.0,"enemies":"Shell Parasite","floor":18.0,"turns":11.0},{"damage":17.0,"enemies":"2 Thieves","floor":21.0,"turns":3.0},{"damage":18.0,"enemies":"Cultist and Chosen","floor":27.0,"turns":4.0},{"damage":10.0,"enemies":"Chosen and Byrds","floor":28.0,"turns":4.0},{"damage":9.0,"enemies":"Centurion and Healer","floor":29.0,"turns":4.0},{"damage":4.0,"enemies":"Snecko","floor":31.0,"turns":3.0},{"damage":44.0,"enemies":"Collector","floor":33.0,"turns":7.0},{"damage":14.0,"enemies":"3 Darklings","floor":35.0,"turns":2.0},{"damage":52.0,"enemies":"3 Shapes","floor":36.0,"turns":3.0},{"damage":6.0,"enemies":"3 Darklings","floor":39.0,"turns":3.0},{"damage":37.0,"enemies":"4 Shapes","floor":41.0,"turns":3.0},{"damage":59.0,"enemies":"Maw","floor":45.0,"turns":7.0},{"damage":4.0,"enemies":"3 Darklings","floor":47.0,"turns":1.0},{"damage":99,"enemies":"Time Eater","floor":50,"turns":8}],"event_choices":[{"event_name":"Living Wall","player_choice":"Grow","floor":4.0,"damage_taken":0.0},{"event_name":"The Woman in Blue","player_choice":"Bought 2 Potions","floor":5.0,"damage_taken":0.0},{"event_name":"World of Goop","player_choice":"Gather Gold","floor":10.0,"damage_taken":0.0},{"event_name":"Mushrooms","player_choice":"Fought Mushrooms","floor":11.0,"damage_taken":0.0},{"event_name":"Golden Idol","player_choice":"Take Wound","floor":14.0,"damage_taken":0.0},{"event_name":"Cursed Tome","player_choice":"Obtained Book","floor":20.0,"damage_taken":0.0},{"event_name":"Duplicator","player_choice":"One dupe","floor":22.0,"damage_taken":0.0},{"event_name":"N\u0027loth","player_choice":"Traded a Lizard Tail","floor":24.0,"damage_taken":0.0},{"event_name":"Tomb of Lord Red Mask","player_choice":"Paid","floor":38.0,"damage_taken":0.0}],"boss_relics":[],"potions_floor_spawned":[1,2,13,27,29,31,36,41,45],"seed_played":"-663997109892232005","killed_by":"Time Eater","ascension_level":3,"is_trial":false}