{"path_per_floor":["M","$","?","$","M","?","?","$","T","R","M","R","M","M","R","B",null,"M","?","$","?","?","R","?","M","T","R"],"character_chosen":"IRONCLAD","items_purchased":["Havoc","Block Potion"],"gold_per_floor":[110,35,35,35,49,49,49,49,99,99,120,120,134,155,155,286,286,301,301,126,126,126,126,126,147,174,174],"floor_reached":28,"campfire_rested":1,"playtime":1244,"current_hp_per_floor":[74,74,74,74,63,74,74,74,74,74,59,59,48,41,41,39,74,37,21,21,21,21,43,43,24,24,24],"items_purged":["Defend_R","Strike_R"],"gold":174,"score":235,"play_id":"541c46cf-2ed7-4b86-b01e-10d3e2a28e77","is_prod":false,"is_daily":false,"is_ascension_mode":true,"campfire_upgraded":4,"path_taken":["M","$","?","?","M","?","?","?","T","R","M","R","?","M","R","BOSS","M","?","$","?","?","R","?","M","T","R","M"],"build_version":"2018-02-15-PROD1","purchased_purges":2,"victory":false,"master_deck":["Strike_R","Strike_R+1","Strike_R+1","Defend_R","Defend_R","Bash+1","Rupture","Warcry+1","Rampage+1","Headbutt","Brutality","Havoc+1","Clash+1"],"max_hp_per_floor":[80,80,74,74,74,74,74,74,74,74,74,74,74,74,74,74,74,74,74,74,74,74,74,74,74,74,74],"relics":["Runic Pyramid","Golden Idol","Whetstone","Black Star","Enchiridion","Blood Vial"],"card_choices":[{"not_picked":["Sword Boomerang","Combust"],"picked":"Rupture"},{"not_picked":["Dropkick","Perfected Strike"],"picked":"Rampage"},{"not_picked":["Sword Boomerang","Thunderclap"],"picked":"Headbutt"},{"not_picked":["Barricade","Demon Form"],"picked":"Brutality"},{"not_picked":["Shrug It Off","Heavy Blade"],"picked":"Clash"}],"player_experience":239040,"potions_floor_usage":[13,16,18,25],"damage_taken":[{"damage":6,"enemies":"Jaw Worm","floor":1,"turns":4},{"damage":11,"enemies":"Cultist","floor":5,"turns":4},{"damage":15,"enemies":"Small Slimes","floor":11,"turns":3},{"damage":11,"enemies":"Red Slaver","floor":13,"turns":3},{"damage":7,"enemies":"3 Louse","floor":14,"turns":3},{"damage":17,"enemies":"Slime Boss","floor":16,"turns":8},{"damage":37,"enemies":"Shell Parasite","floor":18,"turns":5},{"damage":19,"enemies":"3 Byrds","floor":25,"turns":6},{"damage":29,"enemies":"Centurion and Healer","floor":28,"turns":2}],"event_choices":[{"event_name":"Golden Idol","player_choice":"Lose Max HP","floor":3,"damage_taken":0},{"event_name":"Wheel of Change","player_choice":"Full Heal","floor":6,"damage_taken":0},{"event_name":"Transmorgrifier","player_choice":"Transform","floor":7,"damage_taken":0},{"event_name":"Cursed Tome","player_choice":"Obtained Book","floor":19,"damage_taken":0},{"event_name":"Back to Basics","player_choice":"Elegance","floor":21,"damage_taken":0},{"event_name":"Vampires","player_choice":"Ignored","floor":22,"damage_taken":0},{"event_name":"Match and Keep!","player_choice":"0 cards matched","floor":24,"damage_taken":0}],"boss_relics":[{"not_picked":["Astrolabe","Snecko Eye"],"picked":"Black Star"}],"potions_floor_spawned":[5,11,16,25],"seed_played":"7339018436243903726","killed_by":"Centurion and Healer","ascension_level":3,"is_trial":false}