{"path_per_floor":["M","?","?","$","M","R","M","R","T","$","R","?","M","$","R","B",null,"M","M","?","?","T","E","M","M","T","R","M","M","R","M","R","B",null,"M","?","$","?","M","M","R","?","T","$","R","M","R","$","R","B"],"character_chosen":"IRONCLAD","items_purchased":["Toxic Egg 2","Ginger","Strength Potion","Swift Potion"],"gold_per_floor":[216,216,291,42,52,52,70,70,70,70,70,20,32,32,32,130,160,176,190,190,190,213,245,258,268,342,342,357,373,373,389,389,488,488,499,499,197,197,215,232,232,232,232,232,232,247,247,144,144,144],"floor_reached":51,"campfire_rested":8,"playtime":2895,"current_hp_per_floor":[80,64,53,53,53,53,52,76,76,76,76,76,76,76,76,9,85,85,80,80,80,80,74,37,16,16,43,43,27,54,60,87,34,92,74,74,74,62,44,33,68,68,68,68,92,68,92,92,92,33],"items_purged":[],"gold":144,"score":596,"play_id":"8213ed98-c8f7-4ef3-977e-e8ff8cb79a69","is_prod":false,"is_daily":false,"is_ascension_mode":true,"campfire_upgraded":3,"path_taken":["M","?","?","$","?","R","M","R","T","$","R","?","?","?","R","BOSS","M","M","?","?","?","E","M","M","T","R","M","M","R","?","R","BOSS","M","?","?","?","?","M","R","?","T","$","R","M","R","?","R","BOSS"],"build_version":"2018-02-22-PROD2","purchased_purges":0,"victory":true,"master_deck":["Strike_R+1","Strike_R+1","Strike_R+1","Strike_R+1","Strike_R+1","Defend_R+1","Defend_R+1","Defend_R+1","Bash+1","Flex+1","Battle Trance+1","Impervious+1","Battle Trance+1","Havoc+1","Dual Wield+1","Warcry+1","Seeing Red+1","Spot Weakness+1","Intimidate+1","Limit Break+1","Flex+1","Madness+1","Madness+1","Iron Wave+1","Flame Barrier+1"],"max_hp_per_floor":[80,80,80,80,80,80,80,80,80,80,80,80,80,80,80,80,85,85,85,85,85,85,92,92,92,92,92,92,92,92,92,92,92,92,92,92,92,92,92,92,92,92,92,92,92,92,92,92,92,92],"relics":["Burning Blood","Toxic Egg 2","Charon\u0027s Ashes","Tiny House","Lantern","Strawberry","Mercury Hourglass","Eternal Feather","Ginger","Du-Vu Doll"],"card_choices":[{"not_picked":["Wild Strike","Iron Wave"],"picked":"Flex"},{"not_picked":["Body Slam","Flame Barrier"],"picked":"Battle Trance"},{"not_picked":["Bludgeon","Barricade"],"picked":"Impervious"},{"not_picked":["Clash","Iron Wave"],"picked":"Battle Trance"},{"not_picked":["Armaments","Perfected Strike"],"picked":"Havoc"},{"not_picked":["Blood for Blood","Metallicize"],"picked":"Dual Wield"},{"not_picked":["Entrench","True Grit"],"picked":"Warcry"},{"not_picked":["Heavy Blade","True Grit"],"picked":"Seeing Red"},{"not_picked":["Perfected Strike","Shrug It Off"],"picked":"Spot Weakness"},{"not_picked":["Seeing Red","Battle Trance"],"picked":"Intimidate"},{"not_picked":["Exhume","Impervious"],"picked":"Limit Break"},{"not_picked":["Body Slam","Shockwave"],"picked":"Flex"},{"not_picked":["Perfected Strike","Hemokinesis"],"picked":"Iron Wave"},{"not_picked":["Wild Strike","Rage"],"picked":"Flame Barrier"}],"player_experience":264632,"potions_floor_usage":[50,50,50],"damage_taken":[{"damage":3.0,"enemies":"2 Louse","floor":1.0,"turns":3.0},{"damage":6.0,"enemies":"Small Slimes","floor":5.0,"turns":4.0},{"damage":7.0,"enemies":"Jaw Worm","floor":7.0,"turns":2.0},{"damage":6.0,"enemies":"Looter","floor":13.0,"turns":2.0},{"damage":73.0,"enemies":"Hexaghost","floor":16.0,"turns":7.0},{"damage":0.0,"enemies":"Chosen","floor":18.0,"turns":3.0},{"damage":11.0,"enemies":"Spheric Guardian","floor":19.0,"turns":3.0},{"damage":19.0,"enemies":"Slavers","floor":23.0,"turns":5.0},{"damage":52.0,"enemies":"Centurion and Healer","floor":24.0,"turns":4.0},{"damage":27.0,"enemies":"Sentry and Sphere","floor":25.0,"turns":5.0},{"damage":6.0,"enemies":"3 Cultists","floor":28.0,"turns":5.0},{"damage":22.0,"enemies":"Cultist and Chosen","floor":29.0,"turns":4.0},{"damage":0.0,"enemies":"Centurion and Healer","floor":31.0,"turns":3.0},{"damage":68.0,"enemies":"Champ","floor":33.0,"turns":9.0},{"damage":24.0,"enemies":"3 Shapes","floor":35.0,"turns":4.0},{"damage":24.0,"enemies":"3 Darklings","floor":39.0,"turns":4.0},{"damage":17.0,"enemies":"4 Shapes","floor":40.0,"turns":6.0},{"damage":30.0,"enemies":"Maw","floor":46.0,"turns":5.0},{"damage":65,"enemies":"Time Eater","floor":50,"turns":9}],"event_choices":[{"event_name":"Shining Light","player_choice":"Entered Light","floor":2.0,"damage_taken":0.0},{"event_name":"World of Goop","player_choice":"Gather Gold","floor":3.0,"damage_taken":0.0},{"event_name":"The Cleric","player_choice":"Card Removal","floor":12.0,"damage_taken":0.0},{"event_name":"Back to Basics","player_choice":"Simplicity","floor":20.0,"damage_taken":0.0},{"event_name":"Match and Keep!","player_choice":"0 cards matched","floor":21.0,"damage_taken":0.0},{"event_name":"Mysterious Sphere","player_choice":"Ignore","floor":36.0,"damage_taken":0.0},{"event_name":"Winding Halls","player_choice":"Embrace Madness","floor":38.0,"damage_taken":0.0},{"event_name":"Tomb of Lord Red Mask","player_choice":"Ignored","floor":42.0,"damage_taken":0.0}],"boss_relics":[],"potions_floor_spawned":[7,13,19,23,24,28,31,35,40],"seed_played":"-6514853744830477698","ascension_level":4,"is_trial":false}