{"path_per_floor":["M","?","?","M","?","R","M","$","T","R","E","R","M","M","R","B",null,"M","M","?","?","$","M","?","$","T","?","M","R","$"],"character_chosen":"IRONCLAD","items_purchased":["Rampage","Meat on the Bone"],"gold_per_floor":[109,109,109,121,196,196,211,101,150,150,176,176,190,206,206,304,304,321,337,337,262,23,37,37,37,63,63,78,78,78],"floor_reached":31,"campfire_rested":2,"playtime":1245,"current_hp_per_floor":[75,75,59,58,47,47,48,48,48,48,33,33,30,29,53,28,67,60,35,61,61,61,37,37,37,37,37,22,46,46],"items_purged":["Defend_R"],"gold":78,"score":291,"play_id":"bb67a643-4ad6-42cc-966f-59429696ef4e","is_prod":false,"is_daily":false,"is_ascension_mode":true,"campfire_upgraded":2,"path_taken":["M","?","?","M","?","R","?","?","T","R","E","R","M","M","R","BOSS","M","M","?","?","$","M","?","?","T","?","M","R","$","M"],"build_version":"2018-02-22-PROD2","purchased_purges":1,"victory":false,"master_deck":["Strike_R+1","Strike_R+1","Defend_R","Defend_R","Bash+1","Headbutt","Cleave","Warcry","Rampage+1","Shrug It Off","Berserk","Warcry","Battle Trance","Writhe"],"max_hp_per_floor":[80,80,80,80,80,80,80,80,80,80,80,80,80,80,80,80,80,80,80,80,80,80,80,80,80,80,80,80,80,80],"relics":["Burning Blood","Blood Vial","Prayer Wheel","Peace Pipe","Meat on the Bone","Juzu Bracelet","Art of War"],"card_choices":[{"not_picked":["Feel No Pain","Dual Wield"],"picked":"Headbutt"},{"not_picked":["Anger","Rage"],"picked":"Cleave"},{"not_picked":["Reckless Charge","Anger"],"picked":"Warcry"},{"not_picked":["Flame Barrier","Flex"],"picked":"Shrug It Off"},{"not_picked":["Demon Form","Dark Embrace"],"picked":"Berserk"},{"not_picked":["Ghostly Armor","Wild Strike"],"picked":"Warcry"},{"not_picked":["Perfected Strike","Uppercut"],"picked":"Battle Trance"}],"player_experience":267527,"potions_floor_usage":[],"damage_taken":[{"damage":11.0,"enemies":"Cultist","floor":1.0,"turns":4.0},{"damage":9.0,"enemies":"2 Louse","floor":4.0,"turns":3.0},{"damage":7.0,"enemies":"Small Slimes","floor":7.0,"turns":3.0},{"damage":23.0,"enemies":"Lagavulin","floor":11.0,"turns":4.0},{"damage":11.0,"enemies":"Looter","floor":13.0,"turns":2.0},{"damage":9.0,"enemies":"3 Louse","floor":14.0,"turns":2.0},{"damage":33.0,"enemies":"The Guardian","floor":16.0,"turns":6.0},{"damage":15.0,"enemies":"3 Byrds","floor":18.0,"turns":6.0},{"damage":33.0,"enemies":"Shell Parasite","floor":19.0,"turns":4.0},{"damage":44.0,"enemies":"3 Cultists","floor":23.0,"turns":5.0},{"damage":35.0,"enemies":"Sentry and Sphere","floor":28.0,"turns":5.0},{"damage":49,"enemies":"Slaver and Parasite","floor":31,"turns":4}],"event_choices":[{"event_name":"Purifier","player_choice":"One Purge","floor":2.0,"damage_taken":0.0},{"event_name":"Shining Light","player_choice":"Entered Light","floor":3.0,"damage_taken":0.0},{"event_name":"World of Goop","player_choice":"Gather Gold","floor":5.0,"damage_taken":0.0},{"event_name":"The Library","player_choice":"Heal","floor":20.0,"damage_taken":0.0},{"event_name":"Beggar","player_choice":"Gave Gold","floor":21.0,"damage_taken":0.0},{"event_name":"Back to Basics","player_choice":"Elegance","floor":24.0,"damage_taken":0.0},{"event_name":"The Mausoleum","player_choice":"Yes","floor":27.0,"damage_taken":0.0}],"boss_relics":[],"potions_floor_spawned":[4,7,14,16,18],"seed_played":"-8326106121756056214","killed_by":"Slaver and Parasite","ascension_level":5,"is_trial":false}