{"path_per_floor":["M","?","M","?","?","R","M","M","T","$","?","$","T","M","R","B",null,"M","?","?","M","M","R","M","R","T","$","?","E","$","M","R"],"character_chosen":"IRONCLAD","items_purchased":["Toxic Egg 2"],"gold_per_floor":[118,118,136,136,136,136,155,173,223,223,223,223,249,270,270,400,400,420,420,345,370,384,384,404,404,484,155,155,188,188,200,200],"floor_reached":33,"campfire_rested":2,"playtime":1461,"current_hp_per_floor":[80,80,81,65,45,45,47,37,37,37,42,42,42,45,45,9,93,89,73,73,73,22,50,62,62,62,62,62,43,43,42,71],"items_purged":["Defend_R"],"gold":200,"score":331,"play_id":"623b46f3-c59e-449f-9722-f6ba098a4946","is_prod":false,"is_daily":false,"is_ascension_mode":true,"campfire_upgraded":3,"path_taken":["M","?","M","?","?","R","M","M","T","?","?","$","?","M","R","BOSS","M","?","?","M","M","R","M","R","T","$","?","E","$","M","R","BOSS"],"build_version":"2018-02-15-PROD1","purchased_purges":1,"victory":false,"master_deck":["Strike_R","Strike_R","Strike_R+1","Strike_R","Strike_R","Defend_R+1","Defend_R+1","Bash+1","Bludgeon+1","Clash+1","Clash","Whirlwind"],"max_hp_per_floor":[80,80,82,82,82,82,84,86,86,86,91,91,91,91,91,93,93,93,93,93,95,95,95,97,97,97,97,97,99,99,99,99],"relics":["Black Blood","Juzu Bracelet","Singing Bowl","Bloody Idol","Pen Nib","War Paint","Nilry\u0027s Codex","Self Forming Clay","Toxic Egg 2","Art of War"],"card_choices":[{"not_picked":["Shrug It Off","Cleave"],"picked":"Bludgeon"},{"not_picked":["Perfected Strike","Cleave"],"picked":"Clash"},{"not_picked":["Perfected Strike","Wild Strike"],"picked":"Clash"},{"not_picked":["True Grit","Twin Strike"],"picked":"Whirlwind"}],"player_experience":257154,"potions_floor_usage":[33,33],"damage_taken":[{"damage":6.0,"enemies":"Cultist","floor":1.0,"turns":3.0},{"damage":7.0,"enemies":"Small Slimes","floor":3.0,"turns":3.0},{"damage":6.0,"enemies":"Jaw Worm","floor":7.0,"turns":3.0},{"damage":18.0,"enemies":"Large Slime","floor":8.0,"turns":5.0},{"damage":3.0,"enemies":"Exordium Wildlife","floor":14.0,"turns":4.0},{"damage":44.0,"enemies":"Hexaghost","floor":16.0,"turns":9.0},{"damage":14.0,"enemies":"Shell Parasite","floor":18.0,"turns":2.0},{"damage":12.0,"enemies":"3 Byrds","floor":21.0,"turns":8.0},{"damage":61.0,"enemies":"Centurion and Healer","floor":22.0,"turns":6.0},{"damage":0.0,"enemies":"Snecko","floor":24.0,"turns":2.0},{"damage":36.0,"enemies":"Book of Stabbing","floor":29.0,"turns":4.0},{"damage":16.0,"enemies":"Snake Plant","floor":31.0,"turns":3.0},{"damage":105,"enemies":"Automaton","floor":33,"turns":6}],"event_choices":[{"event_name":"Accursed Blacksmith","player_choice":"Rummage","floor":2.0,"damage_taken":0.0},{"event_name":"Shining Light","player_choice":"Entered Light","floor":4.0,"damage_taken":0.0},{"event_name":"Golden Idol","player_choice":"Take Damage","floor":5.0,"damage_taken":0.0},{"event_name":"Big Fish","player_choice":"Donut","floor":11.0,"damage_taken":0.0},{"event_name":"Cursed Tome","player_choice":"Obtained Book","floor":19.0,"damage_taken":0.0},{"event_name":"Beggar","player_choice":"Gave Gold","floor":20.0,"damage_taken":0.0},{"event_name":"Forgotten Altar","player_choice":"Gave Idol","floor":28.0,"damage_taken":0.0}],"boss_relics":[],"potions_floor_spawned":[3,14,22,24,29,31],"seed_played":"-1316823641477383801","killed_by":"Automaton","ascension_level":4,"is_trial":false}