{"path_per_floor":["M","$","M","M","?","E","R","E","T","R","?","R","M","M","R","B",null,"M","?","M","$","M","R","M","M","T","R","M","M","?","M","R","B",null,"M","?","T","$","M","R","M","M","T","M","?","M","R","M","R","B"],"character_chosen":"IRONCLAD","items_purchased":["Disarm","War Paint"],"gold_per_floor":[109,28,41,57,57,88,88,121,167,167,117,117,128,145,145,245,245,245,245,245,14,14,14,14,14,14,14,14,14,14,14,14,14,14,14,14,14,14,14,14,14,14,14,14,14,14,14,14,14,14],"floor_reached":51,"campfire_rested":4,"playtime":2716,"current_hp_per_floor":[71,71,74,80,80,60,60,50,50,50,50,50,51,48,48,31,68,38,38,26,26,17,41,38,21,21,45,27,26,10,12,36,17,64,55,55,55,55,47,47,66,67,67,67,80,80,80,54,78,23],"items_purged":["Immolate"],"gold":14,"score":889,"play_id":"9275d37d-aba2-4974-b5fc-8f28fda73d83","local_time":"20180313220256","is_prod":false,"is_daily":false,"is_ascension_mode":true,"campfire_upgraded":6,"timestamp":1520967776,"path_taken":["M","$","M","M","?","E","R","E","T","R","?","R","M","M","R","BOSS","M","?","?","?","M","R","M","?","T","R","M","M","?","M","R","BOSS","M","?","?","?","M","R","M","M","T","M","?","?","R","M","R","BOSS"],"build_version":"2018-03-09","purchased_purges":1,"victory":true,"master_deck":["Strike_R","Strike_R","Strike_R","Defend_R","Defend_R","Defend_R","Defend_R","Bash+1","Cleave","Disarm+1","Demon Form+1","Reckless Charge","Sword Boomerang+1","Hemokinesis","Disarm+1","Offering+1","Warcry+1","Body Slam+1","Barricade+1","Shrug It Off","Heavy Blade+1","Sword Boomerang+1","Reaper","True Grit+1","Parasite","Dual Wield+1","Battle Trance+1","Headbutt+1","Writhe","Heavy Blade+1","Whirlwind+1"],"max_hp_per_floor":[80,80,80,80,80,80,80,80,80,80,80,80,80,80,80,80,80,80,80,80,80,80,80,80,80,80,80,80,80,80,80,80,80,80,80,80,80,80,80,80,80,80,80,80,80,80,80,80,80,80],"relics":["Burning Blood","Paper Frog","Mercury Hourglass","Art of War","Ectoplasm","War Paint","Du-Vu Doll","Enchiridion","Cursed Key","Frozen Egg 2"],"card_choices":[{"not_picked":["Body Slam","Iron Wave"],"picked":"Cleave"},{"not_picked":["True Grit","Pummel"],"picked":"Demon Form"},{"not_picked":["True Grit","Body Slam"],"picked":"Sword Boomerang"},{"not_picked":["Body Slam","Rupture"],"picked":"Hemokinesis"},{"not_picked":["Anger","Body Slam"],"picked":"Spot Weakness"},{"not_picked":["Pommel Strike","Clothesline"],"picked":"Disarm"},{"not_picked":["Brutality","Immolate"],"picked":"Offering"},{"not_picked":["Fire Breathing","Cleave"],"picked":"Warcry"},{"not_picked":["Intimidate","Ghostly Armor"],"picked":"Body Slam"},{"not_picked":["Thunderclap","Dual Wield"],"picked":"Barricade"},{"not_picked":["Clothesline","Iron Wave"],"picked":"Shrug It Off"},{"not_picked":["Clothesline","Twin Strike"],"picked":"Heavy Blade"},{"not_picked":["Shrug It Off","Clothesline"],"picked":"Sword Boomerang"},{"not_picked":["Immolate","Berserk"],"picked":"Reaper"},{"not_picked":["Headbutt","Cleave"],"picked":"True Grit"},{"not_picked":["Seeing Red","Blood for Blood"],"picked":"Dual Wield"},{"not_picked":["Clash","Twin Strike"],"picked":"Battle Trance"},{"not_picked":["Carnage","Hemokinesis"],"picked":"Headbutt"},{"not_picked":["Reckless Charge","Bludgeon"],"picked":"Heavy Blade"},{"not_picked":["Cleave","Flex"],"picked":"Whirlwind"}],"player_experience":299558,"potions_floor_usage":[50,50,50],"damage_taken":[{"damage":7.0,"enemies":"Small Slimes","floor":1.0,"turns":4.0},{"damage":3.0,"enemies":"Cultist","floor":3.0,"turns":4.0},{"damage":0.0,"enemies":"2 Louse","floor":4.0,"turns":4.0},{"damage":26.0,"enemies":"Lagavulin","floor":6.0,"turns":6.0},{"damage":16.0,"enemies":"Gremlin Nob","floor":8.0,"turns":3.0},{"damage":5.0,"enemies":"2 Fungi Beasts","floor":13.0,"turns":2.0},{"damage":9.0,"enemies":"3 Louse","floor":14.0,"turns":2.0},{"damage":23.0,"enemies":"Hexaghost","floor":16.0,"turns":8.0},{"damage":36.0,"enemies":"Spheric Guardian","floor":18.0,"turns":5.0},{"damage":24.0,"enemies":"Shell Parasite","floor":20.0,"turns":4.0},{"damage":15.0,"enemies":"3 Cultists","floor":22.0,"turns":5.0},{"damage":9.0,"enemies":"Snake Plant","floor":24.0,"turns":3.0},{"damage":23.0,"enemies":"Centurion and Healer","floor":25.0,"turns":4.0},{"damage":24.0,"enemies":"Sentry and Sphere","floor":28.0,"turns":4.0},{"damage":7.0,"enemies":"3 Cultists","floor":29.0,"turns":2.0},{"damage":4.0,"enemies":"Centurion and Healer","floor":31.0,"turns":3.0},{"damage":25.0,"enemies":"Champ","floor":33.0,"turns":5.0},{"damage":15.0,"enemies":"Orb Walker","floor":35.0,"turns":3.0},{"damage":35.0,"enemies":"3 Shapes","floor":39.0,"turns":13.0},{"damage":43.0,"enemies":"3 Darklings","floor":41.0,"turns":12.0},{"damage":28.0,"enemies":"Maw","floor":42.0,"turns":9.0},{"damage":12.0,"enemies":"Sphere and 2 Shapes","floor":44.0,"turns":4.0},{"damage":26.0,"enemies":"3 Darklings","floor":46.0,"turns":6.0},{"damage":77.0,"enemies":"4 Shapes","floor":48.0,"turns":7.0},{"damage":61,"enemies":"Donu and Deca","floor":50,"turns":6}],"event_choices":[{"event_name":"Transmorgrifier","player_choice":"Transform","floor":5.0,"damage_taken":0.0},{"event_name":"The Cleric","player_choice":"Card Removal","floor":11.0,"damage_taken":0.0},{"event_name":"Drug Dealer","player_choice":"Ignored","floor":19.0,"damage_taken":0.0},{"event_name":"Cursed Tome","player_choice":"Obtained Book","floor":30.0,"damage_taken":0.0},{"event_name":"Winding Halls","player_choice":"Writhe","floor":45.0,"damage_taken":0.0}],"boss_relics":[],"potions_floor_spawned":[6,13,14,16,18,22,25,35,41,48],"seed_played":"-5351155103973022815","ascension_level":7,"is_trial":false}