{"path_per_floor":["M","M","M","M","?","R","M","R","T","$","M","R","M","?","R","B",null,"M","?","?","M","M","R","M","R","T","E","$","M","M","M","R","B",null,"M","$","?","?","M","R","E","T","T","E","$","R","M","M","R"],"character_chosen":"IRONCLAD","items_purchased":["Flex","Whirlwind","Flex","Lantern"],"gold_per_floor":[116,136,152,165,165,165,176,176,176,62,82,82,97,47,47,150,150,170,170,170,187,204,204,220,220,220,253,126,146,165,175,175,278,278,295,44,97,97,109,109,136,136,159,193,68,68,79,96,96],"floor_reached":50,"campfire_rested":0,"playtime":2498,"current_hp_per_floor":[76,78,79,80,80,80,76,76,76,76,67,67,66,66,66,36,69,75,75,75,80,80,80,74,74,74,78,78,73,66,52,52,42,71,77,77,78,78,80,80,70,70,70,56,56,56,80,80,80],"items_purged":["Strike_R","Strike_R","Pain"],"gold":96,"score":676,"play_id":"7560057f-6f64-48c6-8b5e-cfb4f7daffea","local_time":"20180313100242","is_prod":false,"is_daily":false,"is_ascension_mode":true,"campfire_upgraded":10,"timestamp":1520924562,"path_taken":["M","M","M","M","?","R","M","R","T","$","M","R","?","?","R","BOSS","M","?","?","?","M","R","?","R","T","E","?","?","M","M","R","BOSS","M","$","?","?","?","R","E","?","T","E","$","R","M","M","R","BOSS"],"build_version":"2018-03-09","purchased_purges":3,"victory":false,"master_deck":["Strike_R","Defend_R+1","Defend_R+1","Defend_R","Defend_R","Bash+1","Twin Strike+1","Heavy Blade+1","Headbutt","Cleave","Flex+1","Whirlwind+1","Seeing Red+1","Limit Break+1","Writhe","True Grit+1","Pommel Strike+1","Limit Break+1","Flex+1","Shrug It Off+1","Reaper","Injury","Perfected Strike+1"],"max_hp_per_floor":[80,80,80,80,80,80,80,80,80,80,80,80,80,80,80,80,80,80,80,80,80,80,80,80,80,80,80,80,80,80,80,80,80,80,80,80,80,80,80,80,80,80,80,82,82,82,82,84,84],"relics":["Burning Blood","Pen Nib","Meat on the Bone","Sozu","Gremlin Horn","Ice Cream","Orichalcum","Cursed Key","Lantern","Calipers","Bag of Marbles","Dream Catcher","Singing Bowl","Unceasing Top"],"card_choices":[{"not_picked":["Dropkick","Wild Strike"],"picked":"Twin Strike"},{"not_picked":["Warcry","Bloodletting"],"picked":"Heavy Blade"},{"not_picked":["Inflame","Juggernaut"],"picked":"Headbutt"},{"not_picked":["Sentinel","Iron Wave"],"picked":"Cleave"},{"not_picked":["Combust","Power Through"],"picked":"Seeing Red"},{"not_picked":["Reaper","Dark Embrace"],"picked":"Limit Break"},{"not_picked":["Headbutt","Dual Wield"],"picked":"True Grit"},{"not_picked":["Headbutt","Twin Strike"],"picked":"Pommel Strike"},{"not_picked":["Blood for Blood","True Grit"],"picked":"Limit Break"},{"not_picked":["Fire Breathing","Heavy Blade"],"picked":"Shrug It Off"},{"not_picked":["Impervious","Dark Embrace"],"picked":"Reaper"},{"not_picked":["Blood for Blood","Barricade"],"picked":"Perfected Strike"}],"player_experience":278471,"potions_floor_usage":[],"damage_taken":[{"damage":10.0,"enemies":"Cultist","floor":1.0,"turns":5.0},{"damage":4.0,"enemies":"Small Slimes","floor":2.0,"turns":4.0},{"damage":5.0,"enemies":"2 Louse","floor":3.0,"turns":3.0},{"damage":1.0,"enemies":"Exordium Thugs","floor":4.0,"turns":4.0},{"damage":10.0,"enemies":"2 Fungi Beasts","floor":7.0,"turns":3.0},{"damage":15.0,"enemies":"Exordium Wildlife","floor":11.0,"turns":4.0},{"damage":7.0,"enemies":"Large Slime","floor":13.0,"turns":5.0},{"damage":48.0,"enemies":"Slime Boss","floor":16.0,"turns":9.0},{"damage":0.0,"enemies":"3 Byrds","floor":18.0,"turns":3.0},{"damage":0.0,"enemies":"Chosen","floor":21.0,"turns":3.0},{"damage":0.0,"enemies":"3 Cultists","floor":22.0,"turns":3.0},{"damage":12.0,"enemies":"Centurion and Healer","floor":24.0,"turns":5.0},{"damage":2.0,"enemies":"Gremlin Leader","floor":27.0,"turns":4.0},{"damage":11.0,"enemies":"Chosen and Byrds","floor":29.0,"turns":5.0},{"damage":13.0,"enemies":"Snecko","floor":30.0,"turns":4.0},{"damage":20.0,"enemies":"Cultist and Chosen","floor":31.0,"turns":5.0},{"damage":28.0,"enemies":"Champ","floor":33.0,"turns":10.0},{"damage":0.0,"enemies":"3 Darklings","floor":35.0,"turns":1.0},{"damage":5.0,"enemies":"Mysterious Sphere","floor":37.0,"turns":2.0},{"damage":4.0,"enemies":"Orb Walker","floor":39.0,"turns":3.0},{"damage":16.0,"enemies":"Nemesis","floor":41.0,"turns":3.0},{"damage":34.0,"enemies":"Giant Head","floor":44.0,"turns":6.0},{"damage":22.0,"enemies":"3 Darklings","floor":47.0,"turns":3.0},{"damage":8.0,"enemies":"4 Shapes","floor":48.0,"turns":1.0},{"damage":102,"enemies":"Donu and Deca","floor":50,"turns":5}],"event_choices":[{"event_name":"Match and Keep!","player_choice":"0 cards matched","floor":5.0,"damage_taken":0.0},{"event_name":"The Cleric","player_choice":"Card Removal","floor":14.0,"damage_taken":0.0},{"event_name":"The Mausoleum","player_choice":"Yes","floor":19.0,"damage_taken":0.0},{"event_name":"Bonfire Elementals","player_choice":"BASIC","floor":20.0,"damage_taken":0.0},{"event_name":"Mysterious Sphere","player_choice":"Fight","floor":37.0,"damage_taken":0.0},{"event_name":"Upgrade Shrine","player_choice":"Upgraded","floor":38.0,"damage_taken":0.0}],"boss_relics":[],"potions_floor_spawned":[7,11,13,16,22,24,30,33,39,41,48],"seed_played":"-2781854045000788193","killed_by":"Donu and Deca","ascension_level":5,"is_trial":false}