{"path_per_floor":["M","M","?","M","M","R","E","?","T","M","M","R","E","M","R","B",null,"M","M","M","$","T","R","E","?","T"],"character_chosen":"IRONCLAD","items_purchased":["Mango"],"gold_per_floor":[119,131,306,316,336,336,362,362,410,423,440,440,468,487,487,588,588,607,627,638,250,250,250,276,201,228],"floor_reached":27,"campfire_rested":3,"playtime":1403,"current_hp_per_floor":[68,73,73,75,75,75,53,46,53,37,36,62,39,39,65,48,77,62,46,25,39,39,68,51,51,51],"items_purged":["Parasite"],"gold":228,"score":405,"play_id":"0743e734-8fd5-4d20-b726-dd309005613d","local_time":"20180319100304","is_prod":false,"is_daily":false,"is_ascension_mode":true,"campfire_upgraded":1,"timestamp":1521442984,"path_taken":["M","M","?","M","M","R","E","?","T","M","M","R","E","?","R","BOSS","M","M","?","$","?","R","E","?","T","M"],"build_version":"2018-03-15v3","purchased_purges":1,"victory":false,"master_deck":["Strike_R","Strike_R","Strike_R","Defend_R","Defend_R","Defend_R","Defend_R","Bash","Uppercut+1","Dropkick","Metallicize","Armaments","Juggernaut","Metallicize","Disarm","Iron Wave","Rage","Flex","Barricade","Heavy Blade+1","Pommel Strike","Pommel Strike+1","Body Slam","Battle Trance"],"max_hp_per_floor":[80,80,80,80,80,80,80,80,87,87,87,87,87,87,87,87,87,87,87,87,98,98,98,98,98,98],"relics":["Burning Blood","Omamori","Dream Catcher","Strawberry","Happy Flower","Runic Dome","Mango","Calipers","Magic Flower","Bag of Marbles"],"card_choices":[{"not_picked":["Cleave","Iron Wave"],"picked":"Uppercut"},{"not_picked":["Clash","Sword Boomerang"],"picked":"Dropkick"},{"not_picked":["Clash","Anger"],"picked":"Metallicize"},{"not_picked":["Corruption","Thunderclap"],"picked":"Armaments"},{"not_picked":["Clash","Searing Blow"],"picked":"Juggernaut"},{"not_picked":["Seeing Red","Sword Boomerang"],"picked":"Metallicize"},{"not_picked":["Reckless Charge","Hemokinesis"],"picked":"Disarm"},{"not_picked":["Flex","Clothesline"],"picked":"Iron Wave"},{"not_picked":["Rampage","Uppercut"],"picked":"Rage"},{"not_picked":["Sword Boomerang","Thunderclap"],"picked":"Flex"},{"not_picked":["Offering","Immolate"],"picked":"Barricade"},{"not_picked":["Infernal Blade","Pommel Strike"],"picked":"Heavy Blade"},{"not_picked":["Cleave","Corruption"],"picked":"Pommel Strike"},{"not_picked":["Clash","Rupture"],"picked":"Pommel Strike"},{"not_picked":["Twin Strike","Corruption"],"picked":"Body Slam"},{"not_picked":["Bloodletting","Evolve"],"picked":"Battle Trance"}],"player_experience":348235,"potions_floor_usage":[13,24,24],"damage_taken":[{"damage":10.0,"enemies":"Small Slimes","floor":1.0,"turns":3.0},{"damage":1.0,"enemies":"Cultist","floor":2.0,"turns":3.0},{"damage":4.0,"enemies":"Jaw Worm","floor":4.0,"turns":3.0},{"damage":6.0,"enemies":"Blue Slaver","floor":5.0,"turns":4.0},{"damage":28.0,"enemies":"Lagavulin","floor":7.0,"turns":7.0},{"damage":22,"enemies":"Gremlin Gang","floor":10,"turns":10},{"damage":7,"enemies":"Red Slaver","floor":11,"turns":5},{"damage":29,"enemies":"Gremlin Nob","floor":13,"turns":6},{"damage":6,"enemies":"2 Fungi Beasts","floor":14,"turns":5},{"damage":23,"enemies":"The Guardian","floor":16,"turns":13},{"damage":21,"enemies":"Spheric Guardian","floor":18,"turns":5},{"damage":22,"enemies":"Shell Parasite","floor":19,"turns":7},{"damage":27,"enemies":"3 Cultists","floor":20,"turns":6},{"damage":35,"enemies":"Book of Stabbing","floor":24,"turns":8},{"damage":51,"enemies":"Cultist and Chosen","floor":27,"turns":6}],"event_choices":[{"event_name":"Liars Game","player_choice":"agreed","floor":3.0,"damage_taken":0.0},{"event_name":"Golden Wing","player_choice":"Card Removal","floor":8.0,"damage_taken":0.0},{"event_name":"Beggar","player_choice":"Gave Gold","floor":25,"damage_taken":0}],"boss_relics":[{"not_picked":["Ectoplasm","Orrery"],"picked":"Runic Dome"}],"potions_floor_spawned":[2,5,10,20],"seed_played":"-8725969449834055712","killed_by":"Cultist and Chosen","ascension_level":11,"is_trial":false}