{"path_per_floor":["M","M","M","?","$","R","E","R","T","$","M","M","R","?","R","B",null,"M","M","M","$","T","E","?","$","T","E","R","M","T","M","R","B",null,"M","M","?","M","$","R","M","?","T","R","M","T","M","$","R","B"],"character_chosen":"IRONCLAD","items_purchased":["Finesse","Happy Flower"],"gold_per_floor":[114,128,141,141,141,141,204,204,204,26,12,29,29,87,87,185,185,200,217,236,136,161,189,114,114,139,174,174,191,191,202,202,305,305,321,333,333,353,228,228,239,286,311,311,327,327,345,46,46,46],"floor_reached":51,"campfire_rested":4,"playtime":2212,"current_hp_per_floor":[80,76,80,80,80,80,24,48,48,48,46,45,45,32,56,51,80,63,73,47,47,54,31,31,31,31,15,43,48,48,47,47,31,99,103,81,81,68,68,68,64,43,43,77,76,76,84,84,84,49],"items_purged":["Strike_R","Defend_R","Defend_R","Feed"],"gold":46,"score":787,"play_id":"ec9d9364-b802-4ac3-bc90-b157cacf8fb0","local_time":"20180322234213","is_prod":false,"is_daily":false,"is_ascension_mode":false,"campfire_upgraded":5,"timestamp":1521751333,"path_taken":["M","M","M","?","$","R","E","R","T","?","M","?","R","?","R","BOSS","M","M","M","$","?","E","?","$","T","E","R","M","?","M","R","BOSS","M","M","?","M","$","R","M","?","T","R","M","?","?","$","R","BOSS"],"build_version":"2018-03-15v3","purchased_purges":4,"victory":true,"master_deck":["Defend_R+1","Bash+1","Shrug It Off+1","Finesse","Rampage+1","Fire Breathing+1","Searing Blow+4","Rampage+1"],"max_hp_per_floor":[80,80,80,80,80,80,80,80,80,80,80,80,80,80,80,80,80,80,84,84,84,91,95,95,95,95,95,95,95,95,99,99,99,99,103,103,103,107,107,107,111,115,115,115,115,115,119,119,119,119],"relics":["Burning Blood","Bag of Preparation","Tiny Chest","Gambling Chip","War Paint","Astrolabe","Strawberry","Centennial Puzzle","Lantern","Omamori","Bronze Scales","Philosopher\u0027s Stone","Frozen Eye","Ancient Tea Set","Thread and Needle","Happy Flower"],"card_choices":[{"not_picked":["Ghostly Armor","Sword Boomerang"],"picked":"Shrug It Off"},{"not_picked":["Shrug It Off","Sword Boomerang"],"picked":"Rampage"},{"not_picked":["True Grit","Flame Barrier"],"picked":"Rampage"}],"player_experience":414656,"potions_floor_usage":[18,18,23,27,31,33,50,50,50],"damage_taken":[{"damage":0,"enemies":"Small Slimes","floor":1,"turns":3},{"damage":10,"enemies":"Jaw Worm","floor":2,"turns":4},{"damage":1,"enemies":"Cultist","floor":3,"turns":4},{"damage":62,"enemies":"Lagavulin","floor":7,"turns":7},{"damage":8,"enemies":"Exordium Thugs","floor":11,"turns":6},{"damage":7,"enemies":"Large Slime","floor":12,"turns":5},{"damage":19,"enemies":"Gremlin Nob","floor":14,"turns":4},{"damage":11,"enemies":"Slime Boss","floor":16,"turns":8},{"damage":23,"enemies":"3 Byrds","floor":18,"turns":6},{"damage":0,"enemies":"Spheric Guardian","floor":19,"turns":3},{"damage":32,"enemies":"Chosen and Byrds","floor":20,"turns":5},{"damage":33,"enemies":"Gremlin Leader","floor":23,"turns":4},{"damage":22,"enemies":"Slavers","floor":27,"turns":5},{"damage":1,"enemies":"Snecko","floor":29,"turns":3},{"damage":11,"enemies":"Cultist and Chosen","floor":31,"turns":5},{"damage":22,"enemies":"Champ","floor":33,"turns":8},{"damage":5,"enemies":"Orb Walker","floor":35,"turns":3},{"damage":28,"enemies":"3 Darklings","floor":36,"turns":4},{"damage":23,"enemies":"Maw","floor":38,"turns":5},{"damage":14,"enemies":"4 Shapes","floor":41,"turns":4},{"damage":31,"enemies":"Mysterious Sphere","floor":42,"turns":4},{"damage":7,"enemies":"3 Darklings","floor":45,"turns":3},{"damage":2,"enemies":"Sphere and 2 Shapes","floor":47,"turns":4},{"damage":41,"enemies":"Time Eater","floor":50,"turns":4}],"event_choices":[{"event_name":"Living Wall","player_choice":"Forget","floor":4,"damage_taken":0},{"event_name":"Dead Adventurer","player_choice":"Searched \u00272\u0027 times","floor":14,"damage_taken":0},{"event_name":"Beggar","player_choice":"Gave Gold","floor":24,"damage_taken":0},{"event_name":"The Woman in Blue","player_choice":"Bought 0 Potions","floor":37,"damage_taken":0},{"event_name":"Mysterious Sphere","player_choice":"Fight","floor":42,"damage_taken":0}],"boss_relics":[{"not_picked":["Sozu","Orrery"],"picked":"Astrolabe"},{"not_picked":["Velvet Choker","Black Star"],"picked":"Philosopher\u0027s Stone"}],"potions_floor_spawned":[3,12,16,19,20,27,41,42,45],"seed_played":"1564052556832136236","ascension_level":0,"is_trial":false}