{"path_per_floor":["M","?","?","M","$","R","M","?","T","E","R","$","M","M","R","B",null,"M","?","?","$","M","R"],"character_chosen":"IRONCLAD","items_purchased":["Rampage","Weak Potion","Blood Vial"],"gold_per_floor":[111,111,163,187,37,37,56,56,56,91,91,43,62,76,76,172,172,197,197,197,45,56,56,56],"floor_reached":24,"campfire_rested":1,"playtime":991,"current_hp_per_floor":[67,67,67,69,69,69,63,63,63,42,42,42,48,45,45,12,55,18,18,41,41,24,44,0],"items_purged":["Strike_R"],"gold":56,"score":330,"play_id":"c73051ed-1a20-4f64-ab4c-127d4459c11d","local_time":"20180325143701","is_prod":false,"is_daily":false,"is_ascension_mode":true,"campfire_upgraded":3,"timestamp":1521977821,"path_taken":["M","?","?","M","$","R","M","?","T","E","R","$","?","M","R","BOSS","M","?","?","$","M","R","M"],"build_version":"2018-03-22v2","purchased_purges":1,"victory":false,"master_deck":["Strike_R","Strike_R","Strike_R","Strike_R","Defend_R","Defend_R","Defend_R","Defend_R","Bash","AscendersBane","Hemokinesis","Iron Wave","Rampage+1","Havoc","Uppercut+1","Evolve+1","Shrug It Off+1"],"max_hp_per_floor":[75,69,69,69,69,69,69,69,69,69,69,69,69,69,69,69,69,69,69,69,69,69,69,69],"relics":["Black Blood","Oddly Smooth Stone","Bloody Idol","Ice Cream","Centennial Puzzle","Blood Vial"],"card_choices":[{"not_picked":["Pommel Strike","Searing Blow"],"picked":"Hemokinesis","floor":1.0},{"not_picked":["Searing Blow","Armaments"],"picked":"Iron Wave","floor":4.0},{"not_picked":["Combust","Bloodletting"],"picked":"Havoc","floor":7.0},{"not_picked":["Pommel Strike","Havoc"],"picked":"Uppercut","floor":10.0},{"not_picked":["Havoc","Sever Soul"],"picked":"Evolve","floor":14.0},{"not_picked":["Clash","Iron Wave"],"picked":"Shrug It Off","floor":18.0}],"player_experience":447076,"potions_floor_usage":[],"damage_taken":[{"damage":7.0,"enemies":"Jaw Worm","floor":1.0,"turns":6.0},{"damage":3.0,"enemies":"2 Louse","floor":4.0,"turns":2.0},{"damage":12.0,"enemies":"Small Slimes","floor":7.0,"turns":4.0},{"damage":27.0,"enemies":"3 Sentries","floor":10.0,"turns":8.0},{"damage":0.0,"enemies":"Exordium Wildlife","floor":13.0,"turns":3.0},{"damage":9.0,"enemies":"2 Fungi Beasts","floor":14.0,"turns":3.0},{"damage":39.0,"enemies":"Hexaghost","floor":16.0,"turns":11.0},{"damage":47.0,"enemies":"2 Thieves","floor":18.0,"turns":5.0},{"damage":34.0,"enemies":"Shell Parasite","floor":22.0,"turns":11.0},{"damage":67,"enemies":"3 Cultists","floor":24,"turns":6}],"event_choices":[{"event_name":"Golden Idol","player_choice":"Lose Max HP","floor":2.0,"damage_taken":0.0},{"event_name":"Golden Wing","player_choice":"Gained Gold","floor":3.0,"damage_taken":0.0},{"event_name":"Shining Light","player_choice":"Ignored","floor":8.0,"damage_taken":0.0},{"event_name":"Forgotten Altar","player_choice":"Gave Idol","floor":19.0,"damage_taken":0.0},{"event_name":"The Library","player_choice":"Heal","floor":20.0,"damage_taken":0.0}],"boss_relics":[],"potions_floor_spawned":[13,14],"seed_played":"-359901247145242123","killed_by":"3 Cultists","ascension_level":14,"is_trial":false}