{"path_per_floor":["M","M","?","M","M","R","E","M","T","R","M","E","?","M","R"],"character_chosen":"IRONCLAD","items_purchased":[],"gold_per_floor":[110,120,195,211,221,221,252,272,295,295,314,339,514,533,533],"floor_reached":16,"campfire_rested":2,"playtime":838,"current_hp_per_floor":[71,66,55,56,51,51,20,14,14,53,36,9,9,11,50],"items_purged":[],"gold":533,"score":177,"play_id":"6da63d06-f9c8-4ab2-abaf-6b8873b3b1f2","local_time":"20180317010059","is_prod":false,"is_daily":false,"is_ascension_mode":true,"campfire_upgraded":1,"timestamp":1521237659,"path_taken":["M","M","?","M","M","R","E","M","T","R","M","E","?","M","R","BOSS"],"build_version":"2018-03-15v2","purchased_purges":0,"victory":false,"master_deck":["Strike_R","Strike_R","Strike_R","Strike_R","Strike_R","Defend_R","Defend_R","Defend_R","Defend_R","Bash+1","Parasite","Headbutt","Whirlwind","Pommel Strike","Iron Wave","Spot Weakness","True Grit","Doubt","Flex"],"max_hp_per_floor":[80,80,80,80,80,80,80,80,80,80,80,82,82,82,82],"relics":["Burning Blood","Regal Pillow","Singing Bowl","Prayer Wheel"],"card_choices":[{"not_picked":["True Grit","Perfected Strike"],"picked":"Headbutt"},{"not_picked":["Corruption","Infernal Blade"],"picked":"Whirlwind"},{"not_picked":["Headbutt","Cleave"],"picked":"Pommel Strike"},{"not_picked":["Metallicize","Warcry"],"picked":"Iron Wave"},{"not_picked":["Heavy Blade","Bludgeon"],"picked":"Spot Weakness"},{"not_picked":["Ghostly Armor","Wild Strike"],"picked":"True Grit"},{"not_picked":["Infernal Blade","Iron Wave"],"picked":"Flex"}],"player_experience":337061,"potions_floor_usage":[7],"damage_taken":[{"damage":7,"enemies":"2 Louse","floor":1,"turns":4},{"damage":11,"enemies":"Jaw Worm","floor":2,"turns":4},{"damage":5,"enemies":"Cultist","floor":4,"turns":4},{"damage":11,"enemies":"Looter","floor":5,"turns":2},{"damage":37,"enemies":"Lagavulin","floor":7,"turns":8},{"damage":12,"enemies":"3 Louse","floor":8,"turns":3},{"damage":23,"enemies":"Exordium Thugs","floor":11,"turns":4},{"damage":35,"enemies":"Gremlin Nob","floor":12,"turns":4},{"damage":4,"enemies":"2 Fungi Beasts","floor":14,"turns":4},{"damage":55,"enemies":"The Guardian","floor":16,"turns":5}],"event_choices":[{"event_name":"World of Goop","player_choice":"Gather Gold","floor":3,"damage_taken":0},{"event_name":"Liars Game","player_choice":"agreed","floor":13,"damage_taken":0}],"boss_relics":[],"potions_floor_spawned":[2,7,11,14],"seed_played":"-8938410043400449113","killed_by":"The Guardian","ascension_level":11,"is_trial":false}