{"path_per_floor":["M","?","M","M","$","E","M","R","T","M","M","R","$","M","R","B",null,"M","$","M","?","$","R","E","R","T","R","?","$","E","$","R"],"character_chosen":"IRONCLAD","items_purchased":["Perfected Strike","Rampage","Whirlwind"],"gold_per_floor":[110,110,120,138,16,45,64,64,64,79,89,89,89,100,100,198,198,210,71,90,90,90,90,118,118,142,142,142,60,87,87,87],"floor_reached":33,"campfire_rested":3,"playtime":2303,"current_hp_per_floor":[72,72,74,80,80,43,47,47,47,53,43,43,43,45,69,38,70,73,73,77,77,77,77,36,36,36,59,59,59,59,59,85],"items_purged":["Strike_R","Parasite"],"gold":87,"score":425,"play_id":"f2d48c47-6ffb-403d-9835-38a763ba9755","local_time":"20180315120520","is_prod":false,"is_daily":false,"is_ascension_mode":true,"campfire_upgraded":4,"timestamp":1521104720,"path_taken":["M","?","?","M","$","E","M","R","T","M","M","R","?","M","R","BOSS","M","$","M","?","$","R","E","R","T","R","?","?","E","?","R","BOSS"],"build_version":"2018-03-09","purchased_purges":2,"victory":false,"master_deck":["Strike_R+1","Strike_R+1","Strike_R+1","Defend_R+1","Defend_R+1","Defend_R+1","Defend_R+1","Bash+1","Offering","Flame Barrier+1","Shrug It Off","Perfected Strike","Spot Weakness","Flex","True Grit+1","Pommel Strike","Twin Strike","Double Tap","Rampage","Flex","Body Slam+1","Writhe","Whirlwind"],"max_hp_per_floor":[80,80,80,80,80,80,80,80,80,80,80,80,80,80,80,80,80,80,77,77,77,77,77,77,77,77,77,77,77,87,87,87],"relics":["Burning Blood","Bag of Preparation","Self Forming Clay","Bronze Scales","Runic Cube","Thread and Needle","Orichalcum","Anchor","Pear"],"card_choices":[{"not_picked":["Cleave","Warcry"],"picked":"Offering"},{"not_picked":["Havoc","Burning Pact"],"picked":"Flame Barrier"},{"not_picked":["Inflame","Warcry"],"picked":"Shrug It Off"},{"not_picked":["Sentinel","Intimidate"],"picked":"Spot Weakness"},{"not_picked":["Fiend Fire","Ghostly Armor"],"picked":"Flex"},{"not_picked":["Heavy Blade","Clash"],"picked":"True Grit"},{"not_picked":["True Grit","Wild Strike"],"picked":"Pommel Strike"},{"not_picked":["Thunderclap","Cleave"],"picked":"Twin Strike"},{"not_picked":["Brutality","Bludgeon"],"picked":"Double Tap"},{"not_picked":["Dual Wield","True Grit"],"picked":"Flex"},{"not_picked":["Seeing Red","Armaments"],"picked":"Body Slam"}],"player_experience":320600,"potions_floor_usage":[24,24,33,33],"damage_taken":[{"damage":6.0,"enemies":"Cultist","floor":1.0,"turns":5.0},{"damage":4.0,"enemies":"Small Slimes","floor":3.0,"turns":3.0},{"damage":0.0,"enemies":"2 Louse","floor":4.0,"turns":5.0},{"damage":43.0,"enemies":"3 Sentries","floor":6.0,"turns":13.0},{"damage":2.0,"enemies":"2 Fungi Beasts","floor":7.0,"turns":4.0},{"damage":0.0,"enemies":"3 Louse","floor":10.0,"turns":3.0},{"damage":16.0,"enemies":"Large Slime","floor":11.0,"turns":3.0},{"damage":4.0,"enemies":"Blue Slaver","floor":14.0,"turns":3.0},{"damage":37.0,"enemies":"The Guardian","floor":16.0,"turns":9.0},{"damage":3.0,"enemies":"Chosen","floor":18.0,"turns":4.0},{"damage":0.0,"enemies":"3 Byrds","floor":20.0,"turns":1.0},{"damage":47,"enemies":"Gremlin Leader","floor":24,"turns":4},{"damage":16,"enemies":"Book of Stabbing","floor":30,"turns":5},{"damage":98,"enemies":"Collector","floor":33,"turns":7}],"event_choices":[{"event_name":"Bonfire Elementals","player_choice":"BASIC","floor":2.0,"damage_taken":0.0},{"event_name":"Back to Basics","player_choice":"Simplicity","floor":21.0,"damage_taken":0.0},{"event_name":"The Mausoleum","player_choice":"Yes","floor":28,"damage_taken":0}],"boss_relics":[],"potions_floor_spawned":[1,6,10,11,14,18,24],"seed_played":"-4822024852290049960","killed_by":"Collector","ascension_level":10,"is_trial":false}