{"path_per_floor":["M","?","$","?","M","R","M","R","T","R","M","R","?","M","R","B",null,"M","M","M","?","M","R","E","M","T","T","R","?","M","M","R","B",null,"M","$","M","M","M","R","M","E","T","M","$","?","T","?","R","B"],"character_chosen":"IRONCLAD","items_purchased":["Bag of Marbles","Anchor","Block Potion","Flex"],"gold_per_floor":[18,18,18,118,130,130,140,140,165,165,175,175,204,224,224,321,321,331,347,358,283,299,299,325,344,370,370,370,370,384,400,400,500,500,512,146,158,176,193,193,204,234,234,246,150,150,150,150,150,150],"floor_reached":51,"campfire_rested":4,"playtime":1767,"current_hp_per_floor":[76,60,60,60,62,62,66,66,66,66,65,65,58,49,73,43,80,76,58,28,28,30,54,37,39,39,39,39,23,23,21,45,31,80,80,80,80,65,66,66,68,58,58,43,43,43,43,63,80,52],"items_purged":["Writhe"],"gold":150,"score":716,"play_id":"85d751ef-4e08-42dc-b6a0-0a29040d9da7","local_time":"20180315222702","is_prod":false,"is_daily":false,"is_ascension_mode":false,"campfire_upgraded":6,"timestamp":1521142022,"path_taken":["M","?","$","?","M","R","?","R","T","R","M","R","?","M","R","BOSS","M","M","M","?","M","R","E","M","T","?","R","?","M","?","R","BOSS","M","$","M","M","M","R","M","E","T","M","$","?","?","?","R","BOSS"],"build_version":"2018-03-09","purchased_purges":1,"victory":true,"master_deck":["Strike_R+1","Strike_R","Strike_R","Strike_R","Defend_R+1","Defend_R","Defend_R","Defend_R+1","Offering+1","Flex+1","Twin Strike","Spot Weakness","Limit Break+1","Heavy Blade+1","Burning Pact","Flex+1","Shrug It Off","Shrug It Off","Heavy Blade","Sword Boomerang","True Grit+1","Shockwave+1","Disarm","Flex","Parasite","Writhe"],"max_hp_per_floor":[80,80,80,80,80,80,80,80,80,80,80,80,80,80,80,80,80,80,80,80,80,80,80,80,80,80,80,80,80,80,80,80,80,80,80,80,80,80,80,80,80,80,80,80,80,80,80,80,80,80],"relics":["Burning Blood","Frozen Eye","Pen Nib","Odd Mushroom","Cursed Key","Ancient Tea Set","Lantern","Enchiridion","Philosopher\u0027s Stone","Bag of Marbles","Anchor","Oddly Smooth Stone","Champion Belt"],"card_choices":[{"not_picked":["Evolve","Intimidate"],"picked":"Offering"},{"not_picked":["Dropkick","Warcry"],"picked":"Flex"},{"not_picked":["Carnage","Clash"],"picked":"Twin Strike"},{"not_picked":["Pommel Strike","Warcry"],"picked":"Spot Weakness"},{"not_picked":["Juggernaut","Double Tap"],"picked":"Limit Break"},{"not_picked":["Warcry","Thunderclap"],"picked":"Heavy Blade"},{"not_picked":["Rampage","Heavy Blade"],"picked":"Burning Pact"},{"not_picked":["Fire Breathing","Carnage"],"picked":"Flex"},{"not_picked":["Armaments","Pommel Strike"],"picked":"Shrug It Off"},{"not_picked":["Ghostly Armor","Clothesline"],"picked":"Shrug It Off"},{"not_picked":["Anger","Carnage"],"picked":"Heavy Blade"},{"not_picked":["Pommel Strike","Entrench"],"picked":"Sword Boomerang"},{"not_picked":["Entrench","Havoc"],"picked":"True Grit"},{"not_picked":["Fire Breathing","Fiend Fire"],"picked":"Shockwave"},{"not_picked":["Sever Soul","Intimidate"],"picked":"Disarm"}],"player_experience":326345,"potions_floor_usage":[42,50,50,50],"damage_taken":[{"damage":10.0,"enemies":"Jaw Worm","floor":1.0,"turns":4.0},{"damage":4.0,"enemies":"Small Slimes","floor":5.0,"turns":3.0},{"damage":2.0,"enemies":"2 Louse","floor":7.0,"turns":3.0},{"damage":7.0,"enemies":"Looter","floor":11.0,"turns":4.0},{"damage":13.0,"enemies":"The Mushroom Lair","floor":13.0,"turns":4.0},{"damage":15.0,"enemies":"Exordium Thugs","floor":14.0,"turns":4.0},{"damage":36.0,"enemies":"The Guardian","floor":16.0,"turns":6.0},{"damage":10.0,"enemies":"Chosen","floor":18.0,"turns":3.0},{"damage":24.0,"enemies":"Shell Parasite","floor":19.0,"turns":3.0},{"damage":36.0,"enemies":"Cultist and Chosen","floor":20.0,"turns":5.0},{"damage":4.0,"enemies":"Snecko","floor":22.0,"turns":2.0},{"damage":23.0,"enemies":"Slavers","floor":24.0,"turns":4.0},{"damage":4.0,"enemies":"Sentry and Sphere","floor":25.0,"turns":2.0},{"damage":6.0,"enemies":"Chosen and Byrds","floor":30.0,"turns":3.0},{"damage":8.0,"enemies":"Snake Plant","floor":31.0,"turns":2.0},{"damage":20.0,"enemies":"Collector","floor":33.0,"turns":3.0},{"damage":4.0,"enemies":"3 Shapes","floor":35.0,"turns":2.0},{"damage":4.0,"enemies":"Orb Walker","floor":37.0,"turns":1.0},{"damage":21.0,"enemies":"Maw","floor":38.0,"turns":4.0},{"damage":5.0,"enemies":"4 Shapes","floor":39.0,"turns":1.0},{"damage":4.0,"enemies":"3 Darklings","floor":41.0,"turns":1.0},{"damage":16,"enemies":"Giant Head","floor":42,"turns":6},{"damage":21,"enemies":"Sphere and 2 Shapes","floor":44,"turns":4},{"damage":34,"enemies":"Time Eater","floor":50,"turns":5}],"event_choices":[{"event_name":"Shining Light","player_choice":"Entered Light","floor":2.0,"damage_taken":0.0},{"event_name":"Golden Shrine","player_choice":"Pray","floor":4.0,"damage_taken":0.0},{"event_name":"Mushrooms","player_choice":"Fought Mushrooms","floor":13.0,"damage_taken":0.0},{"event_name":"Beggar","player_choice":"Gave Gold","floor":21.0,"damage_taken":0.0},{"event_name":"Cursed Tome","player_choice":"Obtained Book","floor":29.0,"damage_taken":0.0},{"event_name":"Winding Halls","player_choice":"Writhe","floor":48,"damage_taken":0}],"boss_relics":[],"potions_floor_spawned":[1,7,14,22,25,31,35,37,44],"seed_played":"-8388785075373400332","ascension_level":0,"is_trial":false}