{"path_per_floor":["M","M","?","?","$","E","M","R","T","R","$","M","M","$","R","B",null,"M","M","?","?","?","E","R","?","T","$","?","M","R","$","R","B",null,"M","M","T","M","$","R","M","M","T","$","?","R","E","$","R","B"],"character_chosen":"IRONCLAD","items_purchased":[],"gold_per_floor":[110,128,128,128,53,97,110,110,158,158,58,76,95,95,95,224,224,240,254,179,179,179,220,220,220,300,175,175,187,187,37,37,135,135,154,164,164,177,2,2,20,33,33,33,33,33,68,68,68,68],"floor_reached":51,"campfire_rested":6,"playtime":990,"current_hp_per_floor":[80,74,54,59,59,37,37,62,62,62,62,62,55,55,55,52,85,69,72,72,72,72,27,27,27,32,32,32,35,60,60,85,82,85,81,85,85,81,81,82,82,82,82,82,82,82,80,80,82,16],"items_purged":["Defend_R","Strike_R","Strike_R","Strike_R","Parasite"],"gold":68,"score":691,"play_id":"6bc70ce3-247d-4a37-b08e-a7068cc56a4c","local_time":"20180320150920","is_prod":false,"is_daily":false,"is_ascension_mode":false,"campfire_upgraded":3,"timestamp":1521547760,"path_taken":["M","?","?","?","$","E","M","R","T","R","?","M","M","$","R","BOSS","M","M","?","?","?","E","R","?","T","$","?","M","R","$","R","BOSS","M","M","?","M","$","R","M","M","T","?","?","R","E","$","R","BOSS"],"build_version":"2018-03-15v3","purchased_purges":5,"victory":true,"master_deck":["Strike_R+1","Bash+1","Infernal Blade+1","Double Tap+1","Whirlwind+1","Clash+1","Clash+1"],"max_hp_per_floor":[80,80,80,85,85,85,85,85,85,85,85,85,85,85,85,85,85,85,85,85,85,85,85,85,85,85,85,85,85,85,85,85,85,85,85,85,85,85,82,82,82,82,82,82,82,82,82,82,82,82],"relics":["Burning Blood","Bloody Idol","Charon\u0027s Ashes","Juzu Bracelet","Nloth\u0027s Gift","Happy Flower","Toxic Egg 2","Cursed Key","Ice Cream","Bronze Scales"],"card_choices":[{"not_picked":["Rampage","Bludgeon"],"picked":"Clash"},{"not_picked":["Armaments","Brutality"],"picked":"Clash"}],"player_experience":386561,"potions_floor_usage":[50,50],"damage_taken":[{"damage":0.0,"enemies":"Cultist","floor":1.0,"turns":3.0},{"damage":12.0,"enemies":"Small Slimes","floor":2.0,"turns":4.0},{"damage":28.0,"enemies":"Gremlin Nob","floor":6.0,"turns":4.0},{"damage":6.0,"enemies":"Jaw Worm","floor":7.0,"turns":3.0},{"damage":6.0,"enemies":"Exordium Wildlife","floor":12.0,"turns":2.0},{"damage":13.0,"enemies":"2 Fungi Beasts","floor":13.0,"turns":3.0},{"damage":9.0,"enemies":"Slime Boss","floor":16.0,"turns":8.0},{"damage":22.0,"enemies":"Shell Parasite","floor":18.0,"turns":3.0},{"damage":3.0,"enemies":"3 Byrds","floor":19.0,"turns":3.0},{"damage":51.0,"enemies":"Book of Stabbing","floor":23.0,"turns":4.0},{"damage":8.0,"enemies":"Centurion and Healer","floor":29.0,"turns":2.0},{"damage":14.0,"enemies":"Collector","floor":33.0,"turns":3.0},{"damage":15.0,"enemies":"3 Shapes","floor":35.0,"turns":1.0},{"damage":0.0,"enemies":"3 Darklings","floor":36.0,"turns":2.0},{"damage":15.0,"enemies":"4 Shapes","floor":38.0,"turns":1.0},{"damage":5.0,"enemies":"Maw","floor":41.0,"turns":3.0},{"damage":0.0,"enemies":"3 Darklings","floor":42.0,"turns":2.0},{"damage":13.0,"enemies":"Giant Head","floor":47.0,"turns":4.0},{"damage":78,"enemies":"Donu and Deca","floor":50,"turns":4}],"event_choices":[{"event_name":"Golden Idol","player_choice":"Take Damage","floor":3.0,"damage_taken":0.0},{"event_name":"Big Fish","player_choice":"Donut","floor":4.0,"damage_taken":0.0},{"event_name":"Beggar","player_choice":"Gave Gold","floor":20.0,"damage_taken":0.0},{"event_name":"Drug Dealer","player_choice":"Ignored","floor":21.0,"damage_taken":0.0},{"event_name":"N\u0027loth","player_choice":"Traded a Astrolabe","floor":22.0,"damage_taken":0.0},{"event_name":"Forgotten Altar","player_choice":"Gave Idol","floor":25.0,"damage_taken":0.0},{"event_name":"The Mausoleum","player_choice":"No","floor":28.0,"damage_taken":0.0},{"event_name":"Tomb of Lord Red Mask","player_choice":"Ignored","floor":45.0,"damage_taken":0.0}],"boss_relics":[],"potions_floor_spawned":[2,6,13,18,19,29,36,38,41],"seed_played":"2940746736634340361","ascension_level":0,"is_trial":false}