{"path_per_floor":["M","?","M","?","T","R","M","M","T","?","$","M","$","M","R","B",null,"M","?","M","T","$","R","T","?","T","?","R","?","R","?","R","B",null,"M","M","$","M","?"],"character_chosen":"IRONCLAD","items_purchased":["Strength Potion"],"gold_per_floor":[117,117,127,202,257,257,271,281,281,281,221,240,160,179,179,274,274,259,184,199,199,99,99,177,177,230,230,230,230,230,330,330,434,434,449,462,300,320,320,320],"floor_reached":40,"campfire_rested":2,"playtime":3944,"current_hp_per_floor":[80,85,85,74,74,74,75,77,77,77,77,50,50,47,72,19,85,71,71,57,57,57,57,57,57,57,85,85,69,69,69,90,25,90,78,50,50,27,50,50],"items_purged":["Strike_R","Strike_R","Power Through","Defend_R"],"gold":320,"score":372,"play_id":"94096054-accd-4ee2-8c33-396a24efed18","local_time":"20180323125242","is_prod":false,"is_daily":false,"is_ascension_mode":false,"campfire_upgraded":4,"timestamp":1521798762,"path_taken":["M","?","M","?","?","R","M","M","T","?","?","M","$","M","R","BOSS","M","?","?","?","$","R","?","?","T","?","R","?","R","?","R","BOSS","M","M","$","M","?","M"],"build_version":"2018-03-22","purchased_purges":5,"victory":false,"master_deck":["Strike_R","Strike_R+1","Bash+1","Spot Weakness+1","Disarm+1","Inflame+1","Writhe"],"max_hp_per_floor":[80,85,85,85,85,85,85,85,85,85,85,85,85,85,85,85,85,85,85,85,85,85,85,85,85,85,85,85,90,90,90,90,90,90,90,90,90,90,90,90],"relics":["Burning Blood","Bronze Scales","Tiny Chest","The Courier","Astrolabe","Juzu Bracelet","Bottled Tornado","Orichalcum","Mark of Pain"],"card_choices":[{"not_picked":["Heavy Blade","Pummel"],"picked":"Spot Weakness","floor":1.0}],"player_experience":418962,"potions_floor_usage":[33,33,33],"damage_taken":[{"damage":1.0,"enemies":"Jaw Worm","floor":1.0,"turns":3.0},{"damage":4.0,"enemies":"2 Louse","floor":3.0,"turns":3.0},{"damage":5.0,"enemies":"Small Slimes","floor":7.0,"turns":4.0},{"damage":4.0,"enemies":"3 Louse","floor":8.0,"turns":4.0},{"damage":33.0,"enemies":"Exordium Thugs","floor":12.0,"turns":6.0},{"damage":9.0,"enemies":"Blue Slaver","floor":14.0,"turns":5.0},{"damage":59.0,"enemies":"Hexaghost","floor":16.0,"turns":8.0},{"damage":20.0,"enemies":"2 Thieves","floor":18.0,"turns":4.0},{"damage":20.0,"enemies":"Spheric Guardian","floor":20.0,"turns":5.0},{"damage":80,"enemies":"Collector","floor":33,"turns":9},{"damage":18,"enemies":"3 Shapes","floor":35,"turns":10},{"damage":34,"enemies":"3 Darklings","floor":36,"turns":6},{"damage":29,"enemies":"Sphere and 2 Shapes","floor":38,"turns":8},{"damage":0,"enemies":"4 Shapes","floor":40,"turns":1}],"event_choices":[{"event_name":"Big Fish","player_choice":"Donut","floor":2.0,"damage_taken":0.0},{"event_name":"World of Goop","player_choice":"Gather Gold","floor":4.0,"damage_taken":0.0},{"event_name":"Liars Game","player_choice":"disagreed","floor":10.0,"damage_taken":0.0},{"event_name":"Beggar","player_choice":"Gave Gold","floor":19.0,"damage_taken":0.0},{"event_name":"The Mausoleum","player_choice":"No","floor":25.0,"damage_taken":0.0},{"event_name":"The Library","player_choice":"Heal","floor":27.0,"damage_taken":0.0},{"event_name":"Forgotten Altar","player_choice":"Shed Blood","floor":29.0,"damage_taken":0.0},{"event_name":"Golden Shrine","player_choice":"Pray","floor":31.0,"damage_taken":0.0},{"event_name":"Winding Halls","player_choice":"Writhe","floor":39,"damage_taken":0}],"boss_relics":[{"not_picked":["White Beast Statue","Runic Cube"],"picked":"Mark of Pain"}],"potions_floor_spawned":[1,8,12,16,33,38],"seed_played":"2174448711978023977","killed_by":"4 Shapes","ascension_level":0,"is_trial":false}