{"path_per_floor":["M","M","$","?","M","E","M","R","T","$","?","R","M","M","R","B",null,"M","$","?","$","M","R","E","R","T","?","M","M","?","M","R","B",null,"M","?","$","M","?","M","R","$","T","?","?","M","$","?","R","B"],"character_chosen":"IRONCLAD","items_purchased":["Toolbox"],"gold_per_floor":[111,131,56,56,69,100,113,113,113,13,13,13,27,45,45,146,146,166,41,41,41,61,61,89,89,114,114,124,144,144,156,156,261,261,277,277,34,50,50,64,64,64,64,64,64,77,77,77,77,77],"floor_reached":51,"campfire_rested":6,"playtime":1590,"current_hp_per_floor":[80,80,80,64,68,57,14,38,52,52,45,45,44,50,78,50,94,66,66,94,94,90,90,40,68,68,68,56,60,60,42,70,65,94,94,94,94,85,100,76,100,100,100,100,100,89,89,89,100,38],"items_purged":["Defend_R","Strike_R","Armaments"],"gold":77,"score":839,"play_id":"d15662f6-06b8-4249-9d30-2e5f1e4e8c86","local_time":"20180323135151","is_prod":false,"is_daily":false,"is_ascension_mode":false,"campfire_upgraded":2,"timestamp":1521802311,"path_taken":["BOSS","M","M","$","?","?","E","M","R","T","$","?","R","M","M","R","BOSS","M","$","?","?","M","R","E","R","T","?","M","M","?","M","R","BOSS","M","?","?","M","?","M","R","?","T","?","?","M","$","?","R","BOSS"],"build_version":"2018-03-22","purchased_purges":3,"victory":true,"master_deck":["Defend_R+1","Bash+1","Rampage+1","Twin Strike+1"],"max_hp_per_floor":[80,80,80,80,80,80,80,80,94,94,94,94,94,94,94,94,94,94,94,94,94,94,94,94,94,94,94,94,94,94,94,94,94,94,94,94,94,94,100,100,100,100,100,100,100,100,100,100,100,100],"relics":["Burning Blood","Matryoshka","Anchor","Mango","Astrolabe","Darkstone Periapt","Art of War","Juzu Bracelet","Velvet Choker","Toolbox","Red Skull","Spirit Poop"],"card_choices":[{"not_picked":["Thunderclap","Evolve"],"picked":"Rampage","floor":5}],"player_experience":424354,"potions_floor_usage":[16,16,16,33,50,50,50],"damage_taken":[{"damage":5,"enemies":"Jaw Worm","floor":1,"turns":5},{"damage":6,"enemies":"Cultist","floor":2,"turns":4},{"damage":2,"enemies":"Small Slimes","floor":5,"turns":3},{"damage":17,"enemies":"3 Sentries","floor":6,"turns":7},{"damage":49,"enemies":"Exordium Thugs","floor":7,"turns":7},{"damage":7,"enemies":"3 Louse","floor":13,"turns":4},{"damage":0,"enemies":"2 Fungi Beasts","floor":14,"turns":4},{"damage":49,"enemies":"Hexaghost","floor":16,"turns":8},{"damage":34,"enemies":"Shell Parasite","floor":18,"turns":5},{"damage":10,"enemies":"Chosen","floor":22,"turns":3},{"damage":56,"enemies":"Slavers","floor":24,"turns":6},{"damage":18,"enemies":"Snake Plant","floor":28,"turns":4},{"damage":2,"enemies":"Cultist and Chosen","floor":29,"turns":5},{"damage":24,"enemies":"Centurion and Healer","floor":31,"turns":4},{"damage":11,"enemies":"Champ","floor":33,"turns":11},{"damage":3,"enemies":"3 Shapes","floor":35,"turns":4},{"damage":15,"enemies":"3 Darklings","floor":38,"turns":5},{"damage":30,"enemies":"Sphere and 2 Shapes","floor":40,"turns":5},{"damage":17,"enemies":"4 Shapes","floor":46,"turns":4},{"damage":68,"enemies":"Time Eater","floor":50,"turns":8}],"event_choices":[{"event_name":"Shining Light","player_choice":"Entered Light","floor":4,"damage_taken":0},{"event_name":"Golden Wing","player_choice":"Card Removal","floor":11,"damage_taken":0},{"event_name":"The Library","player_choice":"Heal","floor":20,"damage_taken":0},{"event_name":"The Mausoleum","player_choice":"No","floor":27,"damage_taken":0},{"event_name":"Back to Basics","player_choice":"Elegance","floor":30,"damage_taken":0},{"event_name":"Upgrade Shrine","player_choice":"Skipped","floor":36,"damage_taken":0},{"event_name":"Winding Halls","player_choice":"Writhe","floor":39,"damage_taken":0},{"event_name":"Bonfire Elementals","player_choice":"CURSE","floor":44,"damage_taken":0},{"event_name":"Duplicator","player_choice":"Ignored","floor":45,"damage_taken":0}],"boss_relics":[{"not_picked":["Black Blood","Runic Dome"],"picked":"Astrolabe"},{"not_picked":["Question Card","Calling Bell"],"picked":"Velvet Choker"}],"potions_floor_spawned":[5,6,13,16,24,29,33,35,46],"seed_played":"1620049107943293958","ascension_level":0,"is_trial":false}