{"path_per_floor":["M","M","M","$","?","R","E","R","T","R","$","M","M","?","R","B",null,"M","$","?","M","$","R","?","E","T","R","M","M","M","$","R","B",null,"M","M","M","$","?"],"character_chosen":"IRONCLAD","items_purchased":["Paper Frog","Bag of Preparation","Ghostly Armor","Energy Potion"],"gold_per_floor":[117,130,147,147,247,247,274,274,301,301,50,62,80,80,80,185,185,195,50,30,40,40,40,40,67,67,67,86,100,120,48,48,147,147,158,177,191,139,139],"floor_reached":40,"campfire_rested":4,"playtime":1887,"current_hp_per_floor":[71,71,77,77,77,77,30,30,30,54,54,47,30,56,80,22,66,67,67,67,62,62,62,62,21,21,45,35,41,45,45,69,25,66,72,80,44,44,44],"items_purged":[],"gold":139,"score":589,"play_id":"663ef558-86e6-46e0-b7e4-8b416addad7d","local_time":"20180314132118","is_prod":false,"is_daily":false,"is_ascension_mode":true,"campfire_upgraded":3,"timestamp":1521022878,"path_taken":["M","M","M","$","?","R","E","R","T","R","$","M","M","?","R","BOSS","M","$","?","M","$","R","?","E","T","R","?","M","M","?","R","BOSS","M","M","M","$","?","E"],"build_version":"2018-03-09","purchased_purges":0,"victory":false,"master_deck":["Strike_R","Strike_R","Strike_R","Strike_R","Strike_R","Defend_R","Defend_R","Defend_R","Defend_R","Bash","Reaper","Whirlwind+1","Spot Weakness","Barricade+1","Ghostly Armor","Limit Break+1","Flex+1","Sword Boomerang+1","Decay","Shrug It Off","Shockwave+1","Ghostly Armor","Double Tap","Inflame+1"],"max_hp_per_floor":[80,80,80,80,80,80,80,80,80,80,80,80,80,80,80,80,80,80,80,80,80,80,80,80,80,80,80,80,80,80,80,80,80,80,80,80,80,80,80],"relics":["Burning Blood","Molten Egg 2","Vajra","Paper Frog","Runic Dome","Bag of Preparation","Mummified Hand","Peace Pipe","Eternal Feather"],"card_choices":[{"not_picked":["Feed","Bloodletting"],"picked":"Whirlwind"},{"not_picked":["Sword Boomerang","Thunderclap"],"picked":"Spot Weakness"},{"not_picked":["Infernal Blade","Anger"],"picked":"Barricade"},{"not_picked":["Iron Wave","Twin Strike"],"picked":"Ghostly Armor"},{"not_picked":["Barricade","Dark Embrace"],"picked":"Limit Break"},{"not_picked":["Cleave","Warcry"],"picked":"Flex"},{"not_picked":["Perfected Strike","Pommel Strike"],"picked":"Sword Boomerang"},{"not_picked":["Wild Strike","Whirlwind"],"picked":"Shrug It Off"},{"not_picked":["Rupture","Perfected Strike"],"picked":"Shockwave"},{"not_picked":["Berserk","Impervious"],"picked":"Double Tap"},{"not_picked":["Hemokinesis","Twin Strike"],"picked":"Inflame"}],"player_experience":311732,"potions_floor_usage":[40,40,40],"damage_taken":[{"damage":7.0,"enemies":"Small Slimes","floor":1.0,"turns":4.0},{"damage":10.0,"enemies":"Cultist","floor":2.0,"turns":5.0},{"damage":0.0,"enemies":"2 Louse","floor":3.0,"turns":1.0},{"damage":62.0,"enemies":"Lagavulin","floor":7.0,"turns":7.0},{"damage":29.0,"enemies":"Exordium Wildlife","floor":12.0,"turns":4.0},{"damage":43.0,"enemies":"Exordium Thugs","floor":13.0,"turns":5.0},{"damage":75.0,"enemies":"The Guardian","floor":16.0,"turns":13.0},{"damage":18.0,"enemies":"Shell Parasite","floor":18.0,"turns":6.0},{"damage":11.0,"enemies":"Spheric Guardian","floor":21.0,"turns":3.0},{"damage":72.0,"enemies":"Gremlin Leader","floor":25.0,"turns":8.0},{"damage":26.0,"enemies":"Centurion and Healer","floor":28.0,"turns":4.0},{"damage":0.0,"enemies":"Snecko","floor":29.0,"turns":4.0},{"damage":2.0,"enemies":"Sentry and Sphere","floor":30.0,"turns":2.0},{"damage":50.0,"enemies":"Automaton","floor":33.0,"turns":10.0},{"damage":0.0,"enemies":"3 Darklings","floor":35.0,"turns":1.0},{"damage":16.0,"enemies":"Orb Walker","floor":36.0,"turns":4.0},{"damage":42.0,"enemies":"4 Shapes","floor":37.0,"turns":2.0},{"damage":72,"enemies":"Giant Head","floor":40,"turns":7}],"event_choices":[{"event_name":"Wheel of Change","player_choice":"Gold","floor":5.0,"damage_taken":0.0},{"event_name":"Big Fish","player_choice":"Banana","floor":14.0,"damage_taken":0.0},{"event_name":"The Woman in Blue","player_choice":"Bought 1 Potion","floor":20.0,"damage_taken":0.0},{"event_name":"Forgotten Altar","player_choice":"Smashed Altar","floor":24.0,"damage_taken":0.0},{"event_name":"Tomb of Lord Red Mask","player_choice":"Ignored","floor":39.0,"damage_taken":0.0}],"boss_relics":[],"potions_floor_spawned":[1,2,12,21,25,29,30,35,37],"seed_played":"8614104846715656151","killed_by":"Giant Head","ascension_level":9,"is_trial":false}