{"path_per_floor":["M","$","?","?","M","R","M","R","T","$","M","R","M","E","R","B",null,"M","?","M","M","?","R","E","R","T","M","$","?","?","M","R"],"character_chosen":"IRONCLAD","items_purchased":["Shrug It Off","True Grit"],"gold_per_floor":[119,73,73,73,84,84,94,94,94,71,89,89,100,129,129,225,225,238,238,253,268,193,193,225,225,248,267,267,517,517,536,536],"floor_reached":33,"campfire_rested":0,"playtime":1250,"current_hp_per_floor":[80,80,80,80,80,80,80,80,80,80,80,80,80,62,62,49,80,80,80,80,80,80,80,73,73,73,79,79,79,79,64,64],"items_purged":[],"gold":536,"score":265,"play_id":"76c1cd1f-bf47-47ab-a800-5e1a7d80814f","local_time":"20180320161845","is_prod":false,"is_daily":false,"is_ascension_mode":false,"campfire_upgraded":7,"timestamp":1521551925,"path_taken":["M","?","?","?","M","R","M","R","T","$","?","R","M","E","R","BOSS","M","?","?","M","?","R","E","R","T","M","$","?","?","M","R","BOSS"],"build_version":"2018-03-15v3","purchased_purges":0,"victory":false,"master_deck":["Strike_R","Strike_R","Strike_R","Strike_R","Defend_R","Defend_R","Defend_R","Defend_R","Bash+1","Twin Strike","Iron Wave","Shrug It Off+1","Metallicize+1","True Grit+1","Spot Weakness+1","Armaments+1","Impervious","Body Slam+1","Decay","Heavy Blade+1","Headbutt+1","Regret"],"max_hp_per_floor":[80,80,80,80,80,80,80,80,80,80,80,80,80,80,80,80,80,80,80,80,80,80,80,80,80,80,80,80,80,80,80,80],"relics":["Burning Blood","Mercury Hourglass","Ginger","Velvet Choker","Meat on the Bone","Bag of Preparation"],"card_choices":[{"not_picked":["Sever Soul","Dual Wield"],"picked":"Twin Strike"},{"not_picked":["Perfected Strike","Reckless Charge"],"picked":"Iron Wave"},{"not_picked":["Second Wind","Power Through"],"picked":"Metallicize"},{"not_picked":["Searing Blow","Clothesline"],"picked":"Spot Weakness"},{"not_picked":["Perfected Strike","Heavy Blade"],"picked":"Armaments"},{"not_picked":["Fiend Fire","Immolate"],"picked":"Impervious"},{"not_picked":["Burning Pact","Cleave"],"picked":"Body Slam"},{"not_picked":["Seeing Red","Headbutt"],"picked":"Heavy Blade"},{"not_picked":["Sentinel","Brutality"],"picked":"Headbutt"}],"player_experience":388554,"potions_floor_usage":[14,24],"damage_taken":[{"damage":6,"enemies":"Cultist","floor":1,"turns":3},{"damage":3,"enemies":"Jaw Worm","floor":5,"turns":3},{"damage":5,"enemies":"Small Slimes","floor":7,"turns":3},{"damage":3,"enemies":"Red Slaver","floor":11,"turns":4},{"damage":3,"enemies":"Blue Slaver","floor":13,"turns":3},{"damage":24,"enemies":"Gremlin Nob","floor":14,"turns":4},{"damage":19,"enemies":"Slime Boss","floor":16,"turns":10},{"damage":5,"enemies":"Chosen","floor":18,"turns":4},{"damage":6,"enemies":"2 Thieves","floor":20,"turns":4},{"damage":3,"enemies":"Snecko","floor":21,"turns":8},{"damage":13,"enemies":"Book of Stabbing","floor":24,"turns":4},{"damage":0,"enemies":"Snake Plant","floor":27,"turns":2},{"damage":21,"enemies":"3 Cultists","floor":31,"turns":7},{"damage":80,"enemies":"Automaton","floor":33,"turns":6}],"event_choices":[{"event_name":"The Woman in Blue","player_choice":"Bought 0 Potions","floor":3,"damage_taken":0},{"event_name":"Match and Keep!","player_choice":"0 cards matched","floor":4,"damage_taken":0},{"event_name":"Wheel of Change","player_choice":"Curse","floor":19,"damage_taken":0},{"event_name":"Beggar","player_choice":"Gave Gold","floor":22,"damage_taken":0},{"event_name":"Golden Shrine","player_choice":"Desecrate","floor":29,"damage_taken":0},{"event_name":"Drug Dealer","player_choice":"Ignored","floor":30,"damage_taken":0}],"boss_relics":[{"not_picked":["Philosopher\u0027s Stone","Orrery"],"picked":"Velvet Choker"}],"potions_floor_spawned":[11,13,14,20,21,24,27],"seed_played":"-8158542435202439209","killed_by":"Automaton","ascension_level":0,"is_trial":false}