{"path_per_floor":["M","?","?","M","$","E","$","M","T","$","R","M","M","M","R","B",null,"M","?","M","$","M","R"],"character_chosen":"IRONCLAD","items_purchased":["Finesse"],"gold_per_floor":[16,16,16,27,27,52,52,67,119,44,44,62,79,94,94,196,196,214,214,203,13,31,31],"floor_reached":24,"campfire_rested":0,"playtime":860,"current_hp_per_floor":[80,64,69,67,67,51,51,49,49,49,49,55,54,60,60,14,85,63,63,57,57,32,32],"items_purged":["Strike_R","Defend_R"],"gold":31,"score":198,"play_id":"8349c022-a6b7-4ca3-91df-8c1221b4635d","local_time":"20180320135934","is_prod":false,"is_daily":false,"is_ascension_mode":false,"campfire_upgraded":0,"timestamp":1521543574,"path_taken":["M","?","?","?","$","E","$","?","T","$","R","M","M","M","R","BOSS","M","?","M","$","M","R","M"],"build_version":"2018-03-15v3","purchased_purges":2,"victory":false,"master_deck":["Strike_R","Strike_R","Strike_R","Defend_R","Defend_R+1","Bash+1","Finesse","True Grit+1"],"max_hp_per_floor":[80,80,85,85,85,85,85,85,85,85,85,85,85,85,85,85,85,85,85,85,85,85,85],"relics":["Burning Blood","Girya","Anchor","Runic Cube"],"card_choices":[{"not_picked":["Pommel Strike","Second Wind"],"picked":"True Grit"}],"player_experience":383672,"potions_floor_usage":[16,16,18,24],"damage_taken":[{"damage":2.0,"enemies":"Small Slimes","floor":1.0,"turns":4.0},{"damage":8.0,"enemies":"2 Louse","floor":4.0,"turns":3.0},{"damage":22.0,"enemies":"Gremlin Nob","floor":6.0,"turns":4.0},{"damage":8.0,"enemies":"Jaw Worm","floor":8.0,"turns":4.0},{"damage":0.0,"enemies":"Looter","floor":12.0,"turns":4.0},{"damage":7.0,"enemies":"Exordium Thugs","floor":13.0,"turns":6.0},{"damage":0.0,"enemies":"Red Slaver","floor":14.0,"turns":4.0},{"damage":52,"enemies":"Hexaghost","floor":16,"turns":8},{"damage":28,"enemies":"Spheric Guardian","floor":18,"turns":5},{"damage":12,"enemies":"2 Thieves","floor":20,"turns":4},{"damage":31,"enemies":"Cultist and Chosen","floor":22,"turns":6},{"damage":38,"enemies":"Sentry and Sphere","floor":24,"turns":5}],"event_choices":[{"event_name":"Shining Light","player_choice":"Entered Light","floor":2.0,"damage_taken":0.0},{"event_name":"Big Fish","player_choice":"Donut","floor":3.0,"damage_taken":0.0},{"event_name":"Duplicator","player_choice":"Ignored","floor":19,"damage_taken":0}],"boss_relics":[{"not_picked":["Black Star","Eternal Feather"],"picked":"Runic Cube"}],"potions_floor_spawned":[4,6,8,16,20,22],"seed_played":"6372596201487256813","killed_by":"Sentry and Sphere","ascension_level":0,"is_trial":false}