{"path_per_floor":["M","$","M","$","M","R","M","R","T","E","M","R","M","?","R","B",null,"M","?","M","M","M","R","M","R","T","M","R","?","M","$","R","B",null,"M","?","M","M","$","R","?","M","T","R","$","M","?","M","R","B"],"character_chosen":"IRONCLAD","items_purchased":[],"gold_per_floor":[109,109,119,44,64,64,76,76,102,128,141,141,156,156,156,252,252,252,252,252,252,252,252,252,252,252,252,252,252,252,152,152,152,152,152,152,152,152,27,27,27,27,27,27,27,27,27,27,27,27],"floor_reached":51,"campfire_rested":1,"playtime":1668,"current_hp_per_floor":[80,80,80,80,80,80,71,71,71,61,60,60,63,63,63,22,80,79,79,80,78,69,69,70,70,70,68,68,68,68,68,68,54,80,80,80,72,60,60,60,54,56,56,56,56,54,54,42,66,20],"items_purged":["Defend_R","Brutality","Strike_R"],"gold":27,"score":753,"play_id":"266e10dc-308d-4ffd-a2a7-c012a3ca5089","local_time":"20180320143703","is_prod":false,"is_daily":false,"is_ascension_mode":false,"campfire_upgraded":10,"timestamp":1521545823,"path_taken":["M","$","M","$","M","R","M","R","T","E","M","R","M","?","R","BOSS","M","?","M","M","M","R","M","R","T","M","R","?","?","$","R","BOSS","M","?","?","M","$","R","?","?","T","R","$","M","?","M","R","BOSS"],"build_version":"2018-03-15v3","purchased_purges":4,"victory":true,"master_deck":["Strike_R","Strike_R","Strike_R","Defend_R","Defend_R","Bash","Searing Blow+10","Dropkick","Dropkick"],"max_hp_per_floor":[80,80,80,80,80,80,80,80,80,80,80,80,80,80,80,80,80,80,80,80,80,80,80,80,80,80,80,80,80,80,80,80,80,80,80,80,80,80,80,80,80,80,80,80,80,80,80,80,80,80],"relics":["Black Blood","Orichalcum","Bronze Scales","Ectoplasm","Red Skull","Nloth\u0027s Gift","Torii","Lantern"],"card_choices":[{"not_picked":["Flex","Whirlwind"],"picked":"Searing Blow"},{"not_picked":["Metallicize","Sever Soul"],"picked":"Dropkick"},{"not_picked":["Anger","Cleave"],"picked":"Dropkick"}],"player_experience":384893,"potions_floor_usage":[50,50,50],"damage_taken":[{"damage":3.0,"enemies":"2 Louse","floor":1.0,"turns":3.0},{"damage":5.0,"enemies":"Jaw Worm","floor":3.0,"turns":4.0},{"damage":0.0,"enemies":"Cultist","floor":5.0,"turns":3.0},{"damage":15.0,"enemies":"Large Slime","floor":7.0,"turns":5.0},{"damage":16.0,"enemies":"Gremlin Nob","floor":10.0,"turns":4.0},{"damage":7.0,"enemies":"Red Slaver","floor":11.0,"turns":2.0},{"damage":3.0,"enemies":"2 Fungi Beasts","floor":13.0,"turns":3.0},{"damage":47.0,"enemies":"Hexaghost","floor":16.0,"turns":9.0},{"damage":7.0,"enemies":"3 Byrds","floor":18.0,"turns":4.0},{"damage":4.0,"enemies":"Spheric Guardian","floor":20.0,"turns":3.0},{"damage":8.0,"enemies":"Centurion and Healer","floor":21.0,"turns":4.0},{"damage":15.0,"enemies":"Snake Plant","floor":22.0,"turns":2.0},{"damage":5.0,"enemies":"Snecko","floor":24.0,"turns":3.0},{"damage":8.0,"enemies":"Chosen and Byrds","floor":27.0,"turns":4.0},{"damage":6.0,"enemies":"3 Cultists","floor":30.0,"turns":3.0},{"damage":20.0,"enemies":"Champ","floor":33.0,"turns":5.0},{"damage":4.0,"enemies":"Orb Walker","floor":35.0,"turns":2.0},{"damage":18.0,"enemies":"3 Darklings","floor":37.0,"turns":4.0},{"damage":22.0,"enemies":"Maw","floor":38.0,"turns":5.0},{"damage":16.0,"enemies":"Mysterious Sphere","floor":41.0,"turns":4.0},{"damage":8.0,"enemies":"4 Shapes","floor":42.0,"turns":5.0},{"damage":12.0,"enemies":"3 Darklings","floor":46.0,"turns":7.0},{"damage":22.0,"enemies":"Maw","floor":48.0,"turns":5.0},{"damage":56,"enemies":"Awakened One","floor":50,"turns":5}],"event_choices":[{"event_name":"Living Wall","player_choice":"Forget","floor":14.0,"damage_taken":0.0},{"event_name":"Transmorgrifier","player_choice":"Transform","floor":19.0,"damage_taken":0.0},{"event_name":"N\u0027loth","player_choice":"Traded a Prayer Wheel","floor":29.0,"damage_taken":0.0},{"event_name":"Duplicator","player_choice":"Ignored","floor":36.0,"damage_taken":0.0},{"event_name":"Mysterious Sphere","player_choice":"Fight","floor":41.0,"damage_taken":0.0},{"event_name":"Accursed Blacksmith","player_choice":"Ignore","floor":47.0,"damage_taken":0.0}],"boss_relics":[],"potions_floor_spawned":[1,3,10,16,18,27,37,41,46,48],"seed_played":"7594308329118222933","ascension_level":0,"is_trial":false}