{"path_per_floor":["M","?","$","M","M","E","M","M","T","R","M","E","$","M","R","B",null,"M","M","?","M","$","M","E","$","T","M","M"],"character_chosen":"IRONCLAD","items_purchased":["Metallicize","Perfected Strike","Gremlin Horn","Trip","Regal Pillow"],"gold_per_floor":[115,115,22,35,50,75,92,103,403,403,415,443,368,383,383,456,456,474,494,494,507,151,170,197,51,51,70,89,89],"floor_reached":29,"campfire_rested":1,"playtime":1230,"current_hp_per_floor":[66,51,51,54,60,20,26,19,19,41,47,39,39,45,45,32,64,66,55,55,44,44,28,31,31,31,15,17,0],"items_purged":["Strike_R"],"gold":89,"score":486,"play_id":"089706c9-dd5d-4f26-b9c1-1ef034ddd17b","local_time":"20180325001648","is_prod":false,"is_daily":false,"is_ascension_mode":true,"campfire_upgraded":1,"timestamp":1521926208,"path_taken":["M","?","$","M","M","E","M","?","T","R","M","E","$","M","R","BOSS","M","M","?","M","$","M","E","$","T","M","M","M"],"build_version":"2018-03-22v2","purchased_purges":1,"victory":false,"master_deck":["Strike_R+1","Strike_R+1","Strike_R+1","Strike_R+1","Defend_R+1","Defend_R+1","Defend_R+1","Defend_R+1","Bash","AscendersBane","Flame Barrier+1","Metallicize","Perfected Strike","Hemokinesis","Whirlwind+1","Metallicize","Perfected Strike","Shrug It Off","Flex","Twin Strike","Headbutt","Perfected Strike","Trip","Heavy Blade+1"],"max_hp_per_floor":[75,75,75,75,75,75,75,75,75,75,75,75,75,75,75,75,75,75,75,75,75,75,75,75,75,75,75,75,75],"relics":["Burning Blood","Vajra","Old Coin","Bottled Flame","Question Card","Gremlin Horn","Blue Candle","Regal Pillow","Shovel"],"card_choices":[{"not_picked":["Sword Boomerang","Shockwave"],"picked":"Flame Barrier","floor":1.0},{"not_picked":["Clash","Armaments"],"picked":"Hemokinesis","floor":4.0},{"not_picked":["Headbutt","Shrug It Off"],"picked":"Whirlwind","floor":5.0},{"not_picked":["Pommel Strike","Cleave"],"picked":"Metallicize","floor":6.0},{"not_picked":["Body Slam","Second Wind"],"picked":"Perfected Strike","floor":7.0},{"not_picked":["Body Slam","Flex"],"picked":"Shrug It Off","floor":8.0},{"not_picked":["Heavy Blade","Sever Soul"],"picked":"Flex","floor":11.0},{"not_picked":["Havoc","Rage"],"picked":"Twin Strike","floor":12.0},{"not_picked":["Pommel Strike","Clothesline","Thunderclap"],"picked":"Headbutt","floor":18.0},{"not_picked":["Iron Wave","Feel No Pain","Wild Strike"],"picked":"Perfected Strike","floor":21.0},{"not_picked":["Hemokinesis","Feed","Anger"],"picked":"Heavy Blade","floor":24}],"player_experience":441211,"potions_floor_usage":[29,29],"damage_taken":[{"damage":8.0,"enemies":"2 Louse","floor":1.0,"turns":4.0},{"damage":3.0,"enemies":"Jaw Worm","floor":4.0,"turns":4.0},{"damage":0.0,"enemies":"Cultist","floor":5.0,"turns":3.0},{"damage":46.0,"enemies":"Gremlin Nob","floor":6.0,"turns":5.0},{"damage":0.0,"enemies":"Lots of Slimes","floor":7.0,"turns":1.0},{"damage":13.0,"enemies":"Red Slaver","floor":8.0,"turns":4.0},{"damage":0.0,"enemies":"Blue Slaver","floor":11.0,"turns":6.0},{"damage":14.0,"enemies":"3 Sentries","floor":12.0,"turns":5.0},{"damage":0.0,"enemies":"3 Louse","floor":14.0,"turns":1.0},{"damage":19.0,"enemies":"Slime Boss","floor":16.0,"turns":8.0},{"damage":4.0,"enemies":"3 Byrds","floor":18.0,"turns":5.0},{"damage":17.0,"enemies":"Shell Parasite","floor":19.0,"turns":8.0},{"damage":17.0,"enemies":"Snecko","floor":21.0,"turns":4.0},{"damage":22.0,"enemies":"Slaver and Parasite","floor":23.0,"turns":10.0},{"damage":3,"enemies":"Gremlin Leader","floor":24,"turns":4},{"damage":22,"enemies":"Sentry and Sphere","floor":27,"turns":4},{"damage":4,"enemies":"3 Cultists","floor":28,"turns":3},{"damage":23,"enemies":"Centurion and Healer","floor":29,"turns":1}],"event_choices":[{"event_name":"Shining Light","player_choice":"Entered Light","floor":2.0,"damage_taken":0.0},{"event_name":"Back to Basics","player_choice":"Simplicity","floor":20.0,"damage_taken":0.0}],"boss_relics":[],"potions_floor_spawned":[4,8,11,16,21,27,28],"seed_played":"-5359228805043324329","killed_by":"Centurion and Healer","ascension_level":14,"is_trial":false}