{"path_per_floor":["M","?","?","$","M","R","?","E","T","R","$","M","M","M","R","B",null,"M","M","M","?","?","R","E","R","T","$","E","R","M","?","R","B",null,"M","M","?","M","M","E","R","E","T","M","?","M","?","T","R","B"],"character_chosen":"IRONCLAD","items_purchased":["Singing Bowl","Rampage","Reaper"],"gold_per_floor":[112,362,362,98,114,114,114,143,143,143,43,63,76,91,91,168,168,185,201,213,213,138,138,169,169,194,0,33,33,44,44,44,118,118,133,153,153,170,185,215,215,243,243,255,255,275,275,275,275,275],"floor_reached":51,"campfire_rested":4,"playtime":3481,"current_hp_per_floor":[72,72,72,72,77,77,77,35,35,35,35,41,36,38,38,56,73,75,76,63,42,42,42,28,52,52,52,58,58,65,65,83,40,74,82,89,89,61,83,58,95,74,74,82,82,79,69,69,103,18],"items_purged":["Regret","Strike_R","Strike_R"],"gold":275,"score":1398,"play_id":"de5d6c53-3b7a-489f-a48e-0eeaa902edfb","local_time":"20180402141308","is_prod":false,"is_daily":false,"is_ascension_mode":true,"campfire_upgraded":5,"timestamp":1522667588,"path_taken":["M","?","?","$","M","R","?","E","T","R","?","M","M","?","R","BOSS","M","M","M","?","?","R","E","R","T","$","E","R","M","?","R","BOSS","M","M","?","M","M","E","R","E","T","M","?","?","?","?","R","BOSS"],"build_version":"2018-03-29v2","purchased_purges":3,"victory":true,"master_deck":["Strike_R","Strike_R","Defend_R","Defend_R","Defend_R","Bash+1","AscendersBane","Shrug It Off","Infernal Blade+1","Battle Trance+1","Rampage+1","Whirlwind+1","Flex","Carnage+1","Fiend Fire+1","Shrug It Off","Shrug It Off","Necronomicurse","Headbutt+1","Reaper+1","Shockwave+1","Whirlwind+1","Dark Shackles","Secret Weapon","Deep Breath"],"max_hp_per_floor":[75,75,75,75,77,77,77,77,77,77,77,77,79,79,79,79,79,81,81,81,81,81,81,81,81,81,81,81,81,83,83,83,85,85,87,89,89,91,93,93,95,97,97,99,99,101,101,101,103,103],"relics":["Burning Blood","Singing Bowl","Molten Egg 2","Thread and Needle","Mark of Pain","Necronomicon","Charon\u0027s Ashes","Regal Pillow","Dodecahedron","Sozu","Dream Catcher","Smiling Mask","Orichalcum","Kunai"],"card_choices":[{"not_picked":["Seeing Red","Iron Wave"],"picked":"Shrug It Off","floor":0},{"not_picked":["Body Slam","Seeing Red"],"picked":"Infernal Blade","floor":1},{"not_picked":["Ghostly Armor","Thunderclap"],"picked":"Whirlwind","floor":8},{"not_picked":["Armaments","Perfected Strike"],"picked":"Flex","floor":12},{"not_picked":["Sword Boomerang","Body Slam"],"picked":"Carnage","floor":14},{"not_picked":["Berserk","Immolate"],"picked":"Fiend Fire","floor":16},{"not_picked":["Searing Blow","Corruption"],"picked":"Shrug It Off","floor":19},{"not_picked":["Iron Wave","Barricade"],"picked":"Shrug It Off","floor":20},{"not_picked":["Flex","Battle Trance"],"picked":"Headbutt","floor":24},{"not_picked":["True Grit","Fire Breathing"],"picked":"Shockwave","floor":28},{"not_picked":["Infernal Blade","Sentinel"],"picked":"Whirlwind","floor":40},{"not_picked":["Trip","Deep Breath"],"picked":"Dark Shackles","floor":47},{"not_picked":["Trip","Apotheosis"],"picked":"Secret Weapon","floor":47},{"not_picked":["Panache","Bandage Up"],"picked":"Deep Breath","floor":47}],"player_experience":551415,"potions_floor_usage":[16,18,40,40],"damage_taken":[{"damage":2,"enemies":"Small Slimes","floor":1,"turns":5},{"damage":1,"enemies":"Cultist","floor":5,"turns":3},{"damage":48,"enemies":"Lagavulin","floor":8,"turns":7},{"damage":0,"enemies":"2 Louse","floor":12,"turns":1},{"damage":13,"enemies":"Gremlin Gang","floor":13,"turns":4},{"damage":4,"enemies":"Lots of Slimes","floor":14,"turns":2},{"damage":0,"enemies":"Slime Boss","floor":16,"turns":8},{"damage":6,"enemies":"2 Thieves","floor":18,"turns":2},{"damage":5,"enemies":"Shell Parasite","floor":19,"turns":2},{"damage":19,"enemies":"Chosen and Byrds","floor":20,"turns":4},{"damage":20,"enemies":"Book of Stabbing","floor":24,"turns":5},{"damage":0,"enemies":"Gremlin Leader","floor":28,"turns":2},{"damage":6,"enemies":"Sentry and Sphere","floor":30,"turns":3},{"damage":51,"enemies":"Automaton","floor":33,"turns":6},{"damage":0,"enemies":"Orb Walker","floor":35,"turns":3},{"damage":0,"enemies":"3 Shapes","floor":36,"turns":1},{"damage":36,"enemies":"Sphere and 2 Shapes","floor":38,"turns":2},{"damage":24,"enemies":"4 Shapes","floor":39,"turns":2},{"damage":41,"enemies":"Giant Head","floor":40,"turns":7},{"damage":29,"enemies":"Nemesis","floor":42,"turns":5},{"damage":0,"enemies":"3 Darklings","floor":44,"turns":1},{"damage":11,"enemies":"Maw","floor":46,"turns":4},{"damage":101,"enemies":"Awakened One","floor":50,"turns":9}],"event_choices":[{"event_name":"Golden Shrine","player_choice":"Desecrate","floor":2,"damage_taken":0},{"event_name":"Match and Keep!","player_choice":"1 cards matched","floor":3,"damage_taken":0},{"event_name":"Scrap Ooze","player_choice":"unsuccessful","floor":7,"damage_taken":0},{"event_name":"Cursed Tome","player_choice":"Obtained Book","floor":21,"damage_taken":0},{"event_name":"Beggar","player_choice":"Gave Gold","floor":22,"damage_taken":0},{"event_name":"Vampires","player_choice":"Ignored","floor":31,"damage_taken":0},{"event_name":"Wheel of Change","player_choice":"Card Removal","floor":37,"damage_taken":0},{"event_name":"Accursed Blacksmith","player_choice":"Ignore","floor":45,"damage_taken":0},{"event_name":"SensoryStone","player_choice":"Memory 3","floor":47,"damage_taken":0}],"boss_relics":[{"not_picked":["Pandora\u0027s Box","Tiny House"],"picked":"Mark of Pain"},{"not_picked":["Astrolabe","Runic Cube"],"picked":"Sozu"}],"potions_floor_spawned":[5,13,28,30,33,38,40,42,46],"seed_played":"-9157331330220021675","ascension_level":15,"is_trial":false}