{"path_per_floor":["M","?","?","M","M","E","$","M","T","M","R","E","M","?","R","B",null,"M","M","$","?","$","E","R","E","T","M","M","?","R","M","R","B",null,"M","M","M","?","M","R","?","R","T","$","E","$","E","T","R","B"],"character_chosen":"IRONCLAD","items_purchased":["Vajra","Feel No Pain","Corruption","Flame Barrier","Bottled Tornado","Body Slam"],"gold_per_floor":[118,118,118,137,149,174,30,48,48,66,66,95,112,139,139,244,244,257,268,201,201,91,126,126,156,179,189,203,203,203,219,219,316,316,329,342,356,356,366,366,366,366,366,366,397,28,88,88,88,88],"floor_reached":51,"campfire_rested":3,"playtime":2000,"current_hp_per_floor":[77,65,58,56,62,30,30,26,26,22,46,38,23,13,37,20,80,52,41,41,41,41,19,43,34,34,36,38,38,38,46,46,34,90,90,90,90,90,93,93,93,93,93,93,93,93,93,93,93,93],"items_purged":["Strike_R"],"gold":88,"score":830,"play_id":"4f8b54e4-b35d-4ec5-9359-4ddd805b744e","local_time":"20180403235653","is_prod":false,"is_daily":false,"is_ascension_mode":false,"campfire_upgraded":5,"timestamp":1522789013,"path_taken":["M","?","?","M","?","E","$","M","T","M","R","E","M","?","R","BOSS","M","M","$","?","$","E","R","E","T","M","?","?","R","M","R","BOSS","M","M","M","?","M","R","?","R","T","?","E","$","E","?","R","BOSS"],"build_version":"2018-03-29v2","purchased_purges":1,"victory":true,"master_deck":["Strike_R","Defend_R","Defend_R","Defend_R","Defend_R","Bash","Infernal Blade","Spot Weakness","Battle Trance","Headbutt","Shrug It Off","Offering+1","Shockwave+1","Ghostly Armor+1","Feel No Pain+1","Corruption","Flame Barrier+1","Sword Boomerang+1","Body Slam+1","Flame Barrier+1","Feel No Pain+1","Twin Strike+1","Limit Break","Body Slam+1","Flex+1","Rampage+1","Juggernaut+1","Body Slam+1","Shrug It Off"],"max_hp_per_floor":[80,80,80,80,80,80,80,80,80,80,80,80,80,80,80,80,80,80,80,80,80,80,80,80,90,90,90,90,90,90,90,90,90,90,90,90,90,90,93,93,93,93,93,93,93,93,93,93,93,93],"relics":["Burning Blood","Ginger","Peace Pipe","Vajra","Bird Faced Urn","Mummified Hand","Odd Mushroom","Black Star","Molten Egg 2","Bottled Lightning","Dodecahedron","Pear","Lantern","Sozu","Magic Flower","Torii","Unceasing Top","Bottled Tornado","Tiny Chest","Pen Nib","Paper Frog"],"card_choices":[{"not_picked":["Havoc","Pummel"],"picked":"Infernal Blade","floor":1},{"not_picked":["Armaments","Evolve"],"picked":"Spot Weakness","floor":4},{"not_picked":["Power Through","Flex"],"picked":"Battle Trance","floor":5},{"not_picked":["Second Wind","Clash"],"picked":"Headbutt","floor":6},{"not_picked":["Spot Weakness","Cleave"],"picked":"Shrug It Off","floor":14},{"not_picked":["Bludgeon","Barricade"],"picked":"Offering","floor":16},{"not_picked":["Flex","True Grit"],"picked":"Shockwave","floor":18},{"not_picked":["Anger","Heavy Blade"],"picked":"Ghostly Armor","floor":19},{"not_picked":["Heavy Blade","Intimidate"],"picked":"Sword Boomerang","floor":23},{"not_picked":["Pommel Strike","Burning Pact"],"picked":"Body Slam","floor":25},{"not_picked":["Intimidate","Body Slam"],"picked":"Flame Barrier","floor":27},{"not_picked":["Combust","Wild Strike"],"picked":"Twin Strike","floor":31},{"not_picked":["Juggernaut","Bludgeon"],"picked":"Limit Break","floor":33},{"not_picked":["Perfected Strike","Cleave"],"picked":"Body Slam","floor":35},{"not_picked":["Ghostly Armor","Sword Boomerang"],"picked":"Flex","floor":36},{"not_picked":["Body Slam","Pummel"],"picked":"Rampage","floor":37},{"not_picked":["Dropkick","Juggernaut"],"picked":"Shrug It Off","floor":47}],"player_experience":300211,"potions_floor_usage":[16,16,25,39,50,50],"damage_taken":[{"damage":9,"enemies":"Cultist","floor":1,"turns":4},{"damage":8,"enemies":"2 Louse","floor":4,"turns":2},{"damage":0,"enemies":"Small Slimes","floor":5,"turns":2},{"damage":38,"enemies":"Gremlin Nob","floor":6,"turns":4},{"damage":10,"enemies":"2 Fungi Beasts","floor":8,"turns":3},{"damage":10,"enemies":"Looter","floor":10,"turns":2},{"damage":14,"enemies":"3 Sentries","floor":12,"turns":6},{"damage":21,"enemies":"Lots of Slimes","floor":13,"turns":4},{"damage":16,"enemies":"The Mushroom Lair","floor":14,"turns":4},{"damage":23,"enemies":"Slime Boss","floor":16,"turns":10},{"damage":34,"enemies":"3 Byrds","floor":18,"turns":7},{"damage":17,"enemies":"Chosen","floor":19,"turns":3},{"damage":32,"enemies":"Gremlin Leader","floor":23,"turns":7},{"damage":27,"enemies":"Slavers","floor":25,"turns":4},{"damage":6,"enemies":"Snake Plant","floor":27,"turns":4},{"damage":6,"enemies":"Centurion and Healer","floor":28,"turns":6},{"damage":4,"enemies":"Snecko","floor":31,"turns":3},{"damage":24,"enemies":"Collector","floor":33,"turns":9},{"damage":4,"enemies":"3 Shapes","floor":35,"turns":3},{"damage":4,"enemies":"Orb Walker","floor":36,"turns":2},{"damage":4,"enemies":"4 Shapes","floor":37,"turns":7},{"damage":4,"enemies":"Maw","floor":39,"turns":5},{"damage":4,"enemies":"2 Orb Walkers","floor":45,"turns":2},{"damage":4,"enemies":"Nemesis","floor":47,"turns":5},{"damage":5,"enemies":"Awakened One","floor":50,"turns":7}],"event_choices":[{"event_name":"Scrap Ooze","player_choice":"success","floor":2,"damage_taken":12},{"event_name":"Golden Wing","player_choice":"Card Removal","floor":3,"damage_taken":0},{"event_name":"Mushrooms","player_choice":"Fought Mushrooms","floor":14,"damage_taken":0},{"event_name":"Bonfire Elementals","player_choice":"BASIC","floor":21,"damage_taken":0},{"event_name":"Duplicator","player_choice":"One dupe","floor":29,"damage_taken":0},{"event_name":"The Woman in Blue","player_choice":"Bought 0 Potions","floor":38,"damage_taken":0},{"event_name":"Transmorgrifier","player_choice":"Transform","floor":41,"damage_taken":0}],"boss_relics":[{"not_picked":["Calling Bell","Orrery"],"picked":"Black Star"},{"not_picked":["Tiny House","Lizard Tail"],"picked":"Sozu"}],"potions_floor_spawned":[5,6,12,13,19,28,33,36,45,47],"seed_played":"-1360507264149252233","ascension_level":0,"is_trial":false}