{"path_per_floor":["M","?","?","M","$","R","E","?","T","R","M","E","T","$","R","B",null,"M","?","?","$","M","R","?","R","T","R","?","M","M","?","R","B",null,"M","M","M","M","$","R","E","R","T","M","?","R","T","M","R","B"],"character_chosen":"IRONCLAD","items_purchased":["Uppercut"],"gold_per_floor":[116,116,116,128,48,48,80,60,60,60,72,104,131,56,56,133,133,147,147,147,147,161,161,161,161,208,208,123,135,153,153,153,225,225,237,250,269,281,181,181,211,211,211,229,229,229,275,291,291,291],"floor_reached":51,"campfire_rested":4,"playtime":1902,"current_hp_per_floor":[65,65,65,70,70,70,39,39,39,61,65,58,58,58,58,48,68,50,50,50,50,39,39,39,39,39,39,39,33,38,38,60,51,69,44,41,42,33,33,55,49,49,49,51,51,51,51,45,67,31],"items_purged":["Strike_R","Decay"],"gold":291,"score":1198,"play_id":"63e372d4-9dcf-4b0e-a5a5-5b7d3d7901db","local_time":"20180401232957","is_prod":false,"is_daily":false,"is_ascension_mode":true,"campfire_upgraded":1,"timestamp":1522614597,"path_taken":["M","?","?","?","$","R","E","?","T","R","?","E","?","?","R","BOSS","M","?","?","$","M","R","?","R","T","R","?","M","M","?","R","BOSS","M","M","M","M","$","R","E","R","T","M","?","R","?","M","R","BOSS"],"build_version":"2018-03-29v2","purchased_purges":4,"victory":true,"master_deck":["Strike_R","Strike_R","Strike_R+1","Defend_R+1","Bash+1","AscendersBane","Clash+1","Uppercut+1","Second Wind+1","Flex","Blood for Blood","Demon Form","Spot Weakness","Sword Boomerang+1","Shrug It Off+1","Limit Break","Exhume+1","Seeing Red+1","Reckless Charge+1","Armaments+1","True Grit","Uppercut+1","Whirlwind+1","Disarm","Thunderclap+1"],"max_hp_per_floor":[75,75,75,75,75,75,75,75,75,75,75,75,75,75,75,75,75,75,75,75,75,75,75,75,75,75,75,75,75,75,75,75,75,75,75,75,75,75,75,75,75,75,75,75,75,75,75,75,75,75],"relics":["Burning Blood","Happy Flower","Whetstone","Ginger","Shovel","Anchor","Meat on the Bone","Sozu","Molten Egg 2","Juzu Bracelet","Art of War","Thread and Needle","Bag of Marbles","Astrolabe","War Paint","Oddly Smooth Stone","Ornamental Fan","Toolbox","Lantern"],"card_choices":[{"not_picked":["True Grit","Searing Blow"],"picked":"Clash","floor":1.0},{"not_picked":["Sentinel","Anger"],"picked":"Evolve","floor":4.0},{"not_picked":["Thunderclap","Clothesline"],"picked":"Second Wind","floor":7.0},{"not_picked":["Battle Trance","Evolve"],"picked":"Flex","floor":11.0},{"not_picked":["Iron Wave","Body Slam"],"picked":"Blood for Blood","floor":12.0},{"not_picked":["Exhume","Feed"],"picked":"Demon Form","floor":16.0},{"not_picked":["Headbutt","Havoc"],"picked":"Spot Weakness","floor":18.0},{"not_picked":["Iron Wave","Uppercut"],"picked":"Sword Boomerang","floor":22.0},{"not_picked":["Sentinel","Iron Wave"],"picked":"Shrug It Off","floor":29.0},{"not_picked":["Demon Form","Dark Embrace"],"picked":"Limit Break","floor":33.0},{"not_picked":["Thunderclap","Clothesline"],"picked":"Armaments","floor":36.0},{"not_picked":["Armaments","Iron Wave"],"picked":"True Grit","floor":37.0},{"not_picked":["Pommel Strike","Bludgeon"],"picked":"Uppercut","floor":38.0},{"not_picked":["Hemokinesis","Warcry"],"picked":"Whirlwind","floor":41.0},{"not_picked":["Shrug It Off","Battle Trance"],"picked":"Disarm","floor":44.0},{"not_picked":["Dual Wield","Havoc"],"picked":"Thunderclap","floor":48.0}],"player_experience":543964,"potions_floor_usage":[],"damage_taken":[{"damage":9.0,"enemies":"Small Slimes","floor":1.0,"turns":4.0},{"damage":1.0,"enemies":"Cultist","floor":4.0,"turns":3.0},{"damage":37.0,"enemies":"Lagavulin","floor":7.0,"turns":6.0},{"damage":2.0,"enemies":"Jaw Worm","floor":11.0,"turns":2.0},{"damage":13.0,"enemies":"3 Sentries","floor":12.0,"turns":6.0},{"damage":16.0,"enemies":"Hexaghost","floor":16.0,"turns":8.0},{"damage":24.0,"enemies":"Spheric Guardian","floor":18.0,"turns":4.0},{"damage":29.0,"enemies":"3 Byrds","floor":22.0,"turns":6.0},{"damage":24.0,"enemies":"Cultist and Chosen","floor":29.0,"turns":6.0},{"damage":13.0,"enemies":"Chosen and Byrds","floor":30.0,"turns":6.0},{"damage":27.0,"enemies":"Champ","floor":33.0,"turns":9.0},{"damage":43.0,"enemies":"3 Shapes","floor":35.0,"turns":4.0},{"damage":21.0,"enemies":"3 Darklings","floor":36.0,"turns":4.0},{"damage":17.0,"enemies":"Maw","floor":37.0,"turns":6.0},{"damage":27.0,"enemies":"Sphere and 2 Shapes","floor":38.0,"turns":6.0},{"damage":24.0,"enemies":"Giant Head","floor":41.0,"turns":6.0},{"damage":4.0,"enemies":"3 Darklings","floor":44.0,"turns":3.0},{"damage":24.0,"enemies":"Maw","floor":48.0,"turns":5.0},{"damage":54,"enemies":"Awakened One","floor":50,"turns":9}],"event_choices":[{"event_name":"Living Wall","player_choice":"Grow","floor":2.0,"damage_taken":0.0},{"event_name":"Purifier","player_choice":"One Purge","floor":3.0,"damage_taken":0.0},{"event_name":"The Woman in Blue","player_choice":"Bought 1 Potion","floor":8.0,"damage_taken":0.0},{"event_name":"The Lab","player_choice":"Got Potions","floor":19.0,"damage_taken":0.0},{"event_name":"Vampires","player_choice":"Ignored","floor":20.0,"damage_taken":0.0},{"event_name":"Forgotten Altar","player_choice":"Smashed Altar","floor":24.0,"damage_taken":0.0},{"event_name":"Addict","player_choice":"Obtained Relic","floor":28.0,"damage_taken":0.0},{"event_name":"The Mausoleum","player_choice":"No","floor":31.0,"damage_taken":0.0},{"event_name":"Wheel of Change","player_choice":"Card Removal","floor":45.0,"damage_taken":0.0}],"boss_relics":[],"potions_floor_spawned":[7,12,18,22,30,36,44,48],"seed_played":"-7222417891953212670","ascension_level":15,"is_trial":false}