{"path_per_floor":["M","?","M","?","M","R","M","M","T","M","M","$","?","E","R"],"character_chosen":"IRONCLAD","items_purchased":["Bottled Flame"],"gold_per_floor":[110,110,124,124,148,148,173,197,221,236,257,6,6,49,49,49],"floor_reached":16,"campfire_rested":1,"playtime":573,"current_hp_per_floor":[68,63,67,39,45,45,31,29,29,25,14,14,34,10,34,0],"items_purged":[],"gold":49,"score":182,"play_id":"c6c63c8c-938c-4888-9499-452121e4b735","local_time":"20180406094815","is_prod":false,"is_daily":false,"is_ascension_mode":true,"campfire_upgraded":1,"timestamp":1522997295,"path_taken":["M","?","M","?","M","R","M","?","T","M","M","$","?","E","R","BOSS"],"build_version":"2018-04-05v2","purchased_purges":0,"victory":false,"master_deck":["Strike_R","Strike_R","Strike_R","Strike_R","Strike_R","Defend_R","Defend_R","Defend_R","Defend_R","Bash","AscendersBane","Rampage+1","Evolve","Spot Weakness","Whirlwind","Shrug It Off","Carnage","Parasite","Seeing Red"],"max_hp_per_floor":[82,82,82,82,82,82,82,82,82,82,82,82,82,82,82,82],"relics":["Burning Blood","Gremlin Horn","Golden Idol","Blood Vial","Bottled Flame","Paper Frog"],"card_choices":[{"not_picked":["Clothesline","Body Slam"],"picked":"Rampage","floor":1.0},{"not_picked":["Bloodletting","Anger"],"picked":"Evolve","floor":3.0},{"not_picked":["Havoc","Anger"],"picked":"Spot Weakness","floor":5.0},{"not_picked":["Anger","Wild Strike"],"picked":"Whirlwind","floor":7.0},{"not_picked":["Inflame","Pummel"],"picked":"Shrug It Off","floor":10.0},{"not_picked":["Heavy Blade","Blood for Blood"],"picked":"Carnage","floor":11.0},{"not_picked":["Inflame","Wild Strike"],"picked":"Seeing Red","floor":14.0}],"player_experience":308396,"potions_floor_usage":[16],"damage_taken":[{"damage":13.0,"enemies":"Jaw Worm","floor":1.0,"turns":5.0},{"damage":2.0,"enemies":"Small Slimes","floor":3.0,"turns":3.0},{"damage":0.0,"enemies":"2 Louse","floor":5.0,"turns":2.0},{"damage":20.0,"enemies":"Lots of Slimes","floor":7.0,"turns":4.0},{"damage":8.0,"enemies":"Exordium Wildlife","floor":8.0,"turns":4.0},{"damage":12.0,"enemies":"Looter","floor":10.0,"turns":3.0},{"damage":19.0,"enemies":"Large Slime","floor":11.0,"turns":5.0},{"damage":32.0,"enemies":"Gremlin Nob","floor":14.0,"turns":4.0},{"damage":38,"enemies":"Slime Boss","floor":16,"turns":3}],"event_choices":[{"event_name":"Scrap Ooze","player_choice":"success","floor":2.0,"damage_taken":5.0},{"event_name":"Golden Idol","player_choice":"Take Damage","floor":4.0,"damage_taken":0.0},{"event_name":"Mushrooms","player_choice":"Healed and dodged fight","floor":13.0,"damage_taken":0.0}],"boss_relics":[],"potions_floor_spawned":[1,7,14],"seed_played":"2334486048910792239","killed_by":"Slime Boss","ascension_level":15,"is_trial":false}