{"path_per_floor":["M","?","?","$","?","R","E","M","T","E","R","?","R","M","R","B",null,"M","?","$","T","M","R","M","R","T","E","M","$","M","?","R","B",null,"M","M","$","$","?","R","M","$","T","R","$","M","M","?","R","B"],"character_chosen":"IRONCLAD","items_purchased":["Shrug It Off","Feel No Pain","Corruption","Warcry","Singing Bowl","Trip"],"gold_per_floor":[110,110,110,5,5,5,43,56,81,124,124,124,124,142,142,240,240,255,255,156,156,174,174,189,189,189,227,247,27,48,48,48,144,144,164,183,81,81,144,144,165,165,188,188,188,204,228,228,228,228],"floor_reached":51,"campfire_rested":1,"playtime":2324,"current_hp_per_floor":[74,74,48,48,48,48,54,60,60,38,38,38,38,44,44,45,68,50,29,29,29,31,53,62,62,62,61,61,61,67,67,67,67,77,82,84,84,84,84,84,84,84,84,84,84,86,86,76,76,75],"items_purged":["Strike_R"],"gold":228,"score":1224,"play_id":"6d81429c-da03-4f8e-a377-b95bcf8dd7b2","local_time":"20180331233823","is_prod":false,"is_daily":false,"is_ascension_mode":true,"campfire_upgraded":9,"timestamp":1522528703,"path_taken":["M","?","?","$","?","R","E","?","T","E","R","?","R","M","R","BOSS","M","?","$","?","M","R","M","R","T","E","M","$","M","?","R","BOSS","M","M","?","$","?","R","M","$","T","R","$","M","?","?","R","BOSS"],"build_version":"2018-03-29v2","purchased_purges":1,"victory":true,"master_deck":["Strike_R","Strike_R","Strike_R","Defend_R","Defend_R","Defend_R+1","Defend_R","Bash+1","AscendersBane","Infernal Blade+1","Shrug It Off","Feel No Pain+1","Whirlwind+1","Power Through+1","Flame Barrier+1","Flex","Seeing Red","Offering+1","Heavy Blade","Corruption+1","Warcry+1","Feel No Pain+1","Feel No Pain+1","Shrug It Off","Flame Barrier+1","Limit Break","Trip+1","Body Slam+1","Flex+1","Body Slam+1","Panache+1","Secret Technique","Transmutation+1"],"max_hp_per_floor":[75,75,75,75,75,75,75,75,75,75,75,75,75,75,75,75,75,75,75,75,75,75,75,78,78,78,78,78,78,80,80,80,80,80,82,84,84,84,84,84,84,84,84,84,84,86,86,86,86,86],"relics":["Burning Blood","NeowsBlessing","Golden Idol","Frozen Egg 2","War Paint","Vajra","Philosopher\u0027s Stone","Nilry\u0027s Codex","Gambling Chip","Blood Vial","Bronze Scales","Singing Bowl","Sozu","Shovel","Anchor"],"card_choices":[{"not_picked":["Iron Wave","Dropkick"],"picked":"Infernal Blade","floor":1.0},{"not_picked":["Flex","Rupture"],"picked":"Whirlwind","floor":7.0},{"not_picked":["Feel No Pain","Havoc"],"picked":"Power Through","floor":8.0},{"not_picked":["Brutality","Cleave"],"picked":"Flame Barrier","floor":10.0},{"not_picked":["Thunderclap","Armaments"],"picked":"Seeing Red","floor":14.0},{"not_picked":["Reaper","Double Tap"],"picked":"Offering","floor":16.0},{"not_picked":["Reckless Charge","Anger"],"picked":"Heavy Blade","floor":18.0},{"not_picked":["Flex","Perfected Strike"],"picked":"Feel No Pain","floor":22.0},{"not_picked":["Wild Strike","Cleave"],"picked":"Feel No Pain","floor":24.0},{"not_picked":["Thunderclap","Entrench"],"picked":"Shrug It Off","floor":28.0},{"not_picked":["Brutality","Double Tap"],"picked":"Limit Break","floor":33.0},{"not_picked":["Intimidate","Searing Blow"],"picked":"Body Slam","floor":39.0},{"not_picked":["Battle Trance","Cleave"],"picked":"Flex","floor":41.0},{"not_picked":["Wild Strike","Anger"],"picked":"Body Slam","floor":47.0},{"not_picked":["Good Instincts","Mind Blast"],"picked":"Panache","floor":48.0},{"not_picked":["Madness","Finesse"],"picked":"Secret Technique","floor":48.0},{"not_picked":["Purity","Swift Strike"],"picked":"Transmutation","floor":48.0}],"player_experience":526187,"potions_floor_usage":[50],"damage_taken":[{"damage":0.0,"enemies":"Jaw Worm","floor":1.0,"turns":1.0},{"damage":0.0,"enemies":"3 Sentries","floor":7.0,"turns":2.0},{"damage":0.0,"enemies":"2 Louse","floor":8.0,"turns":1.0},{"damage":28.0,"enemies":"Gremlin Nob","floor":10.0,"turns":5.0},{"damage":0.0,"enemies":"Cultist","floor":14.0,"turns":3.0},{"damage":5.0,"enemies":"Slime Boss","floor":16.0,"turns":9.0},{"damage":24.0,"enemies":"Spheric Guardian","floor":18.0,"turns":4.0},{"damage":4.0,"enemies":"3 Byrds","floor":22.0,"turns":2.0},{"damage":0.0,"enemies":"3 Cultists","floor":24.0,"turns":5.0},{"damage":9.0,"enemies":"Slavers","floor":27.0,"turns":3.0},{"damage":8.0,"enemies":"Snecko","floor":28.0,"turns":4.0},{"damage":4.0,"enemies":"Snake Plant","floor":30.0,"turns":2.0},{"damage":8.0,"enemies":"Automaton","floor":33.0,"turns":8.0},{"damage":4.0,"enemies":"3 Darklings","floor":35.0,"turns":5.0},{"damage":4.0,"enemies":"Orb Walker","floor":36.0,"turns":3.0},{"damage":4.0,"enemies":"Mysterious Sphere","floor":39.0,"turns":3.0},{"damage":4.0,"enemies":"Sphere and 2 Shapes","floor":41.0,"turns":3.0},{"damage":4.0,"enemies":"Maw","floor":46.0,"turns":5.0},{"damage":4.0,"enemies":"4 Shapes","floor":47.0,"turns":1.0},{"damage":15,"enemies":"Time Eater","floor":50,"turns":7}],"event_choices":[{"event_name":"Scrap Ooze","player_choice":"unsuccessful","floor":2.0,"damage_taken":0.0},{"event_name":"Golden Idol","player_choice":"Take Damage","floor":3.0,"damage_taken":0.0},{"event_name":"Upgrade Shrine","player_choice":"Upgraded","floor":5.0,"damage_taken":0.0},{"event_name":"Transmorgrifier","player_choice":"Transform","floor":12.0,"damage_taken":0.0},{"event_name":"Cursed Tome","player_choice":"Obtained Book","floor":19.0,"damage_taken":0.0},{"event_name":"Match and Keep!","player_choice":"1 cards matched","floor":31.0,"damage_taken":0.0},{"event_name":"Mysterious Sphere","player_choice":"Fight","floor":39.0,"damage_taken":0.0},{"event_name":"SensoryStone","player_choice":"Memory 3","floor":48.0,"damage_taken":0.0}],"boss_relics":[],"potions_floor_spawned":[1,7,14,18,22,30,35,41,46],"seed_played":"2558374428508138491","ascension_level":15,"is_trial":false}