{"path_per_floor":["M","M","?","M","M","E","R","M","T","M","?","R","$","M","R","B",null,"M","M","M","?","?","R","$","R","T","E","M","?","$","M","R","B",null,"M","?","M","?","M","R","M","$","T","R","M","$","?","M","R"],"character_chosen":"IRONCLAD","items_purchased":["Bottled Flame","Shrug It Off","Infernal Blade","Evolve","War Paint"],"gold_per_floor":[116,128,128,139,158,188,188,208,254,271,271,271,22,42,42,121,121,141,155,170,170,170,170,84,84,135,170,182,182,70,80,80,154,154,174,174,193,193,203,203,219,119,143,143,163,11,11,31,31,31],"floor_reached":50,"campfire_rested":5,"playtime":3050,"current_hp_per_floor":[53,48,48,51,42,38,38,31,31,29,29,49,49,55,55,35,60,47,44,31,31,31,31,31,51,51,56,62,62,62,24,47,7,60,50,50,20,25,30,53,40,40,40,64,60,60,60,81,81,0],"items_purged":["Strike_R","Injury"],"gold":31,"score":816,"play_id":"fd26a901-c49e-4ba9-8b64-2372e5f3be28","local_time":"20180329161825","is_prod":false,"is_daily":false,"is_ascension_mode":true,"campfire_upgraded":4,"timestamp":1522329505,"path_taken":["M","M","?","M","M","E","R","M","T","M","?","R","$","?","R","BOSS","M","?","M","?","?","R","$","R","T","E","M","?","$","?","R","BOSS","M","?","M","?","M","R","?","$","T","R","M","?","?","?","R","BOSS"],"build_version":"2018-03-22v2","purchased_purges":2,"victory":false,"master_deck":["Strike_R+1","Strike_R+1","Strike_R+1","Strike_R+1","Defend_R+1","Defend_R+1","Defend_R+1","Defend_R+1","Bash+1","AscendersBane","Demon Form+1","Shrug It Off","Sword Boomerang","Wild Strike","Power Through","Ghostly Armor","Armaments+1","Spot Weakness","True Grit+1","Double Tap+1","Dual Wield+1","Whirlwind+1","Shrug It Off","Spot Weakness","Metallicize","Evolve+1","Disarm","Second Wind","Fiend Fire","True Grit+1","Clothesline+1","Reaper"],"max_hp_per_floor":[68,68,68,68,68,68,68,68,68,68,68,68,68,68,68,68,68,68,68,68,68,68,68,68,68,68,78,78,78,78,78,78,78,78,78,78,78,78,78,78,81,81,81,81,81,81,81,81,81,81],"relics":["Burning Blood","Dream Catcher","Pen Nib","Bottled Flame","Sozu","Vajra","Pear","Lizard Tail","Blood Vial","War Paint"],"card_choices":[{"not_picked":["Impervious","Juggernaut"],"picked":"Demon Form","floor":0.0},{"not_picked":["Body Slam","Wild Strike"],"picked":"Shrug It Off","floor":1.0},{"not_picked":["Heavy Blade","Iron Wave"],"picked":"Sword Boomerang","floor":2.0},{"not_picked":["Inflame","Exhume"],"picked":"Wild Strike","floor":4.0},{"not_picked":["Warcry","Iron Wave"],"picked":"Power Through","floor":5.0},{"not_picked":["Intimidate","Flex"],"picked":"Ghostly Armor","floor":6.0},{"not_picked":["Heavy Blade","Flex"],"picked":"Armaments","floor":8.0},{"not_picked":["Body Slam","Bloodletting"],"picked":"Iron Wave","floor":10.0},{"not_picked":["Shrug It Off","Sword Boomerang"],"picked":"Spot Weakness","floor":12.0},{"not_picked":["Wild Strike","Exhume"],"picked":"True Grit","floor":14.0},{"not_picked":["Juggernaut","Bludgeon"],"picked":"Double Tap","floor":16.0},{"not_picked":["Iron Wave","Searing Blow"],"picked":"Dual Wield","floor":18.0},{"not_picked":["Flex","Clash"],"picked":"Whirlwind","floor":20.0},{"not_picked":["True Grit","Body Slam"],"picked":"Spot Weakness","floor":25.0},{"not_picked":["True Grit","Pommel Strike"],"picked":"Metallicize","floor":27.0},{"not_picked":["Headbutt","Body Slam"],"picked":"Disarm","floor":31.0},{"not_picked":["Blood for Blood","Evolve"],"picked":"Second Wind","floor":32.0},{"not_picked":["Impervious","Juggernaut"],"picked":"Fiend Fire","floor":33.0},{"not_picked":["Uppercut","Searing Blow"],"picked":"True Grit","floor":35.0},{"not_picked":["Bloodletting","Clash"],"picked":"Clothesline","floor":40.0},{"not_picked":["Thunderclap","Searing Blow"],"picked":"Reaper","floor":44.0}],"player_experience":500477,"potions_floor_usage":[50],"damage_taken":[{"damage":21.0,"enemies":"Jaw Worm","floor":1.0,"turns":5.0},{"damage":11.0,"enemies":"Small Slimes","floor":2.0,"turns":5.0},{"damage":3.0,"enemies":"Cultist","floor":4.0,"turns":4.0},{"damage":15.0,"enemies":"2 Fungi Beasts","floor":5.0,"turns":3.0},{"damage":10.0,"enemies":"Gremlin Nob","floor":6.0,"turns":4.0},{"damage":13.0,"enemies":"Blue Slaver","floor":8.0,"turns":4.0},{"damage":8.0,"enemies":"3 Louse","floor":10.0,"turns":4.0},{"damage":0.0,"enemies":"Exordium Wildlife","floor":14.0,"turns":3.0},{"damage":26.0,"enemies":"Slime Boss","floor":16.0,"turns":9.0},{"damage":19.0,"enemies":"2 Thieves","floor":18.0,"turns":4.0},{"damage":9.0,"enemies":"3 Byrds","floor":19.0,"turns":7.0},{"damage":19.0,"enemies":"Centurion and Healer","floor":20.0,"turns":5.0},{"damage":11.0,"enemies":"Book of Stabbing","floor":27.0,"turns":4.0},{"damage":0.0,"enemies":"Sentry and Sphere","floor":28.0,"turns":3.0},{"damage":44.0,"enemies":"Cultist and Chosen","floor":31.0,"turns":6.0},{"damage":46.0,"enemies":"Champ","floor":33.0,"turns":9.0},{"damage":16.0,"enemies":"Orb Walker","floor":35.0,"turns":2.0},{"damage":36.0,"enemies":"3 Darklings","floor":37.0,"turns":6.0},{"damage":1.0,"enemies":"Sphere and 2 Shapes","floor":39.0,"turns":6.0},{"damage":22.0,"enemies":"4 Shapes","floor":41.0,"turns":11.0},{"damage":40.0,"enemies":"Maw","floor":45.0,"turns":12.0},{"damage":33.0,"enemies":"Sphere and 2 Shapes","floor":48.0,"turns":22.0},{"damage":96,"enemies":"Awakened One","floor":50,"turns":4}],"event_choices":[{"event_name":"Scrap Ooze","player_choice":"unsuccessful","floor":3.0,"damage_taken":0.0},{"event_name":"Living Wall","player_choice":"Grow","floor":11.0,"damage_taken":0.0},{"event_name":"Beggar","player_choice":"Ignored","floor":21.0,"damage_taken":0.0},{"event_name":"Back to Basics","player_choice":"Simplicity","floor":22.0,"damage_taken":0.0},{"event_name":"Drug Dealer","player_choice":"Ignored","floor":29.0,"damage_taken":0.0},{"event_name":"Accursed Blacksmith","player_choice":"Forge","floor":36.0,"damage_taken":0.0},{"event_name":"Bonfire Elementals","player_choice":"COMMON","floor":38.0,"damage_taken":0.0}],"boss_relics":[],"potions_floor_spawned":[2,4,5,19,27,35,45,48],"seed_played":"-9093534362961174459","killed_by":"Awakened One","ascension_level":15,"is_trial":false}