{"path_per_floor":["M","?","M","?","?","R","E","R","T","E","?","$","T","M","R","B",null,"M","M","M","$","?","R","?","M","T","R","E","M","?","M","R","B",null,"M","$","M","?","?","E","R","E","T","M","M","E","?","?","R","B"],"character_chosen":"IRONCLAD","items_purchased":["Whirlwind","Meat on the Bone","Lee\u0027s Waffle","Strawberry"],"gold_per_floor":[112,112,123,123,123,123,149,149,204,230,305,11,11,28,28,103,103,120,138,158,158,158,158,358,374,398,398,429,442,442,458,458,535,535,551,126,137,137,137,168,168,195,195,213,224,254,254,0,0,0],"floor_reached":51,"campfire_rested":4,"playtime":2186,"current_hp_per_floor":[63,63,68,68,50,50,54,54,54,41,30,30,30,48,74,66,83,75,73,61,61,61,61,61,56,56,56,67,74,74,63,103,38,93,101,125,121,121,121,74,127,115,115,91,95,83,75,75,132,23],"items_purged":["Decay"],"gold":0,"score":1344,"play_id":"e3d10de2-5610-4647-8d5f-3dba1f988794","local_time":"20180401124834","is_prod":false,"is_daily":false,"is_ascension_mode":true,"campfire_upgraded":4,"timestamp":1522576114,"path_taken":["M","?","M","?","?","R","E","R","T","E","?","$","?","M","R","BOSS","M","M","M","$","?","R","?","M","T","R","E","M","?","M","R","BOSS","M","$","M","?","?","E","R","E","T","M","M","E","?","?","R","BOSS"],"build_version":"2018-03-29v2","purchased_purges":1,"victory":true,"master_deck":["Strike_R+1","Strike_R+1","Strike_R+1","Strike_R+1","Strike_R+1","Defend_R+1","Defend_R+1","Defend_R+1","Defend_R+1","Bash","AscendersBane","Clash","Carnage+1","Uppercut+1","Feed+1","Spot Weakness","Whirlwind+1","Metallicize","Offering+1","Evolve","Shockwave","Feel No Pain","Flame Barrier+1","Limit Break","Whirlwind+1","Battle Trance+1","Double Tap","Offering+1","Spot Weakness+1","Decay","Power Through+1","Jack Of All Trades","Deep Breath"],"max_hp_per_floor":[75,75,75,75,75,75,89,89,89,89,89,89,89,89,89,89,89,91,91,95,95,95,95,95,95,95,95,97,103,103,103,103,103,109,111,125,125,125,125,127,127,131,131,131,133,139,141,141,141,141],"relics":["Burning Blood","Singing Bowl","Happy Flower","Mango","Juzu Bracelet","Du-Vu Doll","Meat on the Bone","Sundial","Cursed Key","Regal Pillow","Dodecahedron","Orrery","Lee\u0027s Waffle","Strawberry","Anchor","Shovel","Thread and Needle","Unceasing Top","Red Mask"],"card_choices":[{"not_picked":["Pommel Strike","Disarm"],"picked":"Clash","floor":1.0},{"not_picked":["True Grit","Body Slam"],"picked":"Uppercut","floor":3.0},{"not_picked":["Combust","Burning Pact"],"picked":"Feed","floor":7.0},{"not_picked":["Battle Trance","Perfected Strike"],"picked":"Spot Weakness","floor":10.0},{"not_picked":["Body Slam","Sword Boomerang"],"picked":"Metallicize","floor":14.0},{"not_picked":["Berserk","Exhume"],"picked":"Offering","floor":16.0},{"not_picked":["Burning Pact","Heavy Blade"],"picked":"Evolve","floor":19.0},{"not_picked":["Fire Breathing","Perfected Strike"],"picked":"Shockwave","floor":20.0},{"not_picked":["Pommel Strike","Cleave"],"picked":"Feel No Pain","floor":25.0},{"not_picked":["Headbutt","Flex"],"picked":"Flame Barrier","floor":31.0},{"not_picked":["Brutality","Fiend Fire"],"picked":"Limit Break","floor":33},{"not_picked":["Thunderclap","Rampage"],"picked":"Whirlwind","floor":34},{"not_picked":["Body Slam","Anger"],"picked":"Battle Trance","floor":34},{"not_picked":["Twin Strike","Sword Boomerang"],"picked":"Double Tap","floor":37},{"not_picked":["Flex","Armaments"],"picked":"Spot Weakness","floor":42},{"not_picked":["Pommel Strike","Cleave"],"picked":"Power Through","floor":44},{"not_picked":["Bandage Up","Dramatic Entrance"],"picked":"Jack Of All Trades","floor":47},{"not_picked":["Purity","Bandage Up"],"picked":"Deep Breath","floor":47}],"player_experience":534517,"potions_floor_usage":[33,50,50,50],"damage_taken":[{"damage":11.0,"enemies":"Jaw Worm","floor":1.0,"turns":5.0},{"damage":1.0,"enemies":"Cultist","floor":3.0,"turns":3.0},{"damage":16.0,"enemies":"Gremlin Nob","floor":7.0,"turns":3.0},{"damage":25.0,"enemies":"Lagavulin","floor":10.0,"turns":5.0},{"damage":0.0,"enemies":"2 Louse","floor":14.0,"turns":1.0},{"damage":14.0,"enemies":"Slime Boss","floor":16.0,"turns":9.0},{"damage":16.0,"enemies":"Chosen","floor":18.0,"turns":3.0},{"damage":8.0,"enemies":"Spheric Guardian","floor":19.0,"turns":3.0},{"damage":22.0,"enemies":"Snake Plant","floor":20.0,"turns":2.0},{"damage":11.0,"enemies":"Sentry and Sphere","floor":25.0,"turns":3.0},{"damage":9.0,"enemies":"Book of Stabbing","floor":28.0,"turns":3.0},{"damage":5.0,"enemies":"Centurion and Healer","floor":29.0,"turns":3.0},{"damage":17.0,"enemies":"Cultist and Chosen","floor":31.0,"turns":5.0},{"damage":87,"enemies":"Champ","floor":33,"turns":16},{"damage":0,"enemies":"3 Shapes","floor":35,"turns":2},{"damage":10,"enemies":"3 Darklings","floor":37,"turns":3},{"damage":67,"enemies":"Nemesis","floor":40,"turns":9},{"damage":22,"enemies":"Giant Head","floor":42,"turns":6},{"damage":30,"enemies":"Maw","floor":44,"turns":7},{"damage":4,"enemies":"4 Shapes","floor":45,"turns":1},{"damage":36,"enemies":"2 Orb Walkers","floor":46,"turns":4},{"damage":127,"enemies":"Awakened One","floor":50,"turns":11}],"event_choices":[{"event_name":"Match and Keep!","player_choice":"1 cards matched","floor":2.0,"damage_taken":0.0},{"event_name":"Living Wall","player_choice":"Grow","floor":4.0,"damage_taken":0.0},{"event_name":"Scrap Ooze","player_choice":"success","floor":5.0,"damage_taken":18.0},{"event_name":"World of Goop","player_choice":"Gather Gold","floor":11.0,"damage_taken":0.0},{"event_name":"Back to Basics","player_choice":"Simplicity","floor":22.0,"damage_taken":0.0},{"event_name":"Wheel of Change","player_choice":"Gold","floor":24.0,"damage_taken":0.0},{"event_name":"The Lab","player_choice":"Got Potions","floor":30.0,"damage_taken":0.0},{"event_name":"Duplicator","player_choice":"One dupe","floor":38,"damage_taken":0},{"event_name":"SecretPortal","player_choice":"Rejected Portal.","floor":39,"damage_taken":0},{"event_name":"SensoryStone","player_choice":"Memory 3","floor":47,"damage_taken":0},{"event_name":"Tomb of Lord Red Mask","player_choice":"Paid","floor":48,"damage_taken":0}],"boss_relics":[{"not_picked":["White Beast Statue","Runic Cube"],"picked":"Orrery"}],"potions_floor_spawned":[3,10,19,29,31,33,40,44,45],"seed_played":"7395829297323067503","ascension_level":15,"is_trial":false}