{"path_per_floor":["M","M","M","$","?","E","R","?","T","R","$","E","M","M","R"],"character_chosen":"IRONCLAD","items_purchased":["Mummified Hand"],"gold_per_floor":[111,124,144,144,294,319,319,319,342,342,19,47,67,81,81,81],"floor_reached":16,"campfire_rested":2,"playtime":737,"current_hp_per_floor":[71,63,65,65,65,9,33,33,33,57,57,43,49,51,51,0],"items_purged":["Doubt"],"gold":81,"score":193,"play_id":"84122f42-72b3-48a7-86b9-fa1546215f84","local_time":"20180401005441","is_prod":false,"is_daily":false,"is_ascension_mode":true,"campfire_upgraded":1,"timestamp":1522533281,"path_taken":["M","M","?","$","?","E","R","?","T","R","$","E","?","M","R","BOSS"],"build_version":"2018-03-29v2","purchased_purges":1,"victory":false,"master_deck":["Strike_R","Strike_R","Strike_R","Strike_R","Strike_R","Defend_R","Defend_R","Defend_R","Defend_R","Bash+1","AscendersBane","Spot Weakness","Whirlwind","Iron Wave","Decay","Rupture","Rupture","Feel No Pain"],"max_hp_per_floor":[82,82,82,82,82,82,82,82,82,82,82,82,82,82,82,82],"relics":["Burning Blood","Letter Opener","Lantern","Mummified Hand","The Courier"],"card_choices":[{"not_picked":["Thunderclap","Perfected Strike"],"picked":"Spot Weakness","floor":2.0},{"not_picked":["Burning Pact","Power Through"],"picked":"Whirlwind","floor":3.0},{"not_picked":["Pommel Strike","Intimidate"],"picked":"Iron Wave","floor":6.0},{"not_picked":["Heavy Blade","Rage"],"picked":"Rupture","floor":12.0},{"not_picked":["Thunderclap","Perfected Strike"],"picked":"Rupture","floor":13.0},{"not_picked":["Battle Trance","Shrug It Off"],"picked":"Feel No Pain","floor":14.0}],"player_experience":530654,"potions_floor_usage":[],"damage_taken":[{"damage":10.0,"enemies":"Cultist","floor":1.0,"turns":5.0},{"damage":14.0,"enemies":"Jaw Worm","floor":2.0,"turns":5.0},{"damage":4.0,"enemies":"Small Slimes","floor":3.0,"turns":4.0},{"damage":62.0,"enemies":"Lagavulin","floor":6.0,"turns":8.0},{"damage":20.0,"enemies":"3 Sentries","floor":12.0,"turns":6.0},{"damage":0.0,"enemies":"2 Fungi Beasts","floor":13.0,"turns":3.0},{"damage":4.0,"enemies":"Red Slaver","floor":14.0,"turns":2.0},{"damage":55,"enemies":"The Guardian","floor":16,"turns":9}],"event_choices":[{"event_name":"Liars Game","player_choice":"agreed","floor":5.0,"damage_taken":0.0},{"event_name":"Wheel of Change","player_choice":"Curse","floor":8.0,"damage_taken":0.0}],"boss_relics":[],"potions_floor_spawned":[1,2,13],"seed_played":"-1411264252565661744","killed_by":"The Guardian","ascension_level":15,"is_trial":false}