{"path_per_floor":["M","M","M","?","M","R","M","R","T","E","M","E","?","M","R"],"character_chosen":"IRONCLAD","items_purchased":[],"gold_per_floor":[117,129,149,149,164,164,189,189,212,247,267,310,310,330,330,330],"floor_reached":16,"campfire_rested":0,"playtime":489,"current_hp_per_floor":[88,88,88,66,62,62,61,61,61,42,45,11,11,17,17,0],"items_purged":[],"gold":330,"score":114,"play_id":"a163d407-f7d3-4e7a-be0b-1485be7334a1","local_time":"20180410174448","is_prod":false,"is_daily":false,"is_ascension_mode":false,"campfire_upgraded":3,"timestamp":1523371488,"path_taken":["M","?","M","?","M","R","M","R","T","E","M","E","?","M","R","BOSS"],"build_version":"2018-04-05v2","purchased_purges":0,"victory":false,"master_deck":["Strike_R","Strike_R","Strike_R","Strike_R","Strike_R","Defend_R","Defend_R","Defend_R","Defend_R","Bash+1","Whirlwind+1","Ghostly Armor","Double Tap","Flex","True Grit+1","Heavy Blade","Uppercut+1"],"max_hp_per_floor":[88,88,88,88,88,88,88,88,88,88,88,88,88,88,88,88],"relics":["Burning Blood","Golden Idol","Bronze Scales","Prayer Wheel","Omamori"],"card_choices":[{"not_picked":["Rage","Clash"],"picked":"Whirlwind","floor":1},{"not_picked":["Heavy Blade","Cleave"],"picked":"Ghostly Armor","floor":2},{"not_picked":["Clash","Perfected Strike"],"picked":"Double Tap","floor":3},{"not_picked":["Thunderclap","Warcry"],"picked":"Flex","floor":5},{"not_picked":["Sword Boomerang","Headbutt"],"picked":"True Grit","floor":7},{"not_picked":["Evolve","Pommel Strike"],"picked":"Heavy Blade","floor":12},{"not_picked":["Shrug It Off","Spot Weakness"],"picked":"Uppercut","floor":14}],"player_experience":341794,"potions_floor_usage":[12,16,16],"damage_taken":[{"damage":6,"enemies":"Cultist","floor":1,"turns":3},{"damage":5,"enemies":"2 Louse","floor":2,"turns":2},{"damage":1,"enemies":"Small Slimes","floor":3,"turns":4},{"damage":10,"enemies":"Looter","floor":5,"turns":3},{"damage":7,"enemies":"Large Slime","floor":7,"turns":5},{"damage":25,"enemies":"Gremlin Nob","floor":10,"turns":4},{"damage":3,"enemies":"Exordium Thugs","floor":11,"turns":4},{"damage":40,"enemies":"Lagavulin","floor":12,"turns":6},{"damage":0,"enemies":"Exordium Wildlife","floor":14,"turns":4},{"damage":17,"enemies":"The Guardian","floor":16,"turns":8}],"event_choices":[{"event_name":"Golden Idol","player_choice":"Take Damage","floor":4,"damage_taken":0},{"event_name":"Living Wall","player_choice":"Grow","floor":13,"damage_taken":0}],"boss_relics":[],"potions_floor_spawned":[1,5,10,11],"seed_played":"3709546698231315334","killed_by":"The Guardian","ascension_level":0,"is_trial":false}