{"path_per_floor":["M","?","M","M","$","R","E","R","T","M","M","?","M","M","R","B",null,"M","$","?","?","M","E","M","R","T","M","?","?","M","$","R","B",null,"M","M","?","M","?","R","M","R","T","R","?","M","E","$","R","B"],"character_chosen":"IRONCLAD","items_purchased":["Evolve","Whirlwind","Inflame","Bag of Marbles"],"gold_per_floor":[115,115,127,146,32,32,65,65,65,75,91,91,110,126,126,197,197,212,144,144,69,89,122,140,140,140,158,158,158,173,21,21,94,94,104,116,116,132,132,132,143,143,169,169,139,152,179,104,104,104],"floor_reached":51,"campfire_rested":1,"playtime":1968,"current_hp_per_floor":[68,68,62,68,68,68,51,51,51,57,45,82,79,82,82,22,67,55,55,55,55,57,39,45,45,59,43,22,22,13,13,41,29,79,81,75,75,55,55,55,55,55,55,55,55,86,90,90,90,96],"items_purged":["Strike_R"],"gold":104,"score":1281,"play_id":"4fed3e24-7dcf-4e51-a8b4-4a1b04901353","local_time":"20180410155539","is_prod":false,"is_daily":false,"is_ascension_mode":true,"campfire_upgraded":8,"timestamp":1523364939,"path_taken":["M","?","M","M","$","R","E","R","T","M","M","?","M","M","R","BOSS","M","$","?","?","?","E","M","R","T","M","?","?","M","$","R","BOSS","M","M","?","M","?","R","M","R","T","R","?","M","E","$","R","BOSS"],"build_version":"2018-04-05v2","purchased_purges":1,"victory":true,"master_deck":["Strike_R","Strike_R","Strike_R","Strike_R","Defend_R","Defend_R","Defend_R","Defend_R","Bash+1","AscendersBane","Shrug It Off","Havoc+1","Battle Trance","Evolve","Whirlwind+1","Offering+1","Flex","Shrug It Off","Clothesline","Fiend Fire+1","Limit Break","Inflame","Flex+1","Limit Break+1","Reaper","Shrug It Off+1","Corruption+1","Pummel+1","Shrug It Off","Sword Boomerang+1","Feel No Pain+1"],"max_hp_per_floor":[82,82,82,82,82,82,82,82,82,82,82,82,82,82,82,82,82,82,82,82,82,82,82,82,82,96,96,96,96,96,96,96,96,96,96,96,96,96,96,96,96,96,96,96,96,96,96,96,96,96],"relics":["Burning Blood","Prayer Wheel","Paper Frog","Sozu","Bag of Preparation","Mango","Nilry\u0027s Codex","Bag of Marbles","Runic Cube","Blood Vial","Orichalcum"],"card_choices":[{"not_picked":["Thunderclap","Flex"],"picked":"Shrug It Off","floor":1.0},{"not_picked":["Anger","Bloodletting"],"picked":"Havoc","floor":3.0},{"not_picked":["Iron Wave","Anger"],"picked":"Battle Trance","floor":4.0},{"not_picked":["Uppercut","Twin Strike"],"picked":"Offering","floor":7.0},{"not_picked":["Rage","Cleave"],"picked":"Flex","floor":9.0},{"not_picked":["Flex","Sword Boomerang"],"picked":"Shrug It Off","floor":10.0},{"not_picked":["Dual Wield","Iron Wave"],"picked":"Clothesline","floor":13.0},{"not_picked":["Shrug It Off","Armaments"],"picked":"Fiend Fire","floor":14.0},{"not_picked":["Fiend Fire","Juggernaut"],"picked":"Limit Break","floor":16.0},{"not_picked":["Fiend Fire","Dropkick"],"picked":"Flex","floor":23.0},{"not_picked":["Thunderclap","Anger"],"picked":"Limit Break","floor":24.0},{"not_picked":["Anger","Disarm"],"picked":"Rampage","floor":26.0},{"not_picked":["Armaments","Clash"],"picked":"Reaper","floor":30.0},{"not_picked":["Uppercut","Rupture"],"picked":"Shrug It Off","floor":35},{"not_picked":["Shrug It Off","Clothesline"],"picked":"Corruption","floor":36},{"not_picked":["Wild Strike","True Grit"],"picked":"Pummel","floor":38},{"not_picked":["Sword Boomerang","Twin Strike"],"picked":"Shrug It Off","floor":41},{"not_picked":["Shrug It Off","Twin Strike"],"picked":"Sword Boomerang","floor":43},{"not_picked":["Juggernaut","Rupture"],"picked":"Feel No Pain","floor":46}],"player_experience":338053,"potions_floor_usage":[33,50],"damage_taken":[{"damage":13.0,"enemies":"Jaw Worm","floor":1.0,"turns":5.0},{"damage":12.0,"enemies":"Small Slimes","floor":3.0,"turns":4.0},{"damage":0.0,"enemies":"Cultist","floor":4.0,"turns":3.0},{"damage":23.0,"enemies":"3 Sentries","floor":7.0,"turns":5.0},{"damage":0.0,"enemies":"2 Fungi Beasts","floor":10.0,"turns":1.0},{"damage":18.0,"enemies":"Large Slime","floor":11.0,"turns":5.0},{"damage":9.0,"enemies":"Blue Slaver","floor":13.0,"turns":4.0},{"damage":0.0,"enemies":"2 Fungi Beasts","floor":14.0,"turns":1.0},{"damage":66.0,"enemies":"The Guardian","floor":16.0,"turns":10.0},{"damage":18.0,"enemies":"Shell Parasite","floor":18.0,"turns":5.0},{"damage":4.0,"enemies":"Spheric Guardian","floor":22.0,"turns":1.0},{"damage":24.0,"enemies":"Book of Stabbing","floor":23.0,"turns":4.0},{"damage":0.0,"enemies":"Centurion and Healer","floor":24.0,"turns":3.0},{"damage":22.0,"enemies":"Snecko","floor":27.0,"turns":3.0},{"damage":15.0,"enemies":"Sentry and Sphere","floor":30.0,"turns":3.0},{"damage":53,"enemies":"Champ","floor":33,"turns":7},{"damage":4,"enemies":"Orb Walker","floor":35,"turns":1},{"damage":12,"enemies":"3 Shapes","floor":36,"turns":1},{"damage":26,"enemies":"3 Darklings","floor":38,"turns":2},{"damage":9,"enemies":"Sphere and 2 Shapes","floor":41,"turns":3},{"damage":16,"enemies":"4 Shapes","floor":46,"turns":4},{"damage":4,"enemies":"Giant Head","floor":47,"turns":4},{"damage":31,"enemies":"Donu and Deca","floor":50,"turns":7}],"event_choices":[{"event_name":"Living Wall","player_choice":"Grow","floor":2.0,"damage_taken":0.0},{"event_name":"Wheel of Change","player_choice":"Full Heal","floor":12.0,"damage_taken":0.0},{"event_name":"Forgotten Altar","player_choice":"Smashed Altar","floor":20.0,"damage_taken":0.0},{"event_name":"Beggar","player_choice":"Gave Gold","floor":21.0,"damage_taken":0.0},{"event_name":"Cursed Tome","player_choice":"Obtained Book","floor":28.0,"damage_taken":0.0},{"event_name":"Upgrade Shrine","player_choice":"Upgraded","floor":29.0,"damage_taken":0.0},{"event_name":"SecretPortal","player_choice":"Rejected Portal.","floor":39,"damage_taken":0},{"event_name":"The Woman in Blue","player_choice":"Bought 2 Potions","floor":45,"damage_taken":0}],"boss_relics":[{"not_picked":["Pandora\u0027s Box","Runic Pyramid"],"picked":"Runic Cube"}],"potions_floor_spawned":[4,7,16,22,24,38,46],"seed_played":"-148367266599339879","ascension_level":15,"is_trial":false}