{"path_per_floor":["M","?","?","?","M","R","M","M","T","?","M","$","E","M","R","B",null,"M","$","M","?","M"],"character_chosen":"IRONCLAD","items_purchased":["Molten Egg 2"],"gold_per_floor":[213,213,213,363,381,381,401,411,411,411,421,89,117,127,127,198,198,218,218,237,237,255,255],"floor_reached":23,"campfire_rested":0,"playtime":953,"current_hp_per_floor":[68,61,61,61,60,60,62,64,64,60,49,49,39,45,45,13,60,36,36,32,32,19,0],"items_purged":["Doubt"],"gold":255,"score":338,"play_id":"f44d1f47-41a1-4ad8-bd7f-fcc4fd7d2c54","local_time":"20180412160923","is_prod":false,"is_daily":false,"is_ascension_mode":true,"campfire_upgraded":2,"timestamp":1523538563,"path_taken":["M","?","?","?","M","R","M","M","T","?","M","$","E","M","R","BOSS","M","$","M","?","M","E"],"build_version":"2018-04-05v2","purchased_purges":1,"victory":false,"master_deck":["Strike_R","Strike_R","Defend_R","Defend_R","Defend_R","Bash+1","AscendersBane","Flex","Carnage+1","Shockwave+1","Flame Barrier","Offering","Flex+1","Barricade+1","Exhume+1","Seeing Red"],"max_hp_per_floor":[75,75,75,75,75,75,75,75,75,75,75,75,75,75,75,75,75,75,75,75,75,75,75],"relics":["Burning Blood","Gambling Chip","Molten Egg 2","Bird Faced Urn","Astrolabe"],"card_choices":[{"not_picked":["Clothesline","Clash"],"picked":"Flex","floor":1},{"not_picked":["Dropkick","Pummel"],"picked":"Carnage","floor":5},{"not_picked":["Evolve","Clash"],"picked":"Shockwave","floor":11},{"not_picked":["Brutality","Anger"],"picked":"Flame Barrier","floor":13},{"not_picked":["Exhume","Reaper"],"picked":"Offering","floor":16},{"not_picked":["Clash","Sword Boomerang"],"picked":"Seeing Red","floor":18}],"player_experience":364846,"potions_floor_usage":[16,16],"damage_taken":[{"damage":6,"enemies":"2 Louse","floor":1,"turns":4},{"damage":7,"enemies":"Small Slimes","floor":5,"turns":4},{"damage":4,"enemies":"Jaw Worm","floor":7,"turns":3},{"damage":4,"enemies":"Exordium Wildlife","floor":8,"turns":4},{"damage":17,"enemies":"3 Louse","floor":11,"turns":4},{"damage":16,"enemies":"Gremlin Nob","floor":13,"turns":4},{"damage":0,"enemies":"Large Slime","floor":14,"turns":2},{"damage":38,"enemies":"Hexaghost","floor":16,"turns":9},{"damage":32,"enemies":"Spheric Guardian","floor":18,"turns":5},{"damage":10,"enemies":"3 Byrds","floor":20,"turns":4},{"damage":21,"enemies":"3 Cultists","floor":22,"turns":6},{"damage":22,"enemies":"Book of Stabbing","floor":23,"turns":4}],"event_choices":[{"event_name":"Golden Wing","player_choice":"Card Removal","floor":2,"damage_taken":0},{"event_name":"Living Wall","player_choice":"Grow","floor":3,"damage_taken":0},{"event_name":"Liars Game","player_choice":"agreed","floor":4,"damage_taken":0},{"event_name":"The Woman in Blue","player_choice":"Bought 0 Potions","floor":10,"damage_taken":0},{"event_name":"Vampires","player_choice":"Ignored","floor":21,"damage_taken":0}],"boss_relics":[{"not_picked":["Eternal Feather","Orrery"],"picked":"Astrolabe"}],"potions_floor_spawned":[7,13,14,16,18,20],"seed_played":"7023235283100113373","killed_by":"Book of Stabbing","ascension_level":15,"is_trial":false}