{"path_per_floor":["M","?","?","M","$","R","E","R","T","M","M","M","M","$","R","B",null,"M","M","?","M","$","R","?","M","T","M","M","?","?","M","R"],"character_chosen":"IRONCLAD","items_purchased":["Carnage","Power Through"],"gold_per_floor":[109,184,184,194,86,86,118,118,118,133,144,156,169,94,94,165,165,176,194,109,124,124,124,124,138,138,152,172,422,422,433,433,433],"floor_reached":33,"campfire_rested":1,"playtime":1326,"current_hp_per_floor":[51,40,40,31,31,31,20,20,20,26,28,34,40,40,40,29,58,64,61,61,49,49,49,49,39,39,45,36,36,36,16,55,0],"items_purged":["Decay"],"gold":433,"score":439,"play_id":"53820800-800b-42c4-8759-d3975a382dbf","local_time":"20180412233358","is_prod":false,"is_daily":false,"is_ascension_mode":true,"campfire_upgraded":4,"timestamp":1523565238,"path_taken":["M","?","?","M","$","R","E","R","T","M","M","?","M","$","R","BOSS","M","M","?","M","$","R","?","M","T","?","M","?","?","M","R","BOSS"],"build_version":"2018-04-05v2","purchased_purges":2,"victory":false,"master_deck":["Strike_R","Strike_R","Strike_R","Strike_R","Strike_R","Defend_R","Defend_R","Defend_R","Defend_R","Bash+1","AscendersBane","Metallicize+1","Flame Barrier","Carnage+1","Power Through","Perfected Strike","Headbutt","True Grit+1","Feed","Disarm+1","Offering","Shockwave+1","Ghostly Armor"],"max_hp_per_floor":[68,68,68,68,68,68,68,68,68,68,68,68,68,68,68,68,68,68,71,71,74,74,74,74,77,77,77,80,80,80,83,83,83],"relics":["Burning Blood","Ginger","Bag of Marbles","Omamori","Cursed Key","Regal Pillow","Oddly Smooth Stone"],"card_choices":[{"not_picked":["Power Through","Armaments"],"picked":"Metallicize","floor":1},{"not_picked":["Wild Strike","Juggernaut"],"picked":"Flame Barrier","floor":4},{"not_picked":["Sever Soul","Headbutt"],"picked":"Perfected Strike","floor":7},{"not_picked":["Warcry","Clothesline"],"picked":"Headbutt","floor":10},{"not_picked":["Blood for Blood","Clothesline"],"picked":"True Grit","floor":12},{"not_picked":["Dark Embrace","Exhume"],"picked":"Feed","floor":16},{"not_picked":["Thunderclap","Clash"],"picked":"Disarm","floor":19},{"not_picked":["Flex","Clash"],"picked":"Shockwave","floor":27},{"not_picked":["Body Slam","Pummel"],"picked":"Ghostly Armor","floor":28}],"player_experience":373584,"potions_floor_usage":[16,25,31,33],"damage_taken":[{"damage":23,"enemies":"Jaw Worm","floor":1,"turns":6},{"damage":15,"enemies":"Small Slimes","floor":4,"turns":5},{"damage":17,"enemies":"3 Sentries","floor":7,"turns":15},{"damage":0,"enemies":"Cultist","floor":10,"turns":3},{"damage":4,"enemies":"Lots of Slimes","floor":11,"turns":5},{"damage":0,"enemies":"Red Slaver","floor":12,"turns":3},{"damage":0,"enemies":"2 Fungi Beasts","floor":13,"turns":2},{"damage":17,"enemies":"Slime Boss","floor":16,"turns":11},{"damage":0,"enemies":"Chosen","floor":18,"turns":4},{"damage":12,"enemies":"3 Byrds","floor":19,"turns":6},{"damage":21,"enemies":"Centurion and Healer","floor":21,"turns":6},{"damage":19,"enemies":"3 Cultists","floor":25,"turns":6},{"damage":0,"enemies":"Snake Plant","floor":27,"turns":2},{"damage":18,"enemies":"Chosen and Byrds","floor":28,"turns":6},{"damage":29,"enemies":"Sentry and Sphere","floor":31,"turns":6},{"damage":91,"enemies":"Collector","floor":33,"turns":7}],"event_choices":[{"event_name":"World of Goop","player_choice":"Gather Gold","floor":2,"damage_taken":0},{"event_name":"Wheel of Change","player_choice":"Curse","floor":3,"damage_taken":0},{"event_name":"Addict","player_choice":"Obtained Relic","floor":20,"damage_taken":0},{"event_name":"The Library","player_choice":"Read","floor":24,"damage_taken":0},{"event_name":"Golden Shrine","player_choice":"Desecrate","floor":29,"damage_taken":0},{"event_name":"Ghosts","player_choice":"Ignored","floor":30,"damage_taken":0}],"boss_relics":[{"not_picked":["Lizard Tail","Ectoplasm"],"picked":"Cursed Key"}],"potions_floor_spawned":[1,4,12,16,18,19,25],"seed_played":"4709068333964490389","killed_by":"Collector","ascension_level":15,"is_trial":false}