{"path_per_floor":["M","M","$","?","M","$","M","$","T","R","?","E","M","M","R","B",null,"M","$","M","?","?","R","E","M","T","E","R","M","R","M","R","B",null,"M","M","?","$","M","R","$","M","T","E","?","E","M","M","R","B"],"character_chosen":"IRONCLAD","items_purchased":["Feed","Limit Break","Dead Branch","Rampage","Bottled Tornado"],"gold_per_floor":[109,119,47,222,241,166,186,118,171,171,171,205,217,234,234,332,332,351,4,21,21,21,21,46,64,143,168,168,180,180,195,195,291,291,305,316,316,73,83,83,83,101,124,183,183,215,232,245,245,245],"floor_reached":51,"campfire_rested":2,"playtime":3672,"current_hp_per_floor":[88,88,88,88,88,88,85,85,85,85,85,56,60,68,68,31,97,83,83,66,66,66,66,46,50,50,40,40,36,72,73,73,19,120,111,108,98,98,95,95,95,99,99,92,92,61,58,62,98,106],"items_purged":["Doubt"],"gold":245,"score":874,"play_id":"4e2c2bd5-1278-4f22-97c1-3261daf9ca58","local_time":"20180412224903","is_prod":false,"is_daily":false,"is_ascension_mode":false,"campfire_upgraded":6,"timestamp":1523562543,"path_taken":["M","M","$","?","?","?","M","$","T","R","?","E","?","M","R","BOSS","M","$","M","?","?","R","E","M","T","E","R","?","R","M","R","BOSS","M","M","?","$","M","R","$","M","T","E","?","E","M","M","R","BOSS"],"build_version":"2018-04-05v2","purchased_purges":1,"victory":true,"master_deck":["Strike_R","Strike_R","Strike_R","Strike_R","Strike_R","Defend_R","Defend_R","Defend_R","Defend_R","Bash+1","Shrug It Off","Disarm+1","Feed","Shockwave+1","Limit Break+1","True Grit","Evolve","Offering+1","Perfected Strike","Feel No Pain","Headbutt","Flex","Rampage","Feel No Pain+1","Seeing Red+1","Impervious","Offering+1","Body Slam+1","Armaments+1","Apotheosis","Thinking Ahead","True Grit+1","True Grit+1"],"max_hp_per_floor":[88,88,88,88,88,88,88,88,88,88,88,91,94,97,97,97,97,97,97,100,100,100,100,103,106,106,120,120,120,120,120,120,120,120,120,120,120,120,120,120,120,120,120,120,120,120,123,123,123,127],"relics":["Burning Blood","Anchor","Pen Nib","Lantern","Orrery","Dead Branch","Torii","Letter Opener","Mango","Snecko Eye","Bottled Tornado","Bag of Marbles","Tiny Chest","Juzu Bracelet"],"card_choices":[{"not_picked":["Wild Strike","Sentinel"],"picked":"Shrug It Off","floor":1},{"not_picked":["Dropkick","Burning Pact"],"picked":"Disarm","floor":2},{"not_picked":["Anger","Flex"],"picked":"Shockwave","floor":7},{"not_picked":["Heavy Blade","Cleave"],"picked":"True Grit","floor":13},{"not_picked":["Sword Boomerang","Rupture"],"picked":"Evolve","floor":14},{"not_picked":["Double Tap","Dark Embrace"],"picked":"Offering","floor":16},{"not_picked":["Bloodletting","Sword Boomerang"],"picked":"Perfected Strike","floor":17},{"not_picked":["Body Slam","Reckless Charge"],"picked":"Feel No Pain","floor":17},{"not_picked":["Warcry","Intimidate"],"picked":"Headbutt","floor":17},{"not_picked":["Warcry","Heavy Blade"],"picked":"Flex","floor":18},{"not_picked":["Sword Boomerang","Body Slam"],"picked":"Feel No Pain","floor":20},{"not_picked":["Wild Strike","Cleave"],"picked":"Seeing Red","floor":24},{"not_picked":["Perfected Strike","Hemokinesis"],"picked":"Impervious","floor":29},{"not_picked":["Bludgeon","Exhume"],"picked":"Offering","floor":33},{"not_picked":["Heavy Blade","Hemokinesis"],"picked":"Body Slam","floor":35},{"not_picked":["Heavy Blade","Intimidate"],"picked":"Armaments","floor":36},{"not_picked":["Dark Shackles","Finesse"],"picked":"Apotheosis","floor":37},{"not_picked":["Apotheosis","Enlightenment"],"picked":"Thinking Ahead","floor":37},{"not_picked":["Feel No Pain","Warcry"],"picked":"True Grit","floor":47},{"not_picked":["Hemokinesis","Dual Wield"],"picked":"True Grit","floor":48}],"player_experience":368950,"potions_floor_usage":[16,24,27,46],"damage_taken":[{"damage":6,"enemies":"Jaw Worm","floor":1,"turns":3},{"damage":1,"enemies":"2 Louse","floor":2,"turns":4},{"damage":6,"enemies":"Cultist","floor":5,"turns":4},{"damage":9,"enemies":"Red Slaver","floor":7,"turns":5},{"damage":38,"enemies":"3 Sentries","floor":12,"turns":9},{"damage":5,"enemies":"3 Louse","floor":13,"turns":4},{"damage":1,"enemies":"Lots of Slimes","floor":14,"turns":6},{"damage":52,"enemies":"The Guardian","floor":16,"turns":15},{"damage":20,"enemies":"2 Thieves","floor":18,"turns":3},{"damage":26,"enemies":"3 Byrds","floor":20,"turns":6},{"damage":29,"enemies":"Slavers","floor":24,"turns":7},{"damage":5,"enemies":"Centurion and Healer","floor":25,"turns":12},{"damage":30,"enemies":"Gremlin Leader","floor":27,"turns":8},{"damage":10,"enemies":"Snake Plant","floor":29,"turns":4},{"damage":5,"enemies":"Chosen and Byrds","floor":31,"turns":7},{"damage":60,"enemies":"Automaton","floor":33,"turns":13},{"damage":15,"enemies":"3 Darklings","floor":35,"turns":6},{"damage":9,"enemies":"Orb Walker","floor":36,"turns":3},{"damage":9,"enemies":"3 Darklings","floor":39,"turns":5},{"damage":5,"enemies":"4 Shapes","floor":42,"turns":9},{"damage":13,"enemies":"Giant Head","floor":44,"turns":5},{"damage":46,"enemies":"Nemesis","floor":46,"turns":7},{"damage":12,"enemies":"Sphere and 2 Shapes","floor":47,"turns":5},{"damage":8,"enemies":"Maw","floor":48,"turns":9},{"damage":14,"enemies":"Awakened One","floor":50,"turns":14}],"event_choices":[{"event_name":"Liars Game","player_choice":"agreed","floor":4,"damage_taken":0},{"event_name":"Accursed Blacksmith","player_choice":"Rummage","floor":11,"damage_taken":0},{"event_name":"Addict","player_choice":"Ignored","floor":21,"damage_taken":0},{"event_name":"Beggar","player_choice":"Ignored","floor":22,"damage_taken":0},{"event_name":"SensoryStone","player_choice":"Memory 3","floor":37,"damage_taken":0},{"event_name":"Tomb of Lord Red Mask","player_choice":"Ignored","floor":45,"damage_taken":0}],"boss_relics":[{"not_picked":["Lizard Tail","White Beast Statue"],"picked":"Orrery"},{"not_picked":["Pandora\u0027s Box","Runic Dome"],"picked":"Snecko Eye"}],"potions_floor_spawned":[2,5,14,16,18,24,25,33,36,44],"seed_played":"6455904403001052924","ascension_level":0,"is_trial":false}