{"path_per_floor":["M","?","?","M","$","E","R","M","T","?","$","$","?","M","R","B",null,"M","?","M","$","?","R","M","?","T","?","M","R","M","M","R"],"character_chosen":"IRONCLAD","items_purchased":["Rampage","Feel No Pain","Bag of Preparation"],"gold_per_floor":[212,212,212,228,77,112,112,131,154,229,154,54,54,75,75,165,165,183,183,194,39,39,39,56,56,101,26,42,42,60,77,77,77],"floor_reached":33,"campfire_rested":3,"playtime":8535,"current_hp_per_floor":[74,48,41,40,40,21,21,27,27,16,16,16,16,20,42,18,61,16,16,27,27,27,27,20,20,25,25,38,60,24,14,36,0],"items_purged":["Strike_R","Strike_R"],"gold":77,"score":429,"play_id":"b1bace1f-f96e-4ae4-ad4e-d960fb921e61","local_time":"20180412112847","is_prod":false,"is_daily":false,"is_ascension_mode":true,"campfire_upgraded":2,"timestamp":1523521727,"path_taken":["M","?","?","?","$","E","R","M","T","?","?","$","?","M","R","BOSS","M","?","M","$","?","R","?","?","T","?","M","R","M","M","R","BOSS"],"build_version":"2018-04-05v2","purchased_purges":3,"victory":false,"master_deck":["Strike_R","Defend_R","Defend_R","Defend_R","Bash+1","AscendersBane","Twin Strike","Armaments+1","Rampage","Second Wind","Feel No Pain","Dual Wield","True Grit","Seeing Red","Whirlwind","Shrug It Off","Feel No Pain","Brutality","Body Slam","Sentinel+1"],"max_hp_per_floor":[75,75,75,75,75,75,75,75,75,75,75,75,75,75,75,75,75,75,75,75,75,75,75,75,75,75,75,75,75,75,75,75,75],"relics":["Burning Blood","Bloody Idol","Red Skull","Anchor","Orrery","Bag of Preparation","Blood Vial"],"card_choices":[{"not_picked":["Havoc","Sword Boomerang"],"picked":"Twin Strike","floor":1.0},{"not_picked":["True Grit","Sentinel"],"picked":"Armaments","floor":4.0},{"not_picked":["Flex","Perfected Strike"],"picked":"Second Wind","floor":8.0},{"not_picked":["Body Slam","Metallicize"],"picked":"Dual Wield","floor":14.0},{"not_picked":["Heavy Blade","Havoc"],"picked":"True Grit","floor":17.0},{"not_picked":["Dual Wield","Clothesline"],"picked":"Carnage","floor":17.0},{"not_picked":["True Grit","Thunderclap"],"picked":"Seeing Red","floor":17.0},{"not_picked":["Headbutt","Sword Boomerang"],"picked":"Whirlwind","floor":17.0},{"not_picked":["Havoc","Anger"],"picked":"Shrug It Off","floor":17.0},{"not_picked":["Combust","Armaments"],"picked":"Feel No Pain","floor":18.0},{"not_picked":["Armaments","Rupture"],"picked":"Body Slam","floor":24.0},{"not_picked":["Inflame","Immolate"],"picked":"Sentinel","floor":28.0}],"player_experience":355217,"potions_floor_usage":[30],"damage_taken":[{"damage":0.0,"enemies":"2 Louse","floor":1.0,"turns":4.0},{"damage":7.0,"enemies":"Jaw Worm","floor":4.0,"turns":3.0},{"damage":25.0,"enemies":"Lagavulin","floor":6.0,"turns":7.0},{"damage":0.0,"enemies":"Cultist","floor":8.0,"turns":2.0},{"damage":2.0,"enemies":"Blue Slaver","floor":14.0,"turns":4.0},{"damage":30.0,"enemies":"Slime Boss","floor":16.0,"turns":11.0},{"damage":51.0,"enemies":"Shell Parasite","floor":18.0,"turns":11.0},{"damage":0.0,"enemies":"3 Byrds","floor":20.0,"turns":7.0},{"damage":18.0,"enemies":"Snake Plant","floor":24.0,"turns":7.0},{"damage":0.0,"enemies":"3 Cultists","floor":28.0,"turns":2.0},{"damage":49,"enemies":"Cultist and Chosen","floor":30,"turns":10},{"damage":23,"enemies":"Centurion and Healer","floor":31,"turns":8},{"damage":45,"enemies":"Champ","floor":33,"turns":13}],"event_choices":[{"event_name":"Golden Idol","player_choice":"Take Damage","floor":2.0,"damage_taken":0.0},{"event_name":"Golden Wing","player_choice":"Card Removal","floor":3.0,"damage_taken":0.0},{"event_name":"World of Goop","player_choice":"Gather Gold","floor":10.0,"damage_taken":0.0},{"event_name":"Bonfire Elementals","player_choice":"BASIC","floor":13.0,"damage_taken":0.0},{"event_name":"Forgotten Altar","player_choice":"Gave Idol","floor":19.0,"damage_taken":0.0},{"event_name":"Transmorgrifier","player_choice":"Transform","floor":22.0,"damage_taken":0.0},{"event_name":"Vampires","player_choice":"Ignored","floor":25.0,"damage_taken":0.0},{"event_name":"Beggar","player_choice":"Gave Gold","floor":27.0,"damage_taken":0.0}],"boss_relics":[],"potions_floor_spawned":[4,16,18,24,28,30],"seed_played":"-5000010876347808080","killed_by":"Champ","ascension_level":15,"is_trial":false}