{"path_per_floor":["M","?","M","M","M","E","R","M","T","R","$","R","T","M","R","B",null,"M","?","$","M","?","R","E","R","T","R","?","E","T","E","R"],"character_chosen":"IRONCLAD","items_purchased":["Whirlwind"],"gold_per_floor":[113,113,132,149,167,193,193,204,204,204,129,129,129,146,146,220,220,236,151,71,88,88,88,121,121,121,121,121,148,172,201,201,201],"floor_reached":33,"campfire_rested":1,"playtime":1140,"current_hp_per_floor":[68,68,64,63,58,30,30,24,24,24,24,24,24,33,55,33,65,60,67,67,57,57,57,42,42,42,42,42,21,21,55,55,0],"items_purged":["Strike_R"],"gold":201,"score":527,"play_id":"46296392-e266-45e8-b754-0d2ec4ac62db","local_time":"20180415133658","is_prod":false,"is_daily":false,"chose_seed":false,"is_ascension_mode":true,"campfire_upgraded":7,"timestamp":1523788618,"path_taken":["M","?","M","?","M","E","R","M","T","R","$","R","?","M","R","BOSS","M","?","$","M","?","R","E","R","T","R","?","E","?","E","R","BOSS"],"build_version":"2018-04-12","seed_source_timestamp":8664017448699,"purchased_purges":1,"victory":false,"master_deck":["Strike_R","Strike_R","Strike_R","Strike_R","Defend_R","Defend_R","Defend_R","Defend_R","Bash+1","AscendersBane","Spot Weakness+1","Battle Trance+1","Clothesline+1","Spot Weakness","Shockwave+1","Metallicize+1","Shrug It Off+1","Offering+1","Whirlwind+1","True Grit+1","Shrug It Off","Shrug It Off+1"],"max_hp_per_floor":[75,75,75,75,75,75,75,75,75,75,75,75,75,75,75,75,75,75,82,82,82,82,82,82,82,82,82,82,82,82,82,82,82],"relics":["Burning Blood","Ice Cream","Meat on the Bone","Molten Egg 2","Lizard Tail","Strawberry","Art of War","Unceasing Top","Prayer Wheel","Bronze Scales","Toolbox"],"card_choices":[{"not_picked":["Twin Strike","Shrug It Off"],"picked":"Spot Weakness","floor":1},{"not_picked":["Flex","Body Slam"],"picked":"Battle Trance","floor":3},{"not_picked":["Fire Breathing","Flex"],"picked":"Clothesline","floor":4},{"not_picked":["Iron Wave","Anger"],"picked":"Spot Weakness","floor":5},{"not_picked":["Headbutt","Sentinel"],"picked":"Shockwave","floor":6},{"not_picked":["Pummel","Headbutt"],"picked":"Metallicize","floor":8},{"not_picked":["Thunderclap","Second Wind"],"picked":"Shrug It Off","floor":14},{"not_picked":["Double Tap","Juggernaut"],"picked":"Offering","floor":16},{"not_picked":["Second Wind","Carnage"],"picked":"True Grit","floor":24},{"not_picked":["Anger","Sword Boomerang"],"picked":"Shrug It Off","floor":30},{"not_picked":["Infernal Blade","Blood for Blood"],"picked":"Shrug It Off","floor":31}],"player_experience":386567,"potions_floor_usage":[24,24,31],"damage_taken":[{"damage":6,"enemies":"Cultist","floor":1,"turns":3},{"damage":10,"enemies":"2 Louse","floor":3,"turns":2},{"damage":7,"enemies":"Jaw Worm","floor":4,"turns":3},{"damage":11,"enemies":"Red Slaver","floor":5,"turns":3},{"damage":34,"enemies":"3 Sentries","floor":6,"turns":7},{"damage":12,"enemies":"Blue Slaver","floor":8,"turns":5},{"damage":9,"enemies":"Large Slime","floor":14,"turns":7},{"damage":40,"enemies":"Hexaghost","floor":16,"turns":10},{"damage":11,"enemies":"Chosen","floor":18,"turns":5},{"damage":16,"enemies":"Shell Parasite","floor":21,"turns":5},{"damage":33,"enemies":"Slavers","floor":24,"turns":4},{"damage":39,"enemies":"Book of Stabbing","floor":29,"turns":6},{"damage":28,"enemies":"Slavers","floor":31,"turns":3},{"damage":68,"enemies":"Automaton","floor":33,"turns":6}],"event_choices":[{"event_name":"Upgrade Shrine","player_choice":"Upgraded","floor":2,"damage_taken":0},{"event_name":"Addict","player_choice":"Obtained Relic","floor":19,"damage_taken":0},{"event_name":"Upgrade Shrine","player_choice":"Upgraded","floor":22,"damage_taken":0},{"event_name":"Drug Dealer","player_choice":"Ignored","floor":28,"damage_taken":0}],"boss_relics":[{"not_picked":["Eternal Feather","Calling Bell"],"picked":"Lizard Tail"}],"potions_floor_spawned":[4,8,14,24,29],"seed_played":"-8227948190304682125","killed_by":"Automaton","ascension_level":15,"is_trial":false}