{"path_per_floor":["M","?","M","?","M","R","E","R","T","$","M","M","R","E","R"],"character_chosen":"IRONCLAD","items_purchased":["Trip"],"gold_per_floor":[110,110,134,134,149,149,184,184,210,111,125,138,138,181,181,181],"floor_reached":16,"campfire_rested":0,"playtime":676,"current_hp_per_floor":[74,48,54,54,60,60,36,36,36,36,33,39,39,23,23,0],"items_purged":[],"gold":181,"score":193,"play_id":"b21d381f-be9c-40e9-88ab-c9f15045876e","local_time":"20180419195925","is_prod":false,"is_daily":false,"chose_seed":false,"is_ascension_mode":true,"campfire_upgraded":4,"timestamp":1524157165,"path_taken":["M","?","M","?","?","R","E","R","T","$","M","M","R","E","R","BOSS"],"build_version":"2018-04-12","seed_source_timestamp":73170868048002,"purchased_purges":0,"victory":false,"master_deck":["Strike_R","Strike_R","Strike_R","Strike_R","Strike_R","Defend_R+1","Defend_R","Defend_R","Defend_R+1","Bash+1","AscendersBane","Flex+1","Wild Strike","Body Slam+1","Armaments+1","Trip+1","Headbutt","Sword Boomerang","Second Wind"],"max_hp_per_floor":[75,75,75,75,75,75,75,75,75,75,75,75,75,75,75,75],"relics":["Burning Blood","NeowsBlessing","Golden Idol","Champion Belt","War Paint","Bird Faced Urn"],"card_choices":[{"not_picked":["Burning Pact","Clash"],"picked":"Flex","floor":1},{"not_picked":["Armaments","Clash"],"picked":"Wild Strike","floor":3},{"not_picked":["Thunderclap","Exhume"],"picked":"Body Slam","floor":5},{"not_picked":["Flex","Warcry"],"picked":"Armaments","floor":7},{"not_picked":["Warcry","Heavy Blade"],"picked":"Headbutt","floor":11},{"not_picked":["Thunderclap","Entrench"],"picked":"Sword Boomerang","floor":12},{"not_picked":["Double Tap","Heavy Blade"],"picked":"Second Wind","floor":14}],"player_experience":413102,"potions_floor_usage":[],"damage_taken":[{"damage":0,"enemies":"Cultist","floor":1,"turns":1},{"damage":0,"enemies":"2 Louse","floor":3,"turns":1},{"damage":0,"enemies":"Jaw Worm","floor":5,"turns":1},{"damage":30,"enemies":"3 Sentries","floor":7,"turns":9},{"damage":9,"enemies":"Exordium Wildlife","floor":11,"turns":5},{"damage":0,"enemies":"Looter","floor":12,"turns":2},{"damage":22,"enemies":"Lagavulin","floor":14,"turns":4},{"damage":25,"enemies":"Hexaghost","floor":16,"turns":9}],"event_choices":[{"event_name":"Golden Idol","player_choice":"Take Damage","floor":2,"damage_taken":0},{"event_name":"Living Wall","player_choice":"Grow","floor":4,"damage_taken":0}],"boss_relics":[],"potions_floor_spawned":[1,7,11],"seed_played":"8446542230219342549","killed_by":"Hexaghost","ascension_level":15,"is_trial":false}