{"path_per_floor":["M","M","M","?","$","R","E","R","T","E","R","?","R","M","R","B",null,"M","?","M","?","?","R","M","M","T","M","M","M","R","?","R","B",null,"M","?","M","M","$","R","E","M","T","M","$","M","$","M","R","B"],"character_chosen":"IRONCLAD","items_purchased":["Shrug It Off","Body Slam","Pen Nib","Feel No Pain","Mummified Hand","Shrug It Off","Shrug It Off","Warcry"],"gold_per_floor":[114,130,149,149,25,25,55,55,130,164,164,226,226,245,245,322,322,340,340,351,276,276,276,291,309,334,348,363,379,379,379,379,458,458,470,470,490,509,336,336,362,378,458,475,113,130,60,76,76,76],"floor_reached":51,"campfire_rested":3,"playtime":3413,"current_hp_per_floor":[66,57,61,66,66,66,40,40,40,29,29,19,43,46,46,60,75,80,80,27,27,27,51,53,61,61,9,17,19,19,19,43,76,79,57,57,45,44,44,44,52,60,60,68,68,76,76,80,80,77],"items_purged":["Strike_R"],"gold":76,"score":1347,"play_id":"2cc43959-08bc-4bb9-95d2-47aec9bf0bf2","local_time":"20180419205744","is_prod":false,"is_daily":false,"chose_seed":false,"is_ascension_mode":true,"campfire_upgraded":7,"timestamp":1524160664,"path_taken":["M","M","M","?","$","R","E","R","T","E","R","?","R","M","R","BOSS","M","?","M","?","?","R","?","M","T","?","M","M","R","?","R","BOSS","M","?","M","M","$","R","E","M","T","?","$","M","$","M","R","BOSS"],"build_version":"2018-04-12","seed_source_timestamp":73874421796644,"purchased_purges":1,"victory":true,"master_deck":["Strike_R","Defend_R","Defend_R","Defend_R","Defend_R","Bash","AscendersBane","Barricade+1","True Grit+1","Clothesline","Rampage+1","Shrug It Off+1","Shrug It Off","Impervious+1","Shrug It Off+1","Impervious+1","Battle Trance","Doubt","Whirlwind+1","Double Tap","Double Tap","Body Slam","Decay","Corruption+1","Body Slam+1","Entrench+1","Regret","Feel No Pain+1","Shrug It Off","Shrug It Off","Warcry","Warcry+1"],"max_hp_per_floor":[75,75,75,80,80,80,80,80,80,80,80,80,80,80,80,80,80,80,80,80,80,80,80,80,80,80,80,80,80,80,80,80,80,80,80,80,80,80,80,80,80,80,80,80,80,80,80,80,80,80],"relics":["Burning Blood","Orichalcum","Shuriken","Pantograph","Blood Vial","Cursed Key","Art of War","Sozu","Pen Nib","Bag of Marbles","Bottled Tornado","Mummified Hand"],"card_choices":[{"not_picked":["Shrug It Off","Hemokinesis"],"picked":"True Grit","floor":1.0},{"not_picked":["Thunderclap","Warcry"],"picked":"Clothesline","floor":2.0},{"not_picked":["Sword Boomerang","Twin Strike"],"picked":"Rampage","floor":3.0},{"not_picked":["Warcry","Spot Weakness"],"picked":"Shrug It Off","floor":12.0},{"not_picked":["Pummel","Body Slam"],"picked":"Impervious","floor":14.0},{"not_picked":["Perfected Strike","True Grit"],"picked":"Shrug It Off","floor":18.0},{"not_picked":["Reckless Charge","Anger"],"picked":"Battle Trance","floor":25.0},{"not_picked":["Searing Blow","Thunderclap"],"picked":"Whirlwind","floor":27.0},{"not_picked":["Thunderclap","Clash"],"picked":"Double Tap","floor":29.0},{"not_picked":["Reaper","Limit Break"],"picked":"Double Tap","floor":33},{"not_picked":["Pummel","Thunderclap"],"picked":"Body Slam","floor":35},{"not_picked":["Inflame","Sword Boomerang"],"picked":"Corruption","floor":38},{"not_picked":["Clash","Warcry"],"picked":"Entrench","floor":41},{"not_picked":["Body Slam","Burning Pact"],"picked":"Warcry","floor":48}],"player_experience":413778,"potions_floor_usage":[],"damage_taken":[{"damage":8.0,"enemies":"Small Slimes","floor":1.0,"turns":5.0},{"damage":15.0,"enemies":"2 Louse","floor":2.0,"turns":3.0},{"damage":2.0,"enemies":"Jaw Worm","floor":3.0,"turns":3.0},{"damage":44.0,"enemies":"3 Sentries","floor":7.0,"turns":11.0},{"damage":17.0,"enemies":"Lagavulin","floor":10.0,"turns":9.0},{"damage":16.0,"enemies":"3 Sentries","floor":12.0,"turns":16.0},{"damage":5.0,"enemies":"Blue Slaver","floor":14.0,"turns":7.0},{"damage":19.0,"enemies":"Slime Boss","floor":16.0,"turns":23.0},{"damage":0.0,"enemies":"Spheric Guardian","floor":18.0,"turns":9.0},{"damage":59.0,"enemies":"3 Byrds","floor":20.0,"turns":14.0},{"damage":6.0,"enemies":"Sentry and Sphere","floor":24.0,"turns":12.0},{"damage":0.0,"enemies":"Snake Plant","floor":25.0,"turns":8.0},{"damage":60.0,"enemies":"3 Cultists","floor":27.0,"turns":10.0},{"damage":0.0,"enemies":"Sentry and Sphere","floor":28.0,"turns":12.0},{"damage":6.0,"enemies":"Snecko","floor":29.0,"turns":13.0},{"damage":0,"enemies":"Automaton","floor":33,"turns":11},{"damage":29,"enemies":"3 Darklings","floor":35,"turns":9},{"damage":20,"enemies":"Orb Walker","floor":37,"turns":5},{"damage":9,"enemies":"3 Darklings","floor":38,"turns":8},{"damage":0,"enemies":"Giant Head","floor":41,"turns":4},{"damage":0,"enemies":"Maw","floor":42,"turns":7},{"damage":0,"enemies":"Sphere and 2 Shapes","floor":44,"turns":4},{"damage":0,"enemies":"3 Darklings","floor":46,"turns":2},{"damage":2,"enemies":"Maw","floor":48,"turns":6},{"damage":9,"enemies":"Awakened One","floor":50,"turns":12}],"event_choices":[{"event_name":"Big Fish","player_choice":"Donut","floor":4.0,"damage_taken":0.0},{"event_name":"Dead Adventurer","player_choice":"Searched \u00271\u0027 times","floor":12.0,"damage_taken":0.0},{"event_name":"Duplicator","player_choice":"One dupe","floor":19.0,"damage_taken":0.0},{"event_name":"Beggar","player_choice":"Gave Gold","floor":21.0,"damage_taken":0.0},{"event_name":"Bonfire Elementals","player_choice":"BASIC","floor":22.0,"damage_taken":0.0},{"event_name":"Cursed Tome","player_choice":"Ignored","floor":31,"damage_taken":0},{"event_name":"Wheel of Change","player_choice":"Curse","floor":36,"damage_taken":0}],"boss_relics":[{"not_picked":["Calling Bell","Philosopher\u0027s Stone"],"picked":"Sozu"}],"potions_floor_spawned":[2,3,7,12,16,24,25,28,29,38,41,42],"seed_played":"-1273126823851667057","ascension_level":15,"is_trial":false}