{"path_per_floor":["M","?","M","M","M","E","?","R","T","?","R","?","M","M","R","B",null,"M","$","?","M","?","R","M"],"character_chosen":"IRONCLAD","items_purchased":["Thread and Needle"],"gold_per_floor":[110,110,130,144,159,186,251,251,304,304,304,304,318,336,336,432,432,448,145,145,135,85,85,108,108],"floor_reached":25,"campfire_rested":2,"playtime":795,"current_hp_per_floor":[67,67,71,75,66,18,18,18,18,18,18,18,26,13,33,8,53,35,35,35,23,23,43,28,0],"items_purged":[],"gold":108,"score":355,"play_id":"37b0a012-73e6-4553-8c33-351a7237ca94","local_time":"20180420234808","is_prod":false,"is_daily":false,"chose_seed":false,"is_ascension_mode":true,"campfire_upgraded":2,"timestamp":1524257288,"path_taken":["M","?","M","M","M","E","?","R","T","?","R","?","M","M","R","BOSS","M","$","?","M","?","R","M","E"],"build_version":"2018-04-19","seed_source_timestamp":173004564261308,"purchased_purges":1,"victory":false,"master_deck":["Strike_R","Strike_R","Strike_R","Strike_R","Strike_R","Defend_R","Defend_R","Defend_R","Defend_R","Bash","AscendersBane","Heavy Blade","Perfected Strike+1","Armaments+1","Whirlwind","Demon Form","Clothesline+1","Perfected Strike"],"max_hp_per_floor":[75,75,75,75,75,75,75,75,75,75,75,68,68,68,68,68,68,68,68,68,68,68,68,68,68],"relics":["Burning Blood","Self Forming Clay","Blood Vial","Golden Idol","Runic Cube","Thread and Needle"],"card_choices":[{"not_picked":["Pommel Strike","Clash"],"picked":"Heavy Blade","floor":1.0},{"not_picked":["Hemokinesis","Rage"],"picked":"Perfected Strike","floor":3.0},{"not_picked":["Clash","Ghostly Armor"],"picked":"Armaments","floor":4.0},{"not_picked":["Cleave","Body Slam"],"picked":"Whirlwind","floor":6.0},{"not_picked":["Limit Break","Berserk"],"picked":"Demon Form","floor":16},{"not_picked":["Power Through","Anger"],"picked":"Clothesline","floor":18},{"not_picked":["Anger","Shrug It Off"],"picked":"Perfected Strike","floor":24}],"player_experience":422082,"potions_floor_usage":[16,16],"damage_taken":[{"damage":7.0,"enemies":"Small Slimes","floor":1.0,"turns":4.0},{"damage":2.0,"enemies":"2 Louse","floor":3.0,"turns":3.0},{"damage":1.0,"enemies":"Cultist","floor":4.0,"turns":3.0},{"damage":15.0,"enemies":"2 Fungi Beasts","floor":5.0,"turns":3.0},{"damage":54.0,"enemies":"Lagavulin","floor":6.0,"turns":7.0},{"damage":0.0,"enemies":"Large Slime","floor":13.0,"turns":4.0},{"damage":21.0,"enemies":"Exordium Thugs","floor":14.0,"turns":5.0},{"damage":33,"enemies":"The Guardian","floor":16,"turns":17},{"damage":26,"enemies":"Shell Parasite","floor":18,"turns":8},{"damage":20,"enemies":"2 Thieves","floor":21,"turns":4},{"damage":23,"enemies":"Centurion and Healer","floor":24,"turns":7},{"damage":36,"enemies":"Slavers","floor":25,"turns":2}],"event_choices":[{"event_name":"The Cleric","player_choice":"Leave","floor":2.0,"damage_taken":0.0},{"event_name":"Golden Wing","player_choice":"Gained Gold","floor":7.0,"damage_taken":0.0},{"event_name":"Shining Light","player_choice":"Ignored","floor":10.0,"damage_taken":0.0},{"event_name":"Golden Idol","player_choice":"Lose Max HP","floor":12.0,"damage_taken":0.0},{"event_name":"Ghosts","player_choice":"Ignored","floor":20,"damage_taken":0},{"event_name":"The Joust","player_choice":"Bet on Murderer","floor":22,"damage_taken":0}],"boss_relics":[{"not_picked":["Eternal Feather","Lizard Tail"],"picked":"Runic Cube"}],"potions_floor_spawned":[3,5,6,24],"seed_played":"-4258536848766463034","killed_by":"Slavers","ascension_level":15,"is_trial":false}