{"path_per_floor":["M","M","$","M","M","R","M","E","T","M","?","M","M","?","R"],"character_chosen":"THE_SILENT","items_purchased":[],"gold_per_floor":[119,138,63,80,95,95,111,140,140,151,326,339,357,322,322,322],"floor_reached":16,"campfire_rested":0,"playtime":864,"current_hp_per_floor":[70,70,70,70,58,58,55,32,32,32,32,18,18,35,35,0],"items_purged":["Strike_G"],"gold":322,"score":106,"play_id":"e99a2f19-5b00-49f4-b85a-0b688ca86167","local_time":"20180325051128","is_prod":false,"is_daily":false,"is_ascension_mode":false,"campfire_upgraded":2,"timestamp":1521969088,"path_taken":["M","M","$","M","M","R","M","E","T","?","?","M","M","?","R","BOSS"],"build_version":"2018-03-22v2","purchased_purges":1,"victory":false,"master_deck":["Defend_G","Defend_G","Defend_G","Defend_G","Defend_G","Strike_G","Strike_G","Strike_G","Strike_G","Survivor","Neutralize","Flying Knee","Corpse Explosion","Catalyst+1","Deadly Poison+1","All Out Attack","Outmaneuver","Die Die Die","Terror","Doubt","Blur","Leg Sweep"],"max_hp_per_floor":[70,70,70,70,70,70,70,70,70,70,70,70,70,70,70,70],"relics":["Ring of the Snake","Shuriken","Bag of Marbles"],"card_choices":[{"not_picked":["Dash","Caltrops"],"picked":"Flying Knee","floor":0},{"not_picked":["Quick Slash","Terror"],"picked":"Corpse Explosion","floor":1},{"not_picked":["Underhanded Strike","Poisoned Stab"],"picked":"Catalyst","floor":2},{"not_picked":["Acrobatics","Heel Hook"],"picked":"Deadly Poison","floor":4},{"not_picked":["Flying Knee","Skewer"],"picked":"All Out Attack","floor":5},{"not_picked":["Reflex","Slice"],"picked":"Outmaneuver","floor":7},{"not_picked":["Acrobatics","Quick Slash"],"picked":"Die Die Die","floor":8},{"not_picked":["Underhanded Strike","Prepared"],"picked":"Terror","floor":10},{"not_picked":["Cloak And Dagger","Flying Knee"],"picked":"Blur","floor":12},{"not_picked":["PiercingWail","Blade Dance"],"picked":"Leg Sweep","floor":13}],"player_experience":27437,"potions_floor_usage":[8,16,16,16],"damage_taken":[{"damage":0,"enemies":"Cultist","floor":1,"turns":4},{"damage":0,"enemies":"2 Louse","floor":2,"turns":3},{"damage":0,"enemies":"Small Slimes","floor":4,"turns":4},{"damage":12,"enemies":"Exordium Wildlife","floor":5,"turns":6},{"damage":3,"enemies":"2 Fungi Beasts","floor":7,"turns":3},{"damage":23,"enemies":"Gremlin Nob","floor":8,"turns":4},{"damage":0,"enemies":"3 Louse","floor":10,"turns":1},{"damage":14,"enemies":"Red Slaver","floor":12,"turns":4},{"damage":0,"enemies":"Exordium Wildlife","floor":13,"turns":1},{"damage":52,"enemies":"Slime Boss","floor":16,"turns":12}],"event_choices":[{"event_name":"Liars Game","player_choice":"agreed","floor":11,"damage_taken":0},{"event_name":"The Cleric","player_choice":"Healed","floor":14,"damage_taken":0}],"boss_relics":[],"potions_floor_spawned":[1,4,8,12],"seed_played":"-4438824185322311188","killed_by":"Slime Boss","ascension_level":0,"is_trial":false}