{"path_per_floor":["M","M","M","$","?","R","?","?","T","E","M","M","?","M","R","B",null,"M","M","$","M","M","R","M","M","T","$","?","?","M","?","R"],"character_chosen":"THE_SILENT","items_purchased":["Bottled Tornado","Omamori","Poisoned Stab","Regen Potion","Swift Potion"],"gold_per_floor":[19,39,53,53,53,53,53,83,83,417,432,447,416,440,440,563,563,577,600,94,112,128,128,141,159,159,58,58,58,68,268,268,268],"floor_reached":33,"campfire_rested":3,"playtime":2124,"current_hp_per_floor":[70,70,69,69,55,55,38,38,38,20,18,15,15,15,36,15,70,64,48,48,21,19,40,27,18,18,18,18,18,32,37,58,0],"items_purged":["Writhe"],"gold":268,"score":277,"play_id":"f5c873db-5ade-4e52-ada1-9ac7a7137827","local_time":"20180325054732","is_prod":false,"is_daily":false,"is_ascension_mode":false,"campfire_upgraded":1,"timestamp":1521971252,"path_taken":["M","M","M","$","?","R","?","?","T","E","?","M","?","M","R","BOSS","M","M","$","M","M","R","M","M","T","$","?","?","M","?","R","BOSS"],"build_version":"2018-03-22v2","purchased_purges":2,"victory":false,"master_deck":["Defend_G","Defend_G","Defend_G+1","Defend_G","Defend_G+1","Strike_G","Survivor","Neutralize","Poisoned Stab+1","Dagger Spray","Storm of Steel","Noxious Fumes","Quick Slash","Deadly Poison","Adrenaline","Blur+1","Die Die Die+1","Crippling Poison","Poisoned Stab","Cloak And Dagger","Poisoned Stab+1","Poisoned Stab+1","Terror+1"],"max_hp_per_floor":[70,70,70,70,70,70,70,70,70,70,70,70,70,70,70,70,70,70,70,70,70,70,70,70,70,70,70,70,70,70,70,70,70],"relics":["Ring of the Snake","Bloody Idol","Tiny Chest","Ginger","Old Coin","Astrolabe","Bottled Tornado","Omamori","Happy Flower"],"card_choices":[{"not_picked":["Dodge and Roll","Underhanded Strike"],"picked":"Poisoned Stab","floor":1},{"not_picked":["Poisoned Stab","Blade Dance"],"picked":"Dagger Spray","floor":2},{"not_picked":["Dodge and Roll","Malaise"],"picked":"Storm of Steel","floor":3},{"not_picked":["Deflect","Malaise"],"picked":"Noxious Fumes","floor":11},{"not_picked":["Dagger Throw","Dodge and Roll"],"picked":"Quick Slash","floor":12},{"not_picked":["Outmaneuver","Eviscerate"],"picked":"Deadly Poison","floor":14},{"not_picked":["A Thousand Cuts","Envenom"],"picked":"Adrenaline","floor":16},{"not_picked":["Slice","Bane"],"picked":"Crippling Poison","floor":18},{"not_picked":["Leg Sweep","Masterful Stab"],"picked":"Cloak And Dagger","floor":21},{"not_picked":["Backstab","Skewer"],"picked":"Poisoned Stab","floor":24},{"not_picked":["Malaise","Dagger Spray"],"picked":"Poisoned Stab","floor":25},{"not_picked":["Flying Knee","Flechettes"],"picked":"Terror","floor":30}],"player_experience":28301,"potions_floor_usage":[14,16,22,24,24,25,30,30,33],"damage_taken":[{"damage":0,"enemies":"2 Louse","floor":1,"turns":4},{"damage":0,"enemies":"Small Slimes","floor":2,"turns":4},{"damage":1,"enemies":"Cultist","floor":3,"turns":5},{"damage":18,"enemies":"Lagavulin","floor":10,"turns":9},{"damage":2,"enemies":"3 Louse","floor":11,"turns":3},{"damage":3,"enemies":"Large Slime","floor":12,"turns":5},{"damage":9,"enemies":"Lots of Slimes","floor":14,"turns":4},{"damage":21,"enemies":"Hexaghost","floor":16,"turns":9},{"damage":6,"enemies":"Spheric Guardian","floor":18,"turns":6},{"damage":16,"enemies":"2 Thieves","floor":19,"turns":5},{"damage":27,"enemies":"Sentry and Sphere","floor":21,"turns":7},{"damage":2,"enemies":"3 Cultists","floor":22,"turns":5},{"damage":13,"enemies":"Snecko","floor":24,"turns":5},{"damage":9,"enemies":"Sentry and Sphere","floor":25,"turns":4},{"damage":0,"enemies":"Chosen and Byrds","floor":30,"turns":5},{"damage":70,"enemies":"Champ","floor":33,"turns":11}],"event_choices":[{"event_name":"Shining Light","player_choice":"Entered Light","floor":5,"damage_taken":0},{"event_name":"Golden Idol","player_choice":"Take Damage","floor":7,"damage_taken":0},{"event_name":"Big Fish","player_choice":"Box","floor":8,"damage_taken":0},{"event_name":"World of Goop","player_choice":"Left","floor":13,"damage_taken":0},{"event_name":"Beggar","player_choice":"Ignored","floor":28,"damage_taken":0},{"event_name":"Forgotten Altar","player_choice":"Gave Idol","floor":29,"damage_taken":0},{"event_name":"Wheel of Change","player_choice":"Gold","floor":31,"damage_taken":0}],"boss_relics":[{"not_picked":["Cursed Key","Lizard Tail"],"picked":"Astrolabe"}],"potions_floor_spawned":[3,14,16,18,21,22,25],"seed_played":"-3907336842673394012","killed_by":"Champ","ascension_level":0,"is_trial":false}