{"path_per_floor":["M","M","M","?","M","R","M","M","T","?","R","M","$","$","R","B",null,"M","M","$","?","M","M","$","R","T","M","R","M","R","M","R"],"character_chosen":"THE_SILENT","items_purchased":["Adrenaline","Backflip"],"gold_per_floor":[109,124,136,311,324,324,335,353,353,353,353,368,137,85,85,181,181,198,216,116,116,136,148,23,23,68,80,80,99,99,118,118,118],"floor_reached":33,"campfire_rested":3,"playtime":1933,"current_hp_per_floor":[68,64,64,64,46,46,44,36,36,36,57,52,52,52,52,26,70,56,56,56,40,36,21,21,42,42,42,63,62,62,58,58,0],"items_purged":["Strike_G","Pain","Pain"],"gold":118,"score":243,"play_id":"b1e79c08-0266-44dc-9a6d-2b3bc6932595","local_time":"20180325132821","is_prod":false,"is_daily":false,"is_ascension_mode":false,"campfire_upgraded":4,"timestamp":1521998901,"path_taken":["M","M","?","?","?","R","M","M","T","?","R","?","?","$","R","BOSS","M","M","$","?","M","M","?","R","T","M","R","M","R","M","R","BOSS"],"build_version":"2018-03-22v2","purchased_purges":3,"victory":false,"master_deck":["Defend_G","Defend_G","Defend_G","Defend_G","Defend_G","Strike_G","Strike_G","Strike_G","Strike_G","Survivor+1","Neutralize","Bouncing Flask+1","Doubt","Noxious Fumes+1","Poisoned Stab","Jack Of All Trades","PiercingWail+1","Skewer","Adrenaline+1","Backflip","Venomology+1","Clumsy","Backflip","Escape Plan","Backflip"],"max_hp_per_floor":[70,70,70,70,70,70,70,70,70,70,70,70,70,70,70,70,70,70,70,70,70,70,70,70,70,70,70,70,70,70,70,70,70],"relics":["Ring of the Snake","Ginger","Calling Bell","Happy Flower","Mercury Hourglass","War Paint","Enchiridion","Snake Skull"],"card_choices":[{"not_picked":["Quick Slash","Slice"],"picked":"Bouncing Flask","floor":1},{"not_picked":["Well Laid Plans","Dodge and Roll"],"picked":"Noxious Fumes","floor":5},{"not_picked":["Dash","Slice"],"picked":"Poisoned Stab","floor":8},{"not_picked":["Die Die Die","Envenom"],"picked":"Venomology","floor":16},{"not_picked":["Deflect","Catalyst"],"picked":"Backflip","floor":19},{"not_picked":["Infinite Blades","Riddle With Holes"],"picked":"Escape Plan","floor":23},{"not_picked":["Slice","Flechettes"],"picked":"Backflip","floor":29}],"player_experience":33658,"potions_floor_usage":[5,12,12,16,18,19,23,29,33,33,33],"damage_taken":[{"damage":2,"enemies":"Cultist","floor":1,"turns":5},{"damage":4,"enemies":"Jaw Worm","floor":2,"turns":5},{"damage":0,"enemies":"Small Slimes","floor":3,"turns":4},{"damage":18,"enemies":"Gremlin Gang","floor":5,"turns":7},{"damage":2,"enemies":"2 Fungi Beasts","floor":7,"turns":4},{"damage":8,"enemies":"Red Slaver","floor":8,"turns":4},{"damage":5,"enemies":"Looter","floor":12,"turns":3},{"damage":26,"enemies":"Hexaghost","floor":16,"turns":8},{"damage":14,"enemies":"Spheric Guardian","floor":18,"turns":3},{"damage":9,"enemies":"Chosen","floor":19,"turns":5},{"damage":4,"enemies":"3 Cultists","floor":22,"turns":4},{"damage":15,"enemies":"Slaver and Parasite","floor":23,"turns":5},{"damage":0,"enemies":"Chosen and Byrds","floor":27,"turns":5},{"damage":1,"enemies":"Snecko","floor":29,"turns":5},{"damage":4,"enemies":"Centurion and Healer","floor":31,"turns":6},{"damage":58,"enemies":"Automaton","floor":33,"turns":10}],"event_choices":[{"event_name":"Liars Game","player_choice":"agreed","floor":4,"damage_taken":0},{"event_name":"Match and Keep!","player_choice":"3 cards matched","floor":10,"damage_taken":0},{"event_name":"Match and Keep!","player_choice":"3 cards matched","floor":10,"damage_taken":0},{"event_name":"Cursed Tome","player_choice":"Obtained Book","floor":21,"damage_taken":0}],"boss_relics":[{"not_picked":["Velvet Choker","Question Card"],"picked":"Calling Bell"}],"potions_floor_spawned":[1,3,8,12,23,29],"seed_played":"-7767292926835435571","killed_by":"Automaton","ascension_level":0,"is_trial":false}