{"path_per_floor":["M","?","$","?","?","R","E","M","T","M","$","M","?","M","R","B",null,"M","?","T","?","$","R","M","R","T","M","$","M"],"character_chosen":"THE_SILENT","items_purchased":["Flash of Steel","Accuracy","Thinking Ahead"],"gold_per_floor":[111,111,36,36,36,36,362,381,462,478,240,257,332,346,346,441,441,457,457,457,372,72,72,88,88,163,173,23,39,39],"floor_reached":30,"campfire_rested":1,"playtime":1888,"current_hp_per_floor":[70,70,70,70,70,70,48,39,39,39,39,39,28,28,49,19,70,45,45,45,45,45,45,42,42,42,31,31,7,0],"items_purged":["Strike_G","Regret","Regret","Doubt"],"gold":39,"score":228,"play_id":"0c6bc654-8552-4a38-80a6-4a3485466407","local_time":"20180325035702","is_prod":false,"is_daily":false,"is_ascension_mode":false,"campfire_upgraded":1,"timestamp":1521964622,"path_taken":["M","?","?","?","?","R","E","?","T","M","$","M","?","M","R","BOSS","M","?","?","?","$","R","M","R","T","M","$","?","M"],"build_version":"2018-03-22v2","purchased_purges":4,"victory":false,"master_deck":["Defend_G","Defend_G","Defend_G","Defend_G","Defend_G","Strike_G","Strike_G","Strike_G","Survivor","Neutralize","Venomology+1","Deflect","Choke","Poisoned Stab","Flash of Steel","Accuracy","Acrobatics","Prepared","Storm of Steel","Parasite","Thinking Ahead","Calculated Gamble","Riddle With Holes","Dagger Spray"],"max_hp_per_floor":[70,70,70,70,70,70,70,70,70,70,70,70,70,70,70,70,70,70,70,70,70,70,70,70,70,70,70,70,70,70],"relics":["Ring of the Snake","Snake Skull","Old Coin","Tiny Chest","Calling Bell","Omamori","Girya","Vajra","Lantern","Peace Pipe","Ice Cream","Dodecahedron"],"card_choices":[{"not_picked":["Underhanded Strike","Malaise"],"picked":"Deflect","floor":1},{"not_picked":["Dagger Spray","PiercingWail"],"picked":"Choke","floor":7},{"not_picked":["Underhanded Strike","Cloak And Dagger"],"picked":"Poisoned Stab","floor":10},{"not_picked":["Bane","Accuracy"],"picked":"Acrobatics","floor":12},{"not_picked":["Dodge and Roll","Backstab"],"picked":"Prepared","floor":14},{"not_picked":["Glass Knife","Tools of the Trade"],"picked":"Storm of Steel","floor":16},{"not_picked":["Deadly Poison","Eviscerate"],"picked":"Calculated Gamble","floor":24},{"not_picked":["Slice","Well Laid Plans"],"picked":"Riddle With Holes","floor":27},{"not_picked":["Leg Sweep","Backflip"],"picked":"Dagger Spray","floor":29}],"player_experience":22021,"potions_floor_usage":[7,7,10,12,14,16,16,16,27,27,29,30,30,30],"damage_taken":[{"damage":0,"enemies":"Jaw Worm","floor":1,"turns":7},{"damage":22,"enemies":"Gremlin Nob","floor":7,"turns":5},{"damage":9,"enemies":"Cultist","floor":8,"turns":5},{"damage":0,"enemies":"Small Slimes","floor":10,"turns":3},{"damage":0,"enemies":"Exordium Thugs","floor":12,"turns":6},{"damage":0,"enemies":"Looter","floor":14,"turns":4},{"damage":30,"enemies":"The Guardian","floor":16,"turns":12},{"damage":25,"enemies":"Shell Parasite","floor":18,"turns":9},{"damage":3,"enemies":"3 Byrds","floor":24,"turns":7},{"damage":11,"enemies":"Centurion and Healer","floor":27,"turns":5},{"damage":24,"enemies":"Snake Plant","floor":29,"turns":5},{"damage":24,"enemies":"Cultist and Chosen","floor":30,"turns":6}],"event_choices":[{"event_name":"The Woman in Blue","player_choice":"Bought 0 Potions","floor":2,"damage_taken":0},{"event_name":"Big Fish","player_choice":"Box","floor":4,"damage_taken":0},{"event_name":"The Lab","player_choice":"Got Potions","floor":5,"damage_taken":0},{"event_name":"World of Goop","player_choice":"Gather Gold","floor":13,"damage_taken":0},{"event_name":"The Mausoleum","player_choice":"Yes","floor":19,"damage_taken":0},{"event_name":"Addict","player_choice":"Obtained Relic","floor":21,"damage_taken":0}],"boss_relics":[{"not_picked":["Ectoplasm","Cursed Key"],"picked":"Calling Bell"}],"potions_floor_spawned":[1,8,10,24,29],"seed_played":"5241156709753473041","killed_by":"Cultist and Chosen","ascension_level":0,"is_trial":false}