{"path_per_floor":["M","M","$","?","M","R","E","R","T","?","R","M","T","M","R","B",null,"M","?","?","$","M"],"character_chosen":"THE_SILENT","items_purchased":["Escape Plan","Acrobatics"],"gold_per_floor":[112,127,12,87,99,99,132,132,132,82,82,92,92,104,104,205,205,222,222,222,70,83,83],"floor_reached":23,"campfire_rested":0,"playtime":1486,"current_hp_per_floor":[70,70,70,59,59,59,51,51,51,51,51,51,51,51,51,49,70,68,68,68,68,57,42],"items_purged":["Strike_G","Defend_G"],"gold":83,"score":189,"play_id":"e5bd8390-2527-4dba-85db-841283fbb9a9","local_time":"20180327204743","is_prod":false,"is_daily":false,"is_ascension_mode":false,"campfire_upgraded":4,"timestamp":1522198063,"path_taken":["M","M","$","?","M","R","E","R","T","?","R","?","?","?","R","BOSS","M","?","?","$","?","E"],"build_version":"2018-03-22v2","purchased_purges":2,"victory":false,"master_deck":["Defend_G","Defend_G","Strike_G+1","Strike_G+1","Strike_G+1","Survivor","Neutralize+1","Prepared+1","Acrobatics","Escape Plan+1","Escape Plan","Calculated Gamble","Acrobatics","Acrobatics"],"max_hp_per_floor":[70,70,70,70,70,70,70,70,70,70,70,70,70,70,70,70,70,70,70,70,70,70,70],"relics":["Ring of the Snake","Paper Crane","Whetstone","Happy Flower","Question Card"],"card_choices":[{"not_picked":["Deadly Poison","Quick Slash"],"picked":"Acrobatics","floor":2},{"not_picked":["Backflip","Setup"],"picked":"Escape Plan","floor":5},{"not_picked":["Underhanded Strike","Dash","Dagger Throw"],"picked":"Calculated Gamble","floor":18}],"player_experience":125572,"potions_floor_usage":[7,7,16,23],"damage_taken":[{"damage":0,"enemies":"Small Slimes","floor":1,"turns":5},{"damage":0,"enemies":"Jaw Worm","floor":2,"turns":6},{"damage":0,"enemies":"2 Louse","floor":5,"turns":3},{"damage":8,"enemies":"Lagavulin","floor":7,"turns":8},{"damage":0,"enemies":"2 Fungi Beasts","floor":12,"turns":4},{"damage":0,"enemies":"Exordium Wildlife","floor":14,"turns":4},{"damage":17,"enemies":"The Guardian","floor":16,"turns":15},{"damage":2,"enemies":"3 Byrds","floor":18,"turns":8},{"damage":11,"enemies":"Shell Parasite","floor":22,"turns":7},{"damage":15,"enemies":"Gremlin Leader","floor":23,"turns":5}],"event_choices":[{"event_name":"World of Goop","player_choice":"Gather Gold","floor":4,"damage_taken":0},{"event_name":"The Cleric","player_choice":"Card Removal","floor":10,"damage_taken":0},{"event_name":"Back to Basics","player_choice":"Elegance","floor":19,"damage_taken":0},{"event_name":"The Library","player_choice":"Read","floor":20,"damage_taken":0}],"boss_relics":[{"not_picked":["Snecko Eye","Runic Dome"],"picked":"Question Card"}],"potions_floor_spawned":[1,5,7,16,22],"seed_played":"5506445559723099842","killed_by":"Gremlin Leader","ascension_level":0,"is_trial":false}