{"path_per_floor":["M","M","M","?","M","M","$","?","T","M","R","M","R","M","R","B",null,"M","?","$","M","?","R"],"character_chosen":"THE_SILENT","items_purchased":["Lantern","Footwork"],"gold_per_floor":[119,130,145,145,158,176,33,33,59,77,77,47,47,57,57,155,155,174,99,61,74,74,74,74],"floor_reached":24,"campfire_rested":0,"playtime":2250,"current_hp_per_floor":[70,70,70,70,65,64,64,70,70,64,64,61,61,61,61,11,70,49,49,49,41,41,41,0],"items_purged":[],"gold":74,"score":190,"play_id":"8c6bc9bb-6f39-4b38-852e-b70ddcd9e2d8","local_time":"20180326113453","is_prod":false,"is_daily":false,"is_ascension_mode":false,"campfire_upgraded":4,"timestamp":1522078493,"path_taken":["M","?","?","?","M","M","?","?","T","M","R","?","R","M","R","BOSS","M","?","$","M","?","R","M"],"build_version":"2018-03-22v2","purchased_purges":0,"victory":false,"master_deck":["Defend_G+1","Defend_G+1","Defend_G+1","Defend_G+1","Defend_G+1","Strike_G+1","Strike_G+1","Strike_G+1","Strike_G+1","Survivor","Neutralize+1","Prepared+1","Blur","Distraction","Backflip","Escape Plan+1","Acrobatics","Die Die Die","Footwork+1","Heel Hook+1"],"max_hp_per_floor":[70,70,70,70,70,70,70,70,70,70,70,70,70,70,70,70,70,70,67,67,67,67,67,67],"relics":["Ring of the Snake","Lantern","Omamori","Calling Bell","Mummified Hand","Vajra","Ninja Scroll"],"card_choices":[{"not_picked":["Malaise","Deadly Poison"],"picked":"Prepared","floor":2},{"not_picked":["Leg Sweep","Distraction"],"picked":"Blur","floor":3},{"not_picked":["Flechettes","Blade Dance"],"picked":"Backflip","floor":5},{"not_picked":["Acrobatics","Die Die Die"],"picked":"Escape Plan","floor":6},{"not_picked":["All Out Attack","Underhanded Strike"],"picked":"Acrobatics","floor":10},{"not_picked":["Phantasmal Killer","Storm of Steel"],"picked":"Die Die Die","floor":16},{"not_picked":["Underhanded Strike","Infinite Blades"],"picked":"Heel Hook","floor":21}],"player_experience":69146,"potions_floor_usage":[12,18,18],"damage_taken":[{"damage":0,"enemies":"Cultist","floor":1,"turns":3},{"damage":0,"enemies":"Small Slimes","floor":2,"turns":4},{"damage":0,"enemies":"2 Louse","floor":3,"turns":3},{"damage":5,"enemies":"Red Slaver","floor":5,"turns":7},{"damage":1,"enemies":"Blue Slaver","floor":6,"turns":8},{"damage":6,"enemies":"Gremlin Gang","floor":10,"turns":12},{"damage":3,"enemies":"Exordium Thugs","floor":12,"turns":8},{"damage":0,"enemies":"Blue Slaver","floor":14,"turns":5},{"damage":50,"enemies":"The Guardian","floor":16,"turns":35},{"damage":30,"enemies":"Chosen","floor":18,"turns":7},{"damage":8,"enemies":"Spheric Guardian","floor":21,"turns":14},{"damage":49,"enemies":"Cultist and Chosen","floor":24,"turns":9}],"event_choices":[{"event_name":"Transmorgrifier","player_choice":"Transform","floor":4,"damage_taken":0},{"event_name":"Wheel of Change","player_choice":"Full Heal","floor":8,"damage_taken":0},{"event_name":"Beggar","player_choice":"Gave Gold","floor":19,"damage_taken":0},{"event_name":"Back to Basics","player_choice":"Simplicity","floor":22,"damage_taken":0}],"boss_relics":[{"not_picked":["Lizard Tail","Question Card"],"picked":"Calling Bell"}],"potions_floor_spawned":[1,3,12,18],"seed_played":"-463782345293514276","killed_by":"Cultist and Chosen","ascension_level":0,"is_trial":false}