{"path_per_floor":["M","M","M","M","?","R","$","M","T","M","M","R","M","?","R","B",null,"M","M","$","M","M","E","R","M","T","R","?","T","M","M","R","B",null,"M","?","?","M","M","R","E","R","T","$","?","M","M","?","R","B"],"character_chosen":"THE_SILENT","items_purchased":["Footwork","Vajra","Calipers"],"gold_per_floor":[119,135,147,167,167,167,18,30,60,80,96,96,116,145,145,243,243,262,278,122,134,153,178,178,195,195,195,195,222,235,249,249,346,346,363,363,363,381,396,396,426,426,452,61,0,10,25,25,25,25],"floor_reached":51,"campfire_rested":3,"playtime":5064,"current_hp_per_floor":[70,68,68,58,46,46,46,48,48,50,52,52,47,46,46,48,70,68,70,70,51,44,33,33,35,35,56,56,56,58,60,60,52,70,70,70,70,45,40,70,59,59,66,66,66,68,60,60,77,76],"items_purged":["Strike_G","Strike_G"],"gold":25,"score":695,"play_id":"4cadccac-620e-4138-b604-e92845e522b4","local_time":"20180326181645","is_prod":false,"is_daily":false,"is_ascension_mode":false,"campfire_upgraded":6,"timestamp":1522102605,"path_taken":["M","?","?","M","?","R","$","?","T","M","M","R","?","?","R","BOSS","M","M","$","M","?","E","R","M","T","R","?","?","M","M","R","BOSS","M","?","?","M","?","R","E","R","T","$","?","M","M","?","R","BOSS"],"build_version":"2018-03-22v2","purchased_purges":3,"victory":true,"master_deck":["Defend_G+1","Defend_G+1","Defend_G+1","Defend_G+1","Defend_G+1","Strike_G+1","Strike_G+1","Strike_G+1","Survivor","Neutralize+1","Footwork+1","Backstab","All Out Attack","Footwork+1","Leg Sweep+1","Deflect","Cloak And Dagger+1","Cloak And Dagger+1","Tools of the Trade+1","Backflip","Escape Plan","Deflect+1","Acrobatics+1","Infinite Blades+1","Storm of Steel","Prepared","Adrenaline","Infinite Blades+1","Cloak And Dagger+1","Prepared+1","Blur+1","Dagger Spray+1","Adrenaline"],"max_hp_per_floor":[70,70,70,70,70,70,70,70,70,70,70,70,70,70,70,70,70,70,70,70,70,70,70,70,70,70,70,70,70,70,70,70,70,70,70,70,70,70,70,70,70,70,77,77,77,77,77,77,77,77],"relics":["Ring of the Snake","Blood Vial","Tiny Chest","Odd Mushroom","Black Star","Vajra","War Paint","Bronze Scales","Blue Candle","Regal Pillow","Sozu","Prayer Wheel","Bag of Preparation","Strawberry","Calipers","Red Mask"],"card_choices":[{"not_picked":["Infinite Blades","Poisoned Stab"],"picked":"Footwork","floor":1},{"not_picked":["Endless Agony","Dash"],"picked":"Backstab","floor":3},{"not_picked":["Deflect","Dagger Spray"],"picked":"All Out Attack","floor":4},{"not_picked":["Riddle With Holes","Poisoned Stab"],"picked":"Leg Sweep","floor":8},{"not_picked":["Sucker Punch","Eviscerate"],"picked":"Deflect","floor":10},{"not_picked":["Bane","Outmaneuver"],"picked":"Cloak And Dagger","floor":11},{"not_picked":["Eviscerate","Underhanded Strike"],"picked":"Cloak And Dagger","floor":13},{"not_picked":["Flechettes","Poisoned Stab"],"picked":"Die Die Die","floor":14},{"not_picked":["Glass Knife","Phantasmal Killer"],"picked":"Tools of the Trade","floor":16},{"not_picked":["Finisher","Underhanded Strike"],"picked":"Backflip","floor":18},{"not_picked":["Dagger Throw","Endless Agony"],"picked":"Escape Plan","floor":21},{"not_picked":["Deadly Poison","Acrobatics"],"picked":"Deflect","floor":22},{"not_picked":["Slice","PiercingWail"],"picked":"Acrobatics","floor":23},{"not_picked":["Dagger Spray","Underhanded Strike"],"picked":"Infinite Blades","floor":25},{"not_picked":["Outmaneuver","Sucker Punch"],"picked":"Storm of Steel","floor":30},{"not_picked":["Sucker Punch","Quick Slash"],"picked":"Prepared","floor":31},{"not_picked":["Night Terror","A Thousand Cuts"],"picked":"Adrenaline","floor":33},{"not_picked":["Quick Slash","Underhanded Strike"],"picked":"Infinite Blades","floor":38},{"not_picked":["Quick Slash","Acrobatics"],"picked":"Cloak And Dagger","floor":39},{"not_picked":["Riddle With Holes","Dagger Throw"],"picked":"Prepared","floor":43},{"not_picked":["Sucker Punch","Underhanded Strike"],"picked":"Blur","floor":46},{"not_picked":["Quick Slash","Deadly Poison"],"picked":"Dagger Spray","floor":47}],"player_experience":89946,"potions_floor_usage":[4,18,18,23,23,23,47,50],"damage_taken":[{"damage":0,"enemies":"Cultist","floor":1,"turns":5},{"damage":2,"enemies":"Small Slimes","floor":2,"turns":4},{"damage":0,"enemies":"Jaw Worm","floor":3,"turns":4},{"damage":10,"enemies":"Exordium Thugs","floor":4,"turns":6},{"damage":0,"enemies":"Red Slaver","floor":8,"turns":5},{"damage":0,"enemies":"Large Slime","floor":10,"turns":8},{"damage":0,"enemies":"Looter","floor":11,"turns":5},{"damage":7,"enemies":"Gremlin Gang","floor":13,"turns":5},{"damage":3,"enemies":"The Mushroom Lair","floor":14,"turns":5},{"damage":0,"enemies":"The Guardian","floor":16,"turns":25},{"damage":2,"enemies":"Chosen","floor":18,"turns":6},{"damage":0,"enemies":"Shell Parasite","floor":19,"turns":10},{"damage":19,"enemies":"Chosen and Byrds","floor":21,"turns":13},{"damage":9,"enemies":"3 Cultists","floor":22,"turns":6},{"damage":13,"enemies":"Slavers","floor":23,"turns":10},{"damage":0,"enemies":"Slaver and Parasite","floor":25,"turns":9},{"damage":0,"enemies":"Centurion and Healer","floor":30,"turns":10},{"damage":0,"enemies":"Snecko","floor":31,"turns":6},{"damage":10,"enemies":"Automaton","floor":33,"turns":17},{"damage":0,"enemies":"Orb Walker","floor":35,"turns":3},{"damage":25,"enemies":"3 Darklings","floor":38,"turns":5},{"damage":7,"enemies":"Sphere and 2 Shapes","floor":39,"turns":5},{"damage":11,"enemies":"Nemesis","floor":41,"turns":10},{"damage":0,"enemies":"4 Shapes","floor":46,"turns":5},{"damage":10,"enemies":"3 Darklings","floor":47,"turns":5},{"damage":1,"enemies":"Awakened One","floor":50,"turns":34}],"event_choices":[{"event_name":"Scrap Ooze","player_choice":"success","floor":5,"damage_taken":12},{"event_name":"Mushrooms","player_choice":"Fought Mushrooms","floor":14,"damage_taken":0},{"event_name":"Back to Basics","player_choice":"Simplicity","floor":28,"damage_taken":0},{"event_name":"Upgrade Shrine","player_choice":"Upgraded","floor":37,"damage_taken":0},{"event_name":"Tomb of Lord Red Mask","player_choice":"Paid","floor":45,"damage_taken":0},{"event_name":"Duplicator","player_choice":"One dupe","floor":48,"damage_taken":0}],"boss_relics":[{"not_picked":["Calling Bell","Question Card"],"picked":"Black Star"},{"not_picked":["Orrery","Snecko Eye"],"picked":"Sozu"}],"potions_floor_spawned":[1,3,10,14,19,21,30,33,38,46,47],"seed_played":"-8997666592724081577","ascension_level":0,"is_trial":false}