{"path_per_floor":["M","M","$","M","?","R","M","M","T","M","$","M","M","?","R","B",null,"M","?","M","M","?","R","M","$","T","E","?","$","?","M","R","B",null,"M","M","?","$","M","R","E","R","T","$","?","?","M","M","R"],"character_chosen":"THE_SILENT","items_purchased":["Blade Dance","Accuracy","Madness","Art of War","Finesse","Adrenaline","Master of Strategy"],"gold_per_floor":[219,231,89,108,108,108,128,146,173,188,53,69,81,256,256,352,352,363,363,375,395,395,395,415,49,72,105,105,16,16,29,29,124,124,142,160,208,132,144,144,176,176,202,14,0,0,14,25,25,25],"floor_reached":50,"campfire_rested":3,"playtime":4717,"current_hp_per_floor":[70,68,68,68,61,61,52,52,52,52,52,52,51,51,51,2,70,65,65,37,24,24,45,45,45,45,14,14,14,14,49,49,25,49,49,49,18,18,49,49,22,36,36,36,36,30,23,28,42,0],"items_purged":["Strike_G","Strike_G","Doubt"],"gold":25,"score":537,"play_id":"bded21d3-61fc-4c5a-af98-d58ef61c6923","local_time":"20180325152214","is_prod":false,"is_daily":false,"is_ascension_mode":false,"campfire_upgraded":4,"timestamp":1522005734,"path_taken":["M","M","$","M","?","R","M","M","T","M","$","?","M","?","R","BOSS","M","?","M","?","?","R","M","$","T","E","?","?","?","M","R","BOSS","M","M","?","$","M","R","E","R","T","$","?","?","M","M","R","BOSS"],"build_version":"2018-03-22v2","purchased_purges":4,"victory":false,"master_deck":["Defend_G","Defend_G","Defend_G","Defend_G","Defend_G","Survivor","Neutralize","Die Die Die","Blade Dance+1","Cloak And Dagger+1","Acrobatics","Backflip","Accuracy+1","Blade Dance","PiercingWail","Footwork","Dagger Throw","Blur","Footwork","Acrobatics+1","Infinite Blades+1","Endless Agony+1","Madness","Bite","Bite","Bite","Bite","Bite","Finesse","After Image+1","Adrenaline","Slice+1","Endless Agony","Adrenaline","Master of Strategy","Madness","Madness","Cloak And Dagger","Cloak And Dagger+1"],"max_hp_per_floor":[70,70,70,70,70,70,70,70,70,70,70,70,70,70,70,70,70,70,70,70,70,70,70,70,70,70,70,49,49,49,49,49,49,49,49,49,49,49,49,49,49,49,49,49,49,49,49,49,49,49],"relics":["Ring of the Snake","Snake Skull","Orichalcum","Orrery","Art of War","Anchor","Toolbox","Lizard Tail","Calipers","Shuriken","Bag of Marbles","Red Mask"],"card_choices":[{"not_picked":["Choke","Footwork"],"picked":"Die Die Die","floor":1},{"not_picked":["Expertise","Deadly Poison"],"picked":"Cloak And Dagger","floor":7},{"not_picked":["Flying Knee","Choke"],"picked":"Acrobatics","floor":8},{"not_picked":["Expertise","Sucker Punch"],"picked":"Backflip","floor":10},{"not_picked":["Underhanded Strike","Poisoned Stab"],"picked":"Blade Dance","floor":13},{"not_picked":["Blur","Dodge and Roll"],"picked":"PiercingWail","floor":17},{"not_picked":["Underhanded Strike","PiercingWail"],"picked":"Footwork","floor":17},{"not_picked":["Noxious Fumes","Skewer"],"picked":"Dagger Throw","floor":17},{"not_picked":["Malaise","PiercingWail"],"picked":"Blur","floor":17},{"not_picked":["Poisoned Stab","Masterful Stab"],"picked":"Footwork","floor":17},{"not_picked":["Underhanded Strike","Distraction"],"picked":"Acrobatics","floor":18},{"not_picked":["Prepared","Skewer"],"picked":"Endless Agony","floor":20},{"not_picked":["Backflip","Dagger Spray"],"picked":"After Image","floor":31},{"not_picked":["Night Terror","Glass Knife"],"picked":"Adrenaline","floor":33},{"not_picked":["Deadly Poison","Quick Slash"],"picked":"Slice","floor":36},{"not_picked":["Bane","Predator"],"picked":"Endless Agony","floor":37},{"not_picked":["Dodge and Roll","Accuracy"],"picked":"Cloak And Dagger","floor":47},{"not_picked":["Riddle With Holes","Bane"],"picked":"Cloak And Dagger","floor":48}],"player_experience":37586,"potions_floor_usage":[16,16,16,21,27,31,33,50,50],"damage_taken":[{"damage":0,"enemies":"2 Louse","floor":1,"turns":3},{"damage":2,"enemies":"Jaw Worm","floor":2,"turns":5},{"damage":0,"enemies":"Cultist","floor":4,"turns":4},{"damage":9,"enemies":"Blue Slaver","floor":7,"turns":3},{"damage":0,"enemies":"2 Fungi Beasts","floor":8,"turns":2},{"damage":0,"enemies":"3 Louse","floor":10,"turns":3},{"damage":0,"enemies":"Looter","floor":12,"turns":3},{"damage":1,"enemies":"Gremlin Gang","floor":13,"turns":3},{"damage":49,"enemies":"The Guardian","floor":16,"turns":13},{"damage":5,"enemies":"Chosen","floor":18,"turns":8},{"damage":28,"enemies":"Spheric Guardian","floor":20,"turns":6},{"damage":13,"enemies":"Cultist and Chosen","floor":21,"turns":7},{"damage":0,"enemies":"Snecko","floor":24,"turns":4},{"damage":31,"enemies":"Gremlin Leader","floor":27,"turns":8},{"damage":2,"enemies":"Centurion and Healer","floor":31,"turns":16},{"damage":46,"enemies":"Champ","floor":33,"turns":14},{"damage":7,"enemies":"3 Darklings","floor":35,"turns":7},{"damage":0,"enemies":"Orb Walker","floor":36,"turns":2},{"damage":31,"enemies":"Mysterious Sphere","floor":37,"turns":8},{"damage":5,"enemies":"3 Darklings","floor":39,"turns":18},{"damage":33,"enemies":"Nemesis","floor":41,"turns":11},{"damage":11,"enemies":"Sphere and 2 Shapes","floor":47,"turns":6},{"damage":3,"enemies":"4 Shapes","floor":48,"turns":7},{"damage":113,"enemies":"Time Eater","floor":50,"turns":14}],"event_choices":[{"event_name":"Scrap Ooze","player_choice":"success","floor":5,"damage_taken":7},{"event_name":"Liars Game","player_choice":"agreed","floor":14,"damage_taken":0},{"event_name":"The Library","player_choice":"Read","floor":19,"damage_taken":0},{"event_name":"Upgrade Shrine","player_choice":"Upgraded","floor":22,"damage_taken":0},{"event_name":"Vampires","player_choice":"Became a vampire","floor":28,"damage_taken":0},{"event_name":"Cursed Tome","player_choice":"Ignored","floor":30,"damage_taken":0},{"event_name":"Mysterious Sphere","player_choice":"Fight","floor":37,"damage_taken":0},{"event_name":"Tomb of Lord Red Mask","player_choice":"Paid","floor":45,"damage_taken":0},{"event_name":"Winding Halls","player_choice":"Embrace Madness","floor":46,"damage_taken":0}],"boss_relics":[{"not_picked":["Snecko Eye","Philosopher\u0027s Stone"],"picked":"Orrery"},{"not_picked":["Pandora\u0027s Box","White Beast Statue"],"picked":"Lizard Tail"}],"potions_floor_spawned":[1,2,13,20,21,24,27,39,41],"seed_played":"-4259195146515998053","killed_by":"Time Eater","ascension_level":0,"is_trial":false}