{"path_per_floor":["M","?","$","M","M","R","M","M","T","R","M","$","?","M","R","B",null,"M","?","?","?","M","R","M"],"character_chosen":"THE_SILENT","items_purchased":[],"gold_per_floor":[119,119,44,59,73,73,92,113,139,139,152,152,152,170,170,296,296,284,384,384,384,403,403,426,426],"floor_reached":25,"campfire_rested":1,"playtime":1154,"current_hp_per_floor":[70,53,53,53,53,53,46,46,46,46,41,41,41,40,61,2,70,54,54,54,54,44,44,8,7],"items_purged":["Strike_G"],"gold":426,"score":195,"play_id":"85fb96e2-6654-4d62-85e2-901fe71e3af0","local_time":"20180329122835","is_prod":false,"is_daily":false,"is_ascension_mode":false,"campfire_upgraded":3,"timestamp":1522340915,"path_taken":["M","?","$","M","M","R","M","?","T","R","M","$","?","?","R","BOSS","M","?","?","?","?","R","M","?"],"build_version":"2018-03-22v2","purchased_purges":1,"victory":false,"master_deck":["Defend_G","Defend_G","Defend_G","Defend_G","Defend_G","Strike_G","Strike_G","Strike_G","Survivor","Neutralize+1","Riddle With Holes+1","Acrobatics+1"],"max_hp_per_floor":[70,70,70,70,70,70,70,70,70,70,70,70,70,70,70,70,70,70,70,70,70,70,70,70,70],"relics":["Ring of the Snake","Golden Idol","Bag of Preparation","Lizard Tail"],"card_choices":[{"not_picked":["Well Laid Plans","Eviscerate"],"picked":"Acrobatics","floor":1}],"player_experience":159580,"potions_floor_usage":[8,16,16,24],"damage_taken":[{"damage":0,"enemies":"Small Slimes","floor":1,"turns":4},{"damage":0,"enemies":"Cultist","floor":4,"turns":3},{"damage":0,"enemies":"Jaw Worm","floor":5,"turns":4},{"damage":7,"enemies":"Gremlin Gang","floor":7,"turns":14},{"damage":0,"enemies":"2 Fungi Beasts","floor":8,"turns":4},{"damage":5,"enemies":"Blue Slaver","floor":11,"turns":5},{"damage":1,"enemies":"3 Louse","floor":14,"turns":3},{"damage":59,"enemies":"Slime Boss","floor":16,"turns":21},{"damage":16,"enemies":"2 Thieves","floor":18,"turns":4},{"damage":10,"enemies":"Shell Parasite","floor":22,"turns":7},{"damage":36,"enemies":"Cultist and Chosen","floor":24,"turns":10},{"damage":1,"enemies":"Centurion and Healer","floor":25,"turns":3}],"event_choices":[{"event_name":"Golden Idol","player_choice":"Take Damage","floor":2,"damage_taken":0},{"event_name":"Match and Keep!","player_choice":"0 cards matched","floor":13,"damage_taken":0},{"event_name":"Golden Shrine","player_choice":"Pray","floor":19,"damage_taken":0},{"event_name":"Drug Dealer","player_choice":"Ignored","floor":20,"damage_taken":0},{"event_name":"Duplicator","player_choice":"Ignored","floor":21,"damage_taken":0}],"boss_relics":[{"not_picked":["The Specimen","Philosopher\u0027s Stone"],"picked":"Lizard Tail"}],"potions_floor_spawned":[1,4,11,16],"seed_played":"4770987524950209511","killed_by":"Centurion and Healer","ascension_level":0,"is_trial":false}