{"path_per_floor":["M","?","?","M","$","E","R","E","T","?","M","E","T","M","R","B",null,"M","?","?","?","M","E","M","E","T","E","?","R","M","?","R","B",null,"M","$","?","M","?","E","M","E","T","R","M","E","M","?","R","B"],"character_chosen":"THE_SILENT","items_purchased":["Panache","Membership Card","Whetstone"],"gold_per_floor":[110,110,110,129,54,82,82,117,143,218,230,261,261,272,272,377,377,389,389,389,639,650,677,693,726,751,781,781,781,796,796,796,899,899,919,389,389,403,403,428,439,471,471,471,488,523,543,0,0,0],"floor_reached":51,"campfire_rested":5,"playtime":3096,"current_hp_per_floor":[69,57,50,50,50,39,60,48,48,37,39,29,29,31,52,23,70,67,67,67,67,66,46,38,26,26,25,9,46,40,40,76,31,78,78,78,78,78,78,70,74,75,75,75,67,71,70,70,90,14],"items_purged":["Strike_G"],"gold":0,"score":967,"play_id":"93f1af95-3b91-494c-8328-3a367be66326","local_time":"20180403182455","is_prod":false,"is_daily":false,"is_ascension_mode":true,"campfire_upgraded":1,"timestamp":1522794295,"path_taken":["M","?","?","?","$","E","R","E","T","?","M","E","?","M","R","BOSS","M","?","?","?","M","E","M","E","T","E","?","R","M","?","R","BOSS","M","$","?","M","?","E","M","E","T","R","M","E","M","?","R","BOSS"],"build_version":"2018-03-29v2","purchased_purges":1,"victory":true,"master_deck":["Defend_G","Defend_G","Strike_G","Strike_G","Strike_G+1","Strike_G","Survivor","Neutralize+1","Terror","Blade Dance+1","Bullet Time+1","Riddle With Holes","Cloak And Dagger+1","Dagger Spray+1","Crippling Poison+1","Acrobatics+1","Acrobatics+1","Skewer+1","Writhe","Well Laid Plans+1","Panache+1","Infinite Blades","Injury"],"max_hp_per_floor":[70,70,70,70,70,70,70,70,70,70,70,70,70,70,70,70,70,70,70,70,70,70,72,72,74,74,74,74,74,76,76,76,78,78,78,78,78,78,78,80,82,84,84,84,86,88,90,90,90,90],"relics":["Ring of the Snake","Blood Vial","Toxic Egg 2","Toolbox","Omamori","Molten Egg 2","Gambling Chip","Cursed Key","Singing Bowl","Juzu Bracelet","Regal Pillow","Mummified Hand","Enchiridion","Lantern","Runic Dome","Membership Card","Whetstone","Orichalcum","Mercury Hourglass","Peace Pipe","Snake Skull","Red Mask"],"card_choices":[{"not_picked":["Catalyst","Reflex"],"picked":"Terror","floor":1.0},{"not_picked":["Underhanded Strike","Finisher"],"picked":"Blade Dance","floor":4.0},{"not_picked":["Deadly Poison","Flying Knee"],"picked":"Bullet Time","floor":6.0},{"not_picked":["Sucker Punch","Unload"],"picked":"Riddle With Holes","floor":8.0},{"not_picked":["Bouncing Flask","Dodge and Roll"],"picked":"Cloak And Dagger","floor":11.0},{"not_picked":["Eviscerate","Bouncing Flask"],"picked":"Dagger Spray","floor":14.0},{"not_picked":["Sucker Punch","Deadly Poison"],"picked":"Crippling Poison","floor":18.0},{"not_picked":["Prepared","Quick Slash"],"picked":"Acrobatics","floor":22.0},{"not_picked":["Reflex","Noxious Fumes"],"picked":"Acrobatics","floor":24.0},{"not_picked":["Quick Slash","Reflex"],"picked":"Skewer","floor":27.0},{"not_picked":["Deadly Poison","Deflect"],"picked":"Well Laid Plans","floor":35.0},{"not_picked":["Dodge and Roll","Quick Slash"],"picked":"Infinite Blades","floor":38.0}],"player_experience":107569,"potions_floor_usage":[46,47,50],"damage_taken":[{"damage":1.0,"enemies":"Small Slimes","floor":1.0,"turns":6.0},{"damage":2.0,"enemies":"2 Louse","floor":4.0,"turns":3.0},{"damage":13.0,"enemies":"Lagavulin","floor":6.0,"turns":7.0},{"damage":14.0,"enemies":"3 Sentries","floor":8.0,"turns":8.0},{"damage":0.0,"enemies":"Cultist","floor":11.0,"turns":2.0},{"damage":12.0,"enemies":"Lagavulin","floor":12.0,"turns":6.0},{"damage":0.0,"enemies":"Lots of Slimes","floor":14.0,"turns":4.0},{"damage":31.0,"enemies":"Hexaghost","floor":16.0,"turns":11.0},{"damage":3.0,"enemies":"Shell Parasite","floor":18.0,"turns":2.0},{"damage":3.0,"enemies":"2 Thieves","floor":22.0,"turns":3.0},{"damage":24.0,"enemies":"Gremlin Leader","floor":23.0,"turns":5.0},{"damage":10.0,"enemies":"Cultist and Chosen","floor":24.0,"turns":4.0},{"damage":16.0,"enemies":"Slavers","floor":25.0,"turns":3.0},{"damage":3.0,"enemies":"Book of Stabbing","floor":27.0,"turns":2.0},{"damage":10.0,"enemies":"Centurion and Healer","floor":30.0,"turns":4.0},{"damage":47.0,"enemies":"Champ","floor":33.0,"turns":8.0},{"damage":0.0,"enemies":"Orb Walker","floor":35.0,"turns":1.0},{"damage":0.0,"enemies":"3 Darklings","floor":38.0,"turns":1.0},{"damage":10,"enemies":"2 Orb Walkers","floor":40,"turns":2},{"damage":0,"enemies":"Sphere and 2 Shapes","floor":41,"turns":1},{"damage":3,"enemies":"Giant Head","floor":42,"turns":5},{"damage":12,"enemies":"4 Shapes","floor":45,"turns":1},{"damage":0,"enemies":"2 Orb Walkers","floor":46,"turns":2},{"damage":14,"enemies":"Maw","floor":47,"turns":5},{"damage":76,"enemies":"Donu and Deca","floor":50,"turns":7}],"event_choices":[{"event_name":"Scrap Ooze","player_choice":"success","floor":2.0,"damage_taken":12.0},{"event_name":"Golden Wing","player_choice":"Card Removal","floor":3.0,"damage_taken":0.0},{"event_name":"World of Goop","player_choice":"Gather Gold","floor":10.0,"damage_taken":0.0},{"event_name":"Purifier","player_choice":"One Purge","floor":19.0,"damage_taken":0.0},{"event_name":"The Lab","player_choice":"Got Potions","floor":20.0,"damage_taken":0.0},{"event_name":"Golden Shrine","player_choice":"Desecrate","floor":21.0,"damage_taken":0.0},{"event_name":"Cursed Tome","player_choice":"Obtained Book","floor":28.0,"damage_taken":0.0},{"event_name":"The Mausoleum","player_choice":"Yes","floor":31.0,"damage_taken":0.0},{"event_name":"Upgrade Shrine","player_choice":"Upgraded","floor":37.0,"damage_taken":0.0},{"event_name":"Tomb of Lord Red Mask","player_choice":"Paid","floor":48,"damage_taken":0}],"boss_relics":[],"potions_floor_spawned":[1,4,11,14,18,23,30,38,41,42],"seed_played":"4406785425417621109","ascension_level":2,"is_trial":false}