{"path_per_floor":["M","?","M","?","M","R","M","R","T","R","M","M","M","M","R","B",null,"M","M","M"],"character_chosen":"THE_SILENT","items_purchased":[],"gold_per_floor":[13,13,28,28,48,48,59,59,59,59,71,81,94,113,113,216,216,231,248,260,260],"floor_reached":21,"campfire_rested":1,"playtime":1319,"current_hp_per_floor":[70,63,63,63,63,63,55,55,55,55,53,47,47,47,68,36,70,54,45,7,0],"items_purged":[],"gold":260,"score":177,"play_id":"a05e87d1-a6fe-4a92-bf20-fba4a6608787","local_time":"20180325235005","is_prod":false,"is_daily":false,"is_ascension_mode":false,"campfire_upgraded":2,"timestamp":1522036205,"path_taken":["M","?","M","?","M","R","M","R","T","R","M","M","?","M","R","BOSS","M","M","?","M"],"build_version":"2018-03-22v2","purchased_purges":0,"victory":false,"master_deck":["Defend_G","Defend_G","Defend_G","Defend_G","Defend_G","Strike_G","Strike_G","Strike_G","Survivor","Neutralize+1","Grand Finale","Prepared+1","Adrenaline","Dagger Throw+1","Endless Agony"],"max_hp_per_floor":[70,70,70,70,70,70,70,70,70,70,70,70,70,70,70,70,70,70,70,70,70],"relics":["Ring of the Snake","Peace Pipe","Question Card"],"card_choices":[{"not_picked":["Phantasmal Killer","Venomology"],"picked":"Grand Finale","floor":0},{"not_picked":["Dagger Spray","Bane"],"picked":"Prepared","floor":1},{"not_picked":["A Thousand Cuts","Bullet Time"],"picked":"Adrenaline","floor":16},{"not_picked":["Underhanded Strike","Sucker Punch","Bane"],"picked":"Dagger Throw","floor":18},{"not_picked":["Sucker Punch","Deadly Poison","Poisoned Stab"],"picked":"Endless Agony","floor":20}],"player_experience":62611,"potions_floor_usage":[16,16],"damage_taken":[{"damage":0,"enemies":"2 Louse","floor":1,"turns":4},{"damage":0,"enemies":"Small Slimes","floor":3,"turns":2},{"damage":0,"enemies":"Jaw Worm","floor":5,"turns":8},{"damage":8,"enemies":"Exordium Wildlife","floor":7,"turns":7},{"damage":2,"enemies":"Exordium Thugs","floor":11,"turns":2},{"damage":6,"enemies":"Lots of Slimes","floor":12,"turns":3},{"damage":0,"enemies":"Red Slaver","floor":13,"turns":2},{"damage":0,"enemies":"3 Louse","floor":14,"turns":2},{"damage":32,"enemies":"The Guardian","floor":16,"turns":11},{"damage":16,"enemies":"Shell Parasite","floor":18,"turns":12},{"damage":9,"enemies":"3 Byrds","floor":19,"turns":8},{"damage":38,"enemies":"Snecko","floor":20,"turns":7},{"damage":7,"enemies":"Sentry and Sphere","floor":21,"turns":3}],"event_choices":[{"event_name":"Golden Wing","player_choice":"Card Removal","floor":2,"damage_taken":0},{"event_name":"The Cleric","player_choice":"Leave","floor":4,"damage_taken":0}],"boss_relics":[{"not_picked":["Philosopher\u0027s Stone","Velvet Choker"],"picked":"Question Card"}],"potions_floor_spawned":[7,11,12,16,20],"seed_played":"-4995044635182008347","killed_by":"Sentry and Sphere","ascension_level":0,"is_trial":false}