{"path_per_floor":["M","?","M","?","M","R","E","$","T","?","?","R","M","$","R","B",null,"M","?","?","M"],"character_chosen":"THE_SILENT","items_purchased":[],"gold_per_floor":[109,109,126,126,146,146,178,103,126,126,301,301,314,214,214,310,310,325,325,325,337,337],"floor_reached":22,"campfire_rested":1,"playtime":1824,"current_hp_per_floor":[70,75,75,75,75,75,56,56,56,49,49,49,46,46,75,18,75,42,42,42,1,1],"items_purged":["Strike_G","Doubt"],"gold":337,"score":182,"play_id":"5d0cfe8e-6f23-4642-9215-aade5004c98d","local_time":"20180329115005","is_prod":false,"is_daily":false,"is_ascension_mode":false,"campfire_upgraded":2,"timestamp":1522338605,"path_taken":["M","?","M","?","M","R","E","$","T","?","?","R","M","$","R","BOSS","M","?","?","M","M"],"build_version":"2018-03-22v2","purchased_purges":2,"victory":false,"master_deck":["Defend_G","Defend_G","Defend_G","Defend_G","Strike_G","Strike_G","Strike_G","Survivor","Neutralize+1","Acrobatics+1","Adrenaline"],"max_hp_per_floor":[70,75,75,75,75,75,75,75,75,75,75,75,75,75,75,75,75,75,75,75,75,75],"relics":["Ring of the Snake","Lantern","Regal Pillow","White Beast Statue"],"card_choices":[{"not_picked":["Slice","Noxious Fumes"],"picked":"Acrobatics","floor":3.0},{"not_picked":["Venomology","Corpse Explosion"],"picked":"Adrenaline","floor":16.0}],"player_experience":156674,"potions_floor_usage":[21,21],"damage_taken":[{"damage":0.0,"enemies":"Jaw Worm","floor":1.0,"turns":5.0},{"damage":0.0,"enemies":"Small Slimes","floor":3.0,"turns":4.0},{"damage":0.0,"enemies":"2 Louse","floor":5.0,"turns":4.0},{"damage":19.0,"enemies":"3 Sentries","floor":7.0,"turns":12.0},{"damage":3.0,"enemies":"Lots of Slimes","floor":13.0,"turns":8.0},{"damage":57.0,"enemies":"The Guardian","floor":16.0,"turns":29.0},{"damage":33,"enemies":"Shell Parasite","floor":18,"turns":25},{"damage":41,"enemies":"Spheric Guardian","floor":21,"turns":22},{"damage":0,"enemies":"Centurion and Healer","floor":22,"turns":2}],"event_choices":[{"event_name":"Big Fish","player_choice":"Donut","floor":2.0,"damage_taken":0.0},{"event_name":"Bonfire Elementals","player_choice":"BASIC","floor":4.0,"damage_taken":0.0},{"event_name":"Golden Wing","player_choice":"Card Removal","floor":10.0,"damage_taken":0.0},{"event_name":"Liars Game","player_choice":"agreed","floor":11.0,"damage_taken":0.0},{"event_name":"The Mausoleum","player_choice":"No","floor":19,"damage_taken":0},{"event_name":"Drug Dealer","player_choice":"Ignored","floor":20,"damage_taken":0}],"boss_relics":[{"not_picked":["Snecko Eye","Pandora\u0027s Box"],"picked":"White Beast Statue"}],"potions_floor_spawned":[1,3,7,13,18,21],"seed_played":"8768699743614216737","killed_by":"Centurion and Healer","ascension_level":0,"is_trial":false}