{"path_per_floor":["M","?","?","M","?","E","R","E","T","R","M","E","M","E","R","B",null,"M","?","?","$","M","R","M","R","T","E","M","M","E","?","R","B",null,"M","?","M","$","?","R"],"character_chosen":"THE_SILENT","items_purchased":["Matryoshka","Bag of Marbles","Apotheosis"],"gold_per_floor":[112,112,112,124,124,153,153,179,230,230,245,277,295,330,330,428,428,441,441,441,24,37,37,54,54,54,86,102,117,143,68,68,163,163,180,232,251,39,39,39,39],"floor_reached":41,"campfire_rested":2,"playtime":2238,"current_hp_per_floor":[63,63,63,63,60,34,34,16,16,37,39,26,28,10,31,8,70,68,61,49,49,36,36,32,32,32,25,40,48,42,42,42,42,53,55,42,54,54,47,47,0],"items_purged":[],"gold":39,"score":552,"play_id":"909a35e4-9dad-45b2-8411-25165c221c27","local_time":"20180403214343","is_prod":false,"is_daily":false,"is_ascension_mode":true,"campfire_upgraded":4,"timestamp":1522806223,"path_taken":["M","?","?","M","?","E","R","E","T","R","M","E","M","E","R","BOSS","M","?","?","$","M","R","M","R","T","E","?","M","E","?","R","BOSS","M","?","M","$","?","R","E"],"build_version":"2018-03-29v2","purchased_purges":0,"victory":false,"master_deck":["Defend_G","Defend_G","Defend_G","Defend_G","Survivor","Neutralize","Concentrate","Poisoned Stab","Endless Agony+1","Blade Dance+1","Backstab","Blade Dance","Masterful Stab","A Thousand Cuts+1","Bite","Bite","Bite","Bite","Bite","Concentrate+1","Dodge and Roll","Cloak And Dagger+1","Infinite Blades","Backstab","Apotheosis","Madness","Madness"],"max_hp_per_floor":[70,70,70,70,70,70,70,70,70,70,70,70,70,70,70,70,70,70,70,49,49,49,49,49,49,49,49,51,51,51,51,51,53,53,55,57,59,59,59,59,59],"relics":["Ring of the Snake","Kunai","Blue Candle","Anchor","Blood Vial","Omamori","Bottled Flame","Black Star","Matryoshka","Bag of Marbles","Ancient Tea Set","Bag of Preparation","Singing Bowl","Orichalcum","Juzu Bracelet","Prayer Wheel","Philosopher\u0027s Stone","Shovel","Letter Opener"],"card_choices":[{"not_picked":["Quick Slash","Deadly Poison"],"picked":"Concentrate","floor":1},{"not_picked":["Sucker Punch","Finisher"],"picked":"Endless Agony","floor":4},{"not_picked":["Flying Knee","Poisoned Stab"],"picked":"Blade Dance","floor":6},{"not_picked":["Endless Agony","Poisoned Stab"],"picked":"Backstab","floor":8},{"not_picked":["Sucker Punch","Caltrops"],"picked":"Blade Dance","floor":11},{"not_picked":["A Thousand Cuts","Deflect"],"picked":"Masterful Stab","floor":14},{"not_picked":["Corpse Explosion","Wraith Form"],"picked":"A Thousand Cuts","floor":16},{"not_picked":["Prepared","Dagger Throw"],"picked":"Masterful Stab","floor":18},{"not_picked":["Caltrops","Outmaneuver"],"picked":"Concentrate","floor":22},{"not_picked":["Expertise","Bane"],"picked":"Dodge and Roll","floor":24},{"not_picked":["Dagger Throw","A Thousand Cuts"],"picked":"Cloak And Dagger","floor":27},{"not_picked":["Crippling Poison","Setup"],"picked":"Infinite Blades","floor":29},{"not_picked":["Slice","Choke"],"picked":"Backstab","floor":30}],"player_experience":116177,"potions_floor_usage":[4,6,6,8,12,13,18,27,30,41,41,41],"damage_taken":[{"damage":7,"enemies":"Jaw Worm","floor":1,"turns":6},{"damage":0,"enemies":"2 Louse","floor":4,"turns":2},{"damage":38,"enemies":"Lagavulin","floor":6,"turns":8},{"damage":18,"enemies":"3 Sentries","floor":8,"turns":8},{"damage":0,"enemies":"Small Slimes","floor":11,"turns":1},{"damage":15,"enemies":"Gremlin Nob","floor":12,"turns":4},{"damage":0,"enemies":"Red Slaver","floor":13,"turns":3},{"damage":20,"enemies":"Lagavulin","floor":14,"turns":5},{"damage":25,"enemies":"Slime Boss","floor":16,"turns":13},{"damage":2,"enemies":"3 Byrds","floor":18,"turns":4},{"damage":17,"enemies":"Chosen","floor":22,"turns":4},{"damage":14,"enemies":"Snecko","floor":24,"turns":4},{"damage":21,"enemies":"Book of Stabbing","floor":27,"turns":5},{"damage":15,"enemies":"Centurion and Healer","floor":28,"turns":13},{"damage":0,"enemies":"3 Cultists","floor":29,"turns":3},{"damage":14,"enemies":"Slavers","floor":30,"turns":4},{"damage":30,"enemies":"Automaton","floor":33,"turns":11},{"damage":0,"enemies":"Orb Walker","floor":35,"turns":1},{"damage":19,"enemies":"Mysterious Sphere","floor":36,"turns":6},{"damage":0,"enemies":"3 Shapes","floor":37,"turns":3},{"damage":67,"enemies":"Giant Head","floor":41,"turns":8}],"event_choices":[{"event_name":"Living Wall","player_choice":"Change","floor":2,"damage_taken":0},{"event_name":"The Lab","player_choice":"Got Potions","floor":3,"damage_taken":0},{"event_name":"Scrap Ooze","player_choice":"success","floor":5,"damage_taken":3},{"event_name":"Wheel of Change","player_choice":"Damage","floor":19,"damage_taken":0},{"event_name":"Vampires","player_choice":"Became a vampire","floor":20,"damage_taken":0},{"event_name":"Beggar","player_choice":"Gave Gold","floor":31,"damage_taken":0},{"event_name":"Mysterious Sphere","player_choice":"Fight","floor":36,"damage_taken":0},{"event_name":"Winding Halls","player_choice":"Embrace Madness","floor":39,"damage_taken":0}],"boss_relics":[{"not_picked":["White Beast Statue","Pandora\u0027s Box"],"picked":"Black Star"},{"not_picked":["Tiny House","Runic Pyramid"],"picked":"Philosopher\u0027s Stone"}],"potions_floor_spawned":[4,8,12,14,16,24,29,33,36,37],"seed_played":"3424330869571879473","killed_by":"Giant Head","ascension_level":3,"is_trial":false}