{"path_per_floor":["M","?","?","?","?","E","R","E","T","R","M","M","?","M","R","B",null,"M","?","M","?","?","E","R","E","T","$","M","E","$","?","R","B",null,"M","?","?","M","$","?","R","?","T","M","M","E","R","M","R","B"],"character_chosen":"THE_SILENT","items_purchased":["Footwork","Torii","Frozen Eye"],"gold_per_floor":[113,113,113,113,213,251,251,285,333,333,353,369,444,469,469,595,595,535,460,484,484,484,511,511,539,539,160,179,211,4,4,4,99,99,113,113,113,133,133,185,185,185,208,219,230,258,258,275,275,275],"floor_reached":51,"campfire_rested":4,"playtime":3324,"current_hp_per_floor":[70,70,70,53,53,41,41,30,37,60,58,58,47,46,69,53,77,77,77,77,77,77,67,67,37,51,51,50,51,51,51,78,60,91,91,91,91,91,91,69,69,58,63,62,73,78,91,91,91,91],"items_purged":[],"gold":275,"score":862,"play_id":"03a902b1-ed39-4ce0-9f1d-ea67dbb46b7d","local_time":"20180329205616","is_prod":false,"is_daily":false,"is_ascension_mode":false,"campfire_upgraded":4,"timestamp":1522371376,"path_taken":["M","?","?","?","?","E","R","E","T","R","?","M","?","M","R","BOSS","M","?","M","?","?","E","R","E","T","$","?","E","$","?","R","BOSS","M","?","?","M","$","?","R","?","T","M","?","E","R","M","R","BOSS"],"build_version":"2018-03-22v2","purchased_purges":0,"victory":true,"master_deck":["Defend_G","Defend_G","Defend_G","Strike_G","Strike_G","Survivor","Neutralize+1","Cloak And Dagger","Noxious Fumes+1","Deflect","Adrenaline+1","Bouncing Flask+1","Outmaneuver+1","Dodge and Roll","Backflip","Acrobatics+1","Night Terror+1","Footwork+1","Escape Plan","Adrenaline","Distraction+1","Adrenaline+1","Cloak And Dagger+1","Madness","Madness","Outmaneuver","Crippling Poison","Terror"],"max_hp_per_floor":[70,70,70,70,70,70,70,70,77,77,77,77,77,77,77,77,77,77,77,77,77,77,77,77,77,91,91,91,91,91,91,91,91,91,91,91,91,91,91,91,91,91,91,91,91,91,91,91,91,91],"relics":["Ring of the Snake","Lantern","Bloody Idol","Oddly Smooth Stone","Pen Nib","Strawberry","Astrolabe","Ancient Tea Set","Dead Branch","Mango","Torii","Anchor","Frozen Eye","Black Star","Tingsha","Regal Pillow","Thread and Needle","Ice Cream"],"card_choices":[{"not_picked":["Choke","Tactician"],"picked":"Cloak And Dagger","floor":8},{"not_picked":["Accuracy","Deadly Poison"],"picked":"Noxious Fumes","floor":11},{"not_picked":["Distraction","Skewer"],"picked":"Deflect","floor":12},{"not_picked":["Terror","Underhanded Strike"],"picked":"Dodge and Roll","floor":18},{"not_picked":["Eviscerate","Sucker Punch"],"picked":"Backflip","floor":20},{"not_picked":["Prepared","Terror"],"picked":"Acrobatics","floor":23},{"not_picked":["Dagger Spray","Deflect"],"picked":"Night Terror","floor":25},{"not_picked":["Slice","Predator"],"picked":"Escape Plan","floor":29},{"not_picked":["After Image","Venomology"],"picked":"Adrenaline","floor":33},{"not_picked":["All Out Attack","Quick Slash"],"picked":"Distraction","floor":35},{"not_picked":["Masterful Stab","PiercingWail"],"picked":"Cloak And Dagger","floor":38},{"not_picked":["Slice","Skewer"],"picked":"Outmaneuver","floor":44},{"not_picked":["Prepared","Underhanded Strike"],"picked":"Crippling Poison","floor":45},{"not_picked":["Skewer","Bane"],"picked":"Terror","floor":46}],"player_experience":169868,"potions_floor_usage":[6,8,8,8,16,40,45,50],"damage_taken":[{"damage":0,"enemies":"2 Louse","floor":1,"turns":3},{"damage":12,"enemies":"3 Sentries","floor":6,"turns":11},{"damage":26,"enemies":"Lagavulin","floor":8,"turns":8},{"damage":2,"enemies":"Jaw Worm","floor":11,"turns":3},{"damage":0,"enemies":"Cultist","floor":12,"turns":4},{"damage":1,"enemies":"Gremlin Gang","floor":14,"turns":5},{"damage":16,"enemies":"The Guardian","floor":16,"turns":14},{"damage":0,"enemies":"2 Thieves","floor":18,"turns":4},{"damage":0,"enemies":"Spheric Guardian","floor":20,"turns":3},{"damage":15,"enemies":"Book of Stabbing","floor":23,"turns":6},{"damage":35,"enemies":"Slavers","floor":25,"turns":6},{"damage":6,"enemies":"Snake Plant","floor":28,"turns":4},{"damage":4,"enemies":"Book of Stabbing","floor":29,"turns":6},{"damage":23,"enemies":"Champ","floor":33,"turns":15},{"damage":0,"enemies":"3 Shapes","floor":35,"turns":4},{"damage":0,"enemies":"3 Darklings","floor":38,"turns":5},{"damage":27,"enemies":"Mysterious Sphere","floor":40,"turns":4},{"damage":6,"enemies":"Maw","floor":44,"turns":5},{"damage":0,"enemies":"Sphere and 2 Shapes","floor":45,"turns":3},{"damage":0,"enemies":"Nemesis","floor":46,"turns":3},{"damage":0,"enemies":"3 Darklings","floor":48,"turns":4},{"damage":0,"enemies":"Donu and Deca","floor":50,"turns":9}],"event_choices":[{"event_name":"Living Wall","player_choice":"Forget","floor":2,"damage_taken":0},{"event_name":"The Lab","player_choice":"Got Potions","floor":3,"damage_taken":0},{"event_name":"Golden Idol","player_choice":"Take Damage","floor":4,"damage_taken":0},{"event_name":"Golden Shrine","player_choice":"Pray","floor":5,"damage_taken":0},{"event_name":"World of Goop","player_choice":"Gather Gold","floor":13,"damage_taken":0},{"event_name":"Beggar","player_choice":"Gave Gold","floor":19,"damage_taken":0},{"event_name":"Forgotten Altar","player_choice":"Gave Idol","floor":21,"damage_taken":0},{"event_name":"Vampires","player_choice":"Ignored","floor":22,"damage_taken":0},{"event_name":"Drug Dealer","player_choice":"Ignored","floor":31,"damage_taken":0},{"event_name":"Duplicator","player_choice":"One dupe","floor":36,"damage_taken":0},{"event_name":"The Woman in Blue","player_choice":"Bought 0 Potions","floor":37,"damage_taken":0},{"event_name":"Mysterious Sphere","player_choice":"Fight","floor":40,"damage_taken":0},{"event_name":"Winding Halls","player_choice":"Embrace Madness","floor":42,"damage_taken":0}],"boss_relics":[{"not_picked":["Runic Pyramid","Lizard Tail"],"picked":"Astrolabe"},{"not_picked":["Tiny House","Orrery"],"picked":"Black Star"}],"potions_floor_spawned":[6,11,12,23,25,29,33,40,44],"seed_played":"6309573230940543033","ascension_level":0,"is_trial":false}