{"path_per_floor":["M","?","?","M","M","R","M","E","T","R","E","M","?","M","R","B",null,"M","M","$","?","?","E","R","E","T","M","R","?","?","M","R","B",null,"M","M","?","?","?","R","M","E","T","M","R","M","E","M","R","B"],"character_chosen":"THE_SILENT","items_purchased":["Lantern","Juzu Bracelet"],"gold_per_floor":[109,109,109,123,143,143,158,197,197,197,236,255,213,236,236,355,355,369,388,83,83,83,118,118,154,207,223,223,223,123,136,136,262,262,277,291,291,391,457,457,475,508,508,521,521,536,575,598,598,598],"floor_reached":51,"campfire_rested":4,"playtime":2982,"current_hp_per_floor":[66,49,42,41,41,41,40,42,42,66,52,50,50,50,50,50,80,80,80,80,80,80,72,72,61,68,68,68,68,68,64,87,84,87,87,87,87,87,74,74,66,47,47,47,73,73,55,50,76,50],"items_purged":[],"gold":598,"score":947,"play_id":"1727a1a0-13fb-4208-a7fa-7b861dc75df2","local_time":"20180326225711","is_prod":false,"is_daily":false,"is_ascension_mode":true,"campfire_upgraded":2,"timestamp":1522119431,"path_taken":["M","?","?","M","M","R","M","E","T","R","E","M","?","?","R","BOSS","M","M","$","?","?","E","R","E","T","M","R","?","?","M","R","BOSS","M","M","?","?","?","R","M","E","T","M","R","M","E","M","R","BOSS"],"build_version":"2018-03-22v2","purchased_purges":0,"victory":true,"master_deck":["Defend_G+1","Defend_G+1","Defend_G+1","Defend_G+1","Defend_G+1","Strike_G+1","Strike_G+1","Strike_G+1","Strike_G+1","Survivor","Neutralize+1","Acrobatics","Blade Dance","Cloak And Dagger+1","Infinite Blades","Acrobatics","Footwork+1","Dagger Spray+1","Deflect","Backflip","Outmaneuver","Backstab","Cloak And Dagger+1","J.A.X.","Cloak And Dagger+1","Deflect","Footwork+1","Endless Agony+1","Acrobatics+1","Backflip+1","Prepared+1","Heel Hook+1","Expertise+1"],"max_hp_per_floor":[70,70,70,70,70,70,70,80,80,80,80,80,80,80,80,80,80,80,80,80,80,80,80,80,80,87,87,87,87,87,87,87,87,87,87,87,87,87,87,87,87,87,87,87,87,87,87,87,87,87],"relics":["Question Card","Golden Idol","Shuriken","Pear","Dead Branch","Girya","Sozu","Lantern","Juzu Bracelet","Whetstone","Snake Skull","Strawberry","White Beast Statue","Du-Vu Doll","Mummified Hand","Darkstone Periapt","Bronze Scales"],"card_choices":[{"not_picked":["Infinite Blades","Deadly Poison","Poisoned Stab"],"picked":"Acrobatics","floor":1},{"not_picked":["Deflect","Dodge and Roll","Skewer"],"picked":"Blade Dance","floor":4},{"not_picked":["Concentrate","All Out Attack","Well Laid Plans"],"picked":"Cloak And Dagger","floor":5},{"not_picked":["Night Terror","Dagger Throw","Dodge and Roll"],"picked":"Infinite Blades","floor":7},{"not_picked":["Setup","Leg Sweep","Sucker Punch"],"picked":"Acrobatics","floor":8},{"not_picked":["Dodge and Roll","Bane","Blur"],"picked":"Footwork","floor":11},{"not_picked":["Well Laid Plans","Acrobatics","Deadly Poison"],"picked":"Dagger Spray","floor":12},{"not_picked":["Riddle With Holes","Infinite Blades","Quick Slash"],"picked":"Deflect","floor":14},{"not_picked":["Noxious Fumes","Catalyst","Predator"],"picked":"Backflip","floor":18},{"not_picked":["Poisoned Stab","Malaise","Underhanded Strike"],"picked":"Outmaneuver","floor":19},{"not_picked":["Reflex","Acrobatics","Caltrops"],"picked":"Backstab","floor":23},{"not_picked":["Expertise","Sucker Punch","Backflip"],"picked":"Cloak And Dagger","floor":27},{"not_picked":["Flechettes","Skewer","Bouncing Flask"],"picked":"Cloak And Dagger","floor":31},{"not_picked":["Sucker Punch","Setup","Dodge and Roll"],"picked":"Deflect","floor":36},{"not_picked":["Slice","Finisher","Concentrate"],"picked":"Footwork","floor":39},{"not_picked":["Footwork","Distraction","Underhanded Strike"],"picked":"Endless Agony","floor":41},{"not_picked":["Burst","Leg Sweep","Quick Slash"],"picked":"Acrobatics","floor":42},{"not_picked":["Deadly Poison","Terror","Distraction"],"picked":"Backflip","floor":44},{"not_picked":["Flying Knee","Sucker Punch","Dagger Throw"],"picked":"Prepared","floor":46},{"not_picked":["Concentrate","Bouncing Flask","Underhanded Strike"],"picked":"Heel Hook","floor":47},{"not_picked":["Well Laid Plans","Underhanded Strike","Bouncing Flask"],"picked":"Expertise","floor":48}],"player_experience":105326,"potions_floor_usage":[8,8,12,16,16,19],"damage_taken":[{"damage":4,"enemies":"Cultist","floor":1,"turns":6},{"damage":1,"enemies":"Jaw Worm","floor":4,"turns":5},{"damage":0,"enemies":"Small Slimes","floor":5,"turns":3},{"damage":1,"enemies":"3 Louse","floor":7,"turns":4},{"damage":8,"enemies":"Lagavulin","floor":8,"turns":6},{"damage":14,"enemies":"3 Sentries","floor":11,"turns":6},{"damage":2,"enemies":"Exordium Thugs","floor":12,"turns":3},{"damage":0,"enemies":"2 Fungi Beasts","floor":14,"turns":2},{"damage":0,"enemies":"Slime Boss","floor":16,"turns":6},{"damage":0,"enemies":"Spheric Guardian","floor":18,"turns":2},{"damage":0,"enemies":"Shell Parasite","floor":19,"turns":3},{"damage":8,"enemies":"Book of Stabbing","floor":23,"turns":5},{"damage":11,"enemies":"Gremlin Leader","floor":25,"turns":5},{"damage":0,"enemies":"3 Cultists","floor":27,"turns":3},{"damage":4,"enemies":"Slaver and Parasite","floor":31,"turns":3},{"damage":3,"enemies":"Automaton","floor":33,"turns":6},{"damage":0,"enemies":"3 Shapes","floor":35,"turns":4},{"damage":0,"enemies":"Orb Walker","floor":36,"turns":2},{"damage":13,"enemies":"Mysterious Sphere","floor":39,"turns":4},{"damage":8,"enemies":"4 Shapes","floor":41,"turns":3},{"damage":19,"enemies":"2 Orb Walkers","floor":42,"turns":3},{"damage":0,"enemies":"Sphere and 2 Shapes","floor":44,"turns":3},{"damage":0,"enemies":"3 Darklings","floor":46,"turns":5},{"damage":18,"enemies":"Nemesis","floor":47,"turns":9},{"damage":5,"enemies":"4 Shapes","floor":48,"turns":3},{"damage":26,"enemies":"Donu and Deca","floor":50,"turns":6}],"event_choices":[{"event_name":"Golden Idol","player_choice":"Take Damage","floor":2,"damage_taken":0},{"event_name":"Scrap Ooze","player_choice":"success","floor":3,"damage_taken":7},{"event_name":"World of Goop","player_choice":"Left","floor":13,"damage_taken":0},{"event_name":"Addict","player_choice":"Ignored","floor":21,"damage_taken":0},{"event_name":"Back to Basics","player_choice":"Simplicity","floor":22,"damage_taken":0},{"event_name":"Purifier","player_choice":"One Purge","floor":29,"damage_taken":0},{"event_name":"Drug Dealer","player_choice":"Got JAXXED","floor":30,"damage_taken":0},{"event_name":"Upgrade Shrine","player_choice":"Upgraded","floor":37,"damage_taken":0},{"event_name":"Golden Shrine","player_choice":"Pray","floor":38,"damage_taken":0},{"event_name":"Mysterious Sphere","player_choice":"Fight","floor":39,"damage_taken":0}],"boss_relics":[{"not_picked":["Pandora\u0027s Box","Snecko Eye"],"picked":"Sozu"},{"not_picked":["Runic Pyramid","Velvet Choker"],"picked":"White Beast Statue"}],"potions_floor_spawned":[1,5,11,16,23,31,33,35,36,39,41,42,44,46,47,48],"seed_played":"-2417125784854335607","ascension_level":1,"is_trial":false}