{"path_per_floor":["M","?","M","?","$","R","M","E","T","M","R","E","R","M","R","B",null,"M","?","?","M","$","E","R","M","T","M","$","M","M","M","R","B",null,"M","?","?","?","$","R","E","M","T","R","?","T","R","E","R","B"],"character_chosen":"THE_SILENT","items_purchased":["Bag of Preparation"],"gold_per_floor":[109,109,121,121,46,46,56,86,167,180,180,214,214,234,234,329,329,347,347,262,280,37,71,71,83,83,98,98,113,125,139,139,244,274,287,287,287,287,162,162,197,214,214,214,214,214,214,240,240,240],"floor_reached":51,"campfire_rested":3,"playtime":5259,"current_hp_per_floor":[59,59,59,59,59,59,59,58,58,58,58,43,43,39,39,41,63,63,63,63,46,46,50,50,50,64,64,64,64,64,64,64,55,82,82,72,72,72,72,89,89,89,89,89,78,78,89,89,89,63],"items_purged":["Strike_G","Strike_G","Strike_G"],"gold":240,"score":1124,"play_id":"21d961ce-4b5c-4cd2-953d-24f9d6811188","local_time":"20180412134559","is_prod":false,"is_daily":false,"is_ascension_mode":true,"campfire_upgraded":10,"timestamp":1523555159,"path_taken":["M","?","M","?","?","R","M","E","T","M","R","E","R","M","R","BOSS","M","?","?","M","$","E","R","M","T","M","$","M","?","M","R","BOSS","M","?","?","?","$","R","E","?","T","R","?","?","R","E","R","BOSS"],"build_version":"2018-04-05v2","purchased_purges":3,"victory":true,"master_deck":["Defend_G","Defend_G","Strike_G","Survivor","Neutralize+1","Distraction+1","Infinite Blades+1","Envenom+1","Dodge and Roll","Acrobatics+1","Flying Knee+1","Reflex+1","Burst+1","Quick Slash+1","Choke+1","Die Die Die","Dark Shackles+1","Secret Technique+1","Poison Darts+1","Madness+1","Madness+1"],"max_hp_per_floor":[70,70,70,70,70,70,70,70,70,70,70,70,70,70,70,70,70,70,70,70,70,70,70,70,70,84,84,84,84,84,84,84,84,89,89,89,89,89,89,89,89,89,89,89,89,89,89,89,89,89],"relics":["Astrolabe","Ring of Chaos","Divine Protection","Meat on the Bone","Pet Ghost","White Beast Statue","Iron Hammer","Bag of Preparation","Gambling Chip","Mango","Tiny House","Arrowhead","Sundial","War Paint","Juzu Bracelet"],"card_choices":[{"not_picked":["Sucker Punch","Well Laid Plans"],"picked":"Dodge and Roll","floor":1},{"not_picked":["Prepared","After Image"],"picked":"Acrobatics","floor":7},{"not_picked":["Slice","Reflex"],"picked":"Flying Knee","floor":8},{"not_picked":["A Thousand Cuts","Concentrate"],"picked":"Reflex","floor":12},{"not_picked":["Tactician","Bullet Time"],"picked":"Burst","floor":16},{"not_picked":["Tools of the Trade","Backflip"],"picked":"Quick Slash","floor":23},{"not_picked":["Fluid Movement","Quick Slash"],"picked":"Choke","floor":31},{"not_picked":["Corpse Explosion","Tactician"],"picked":"Die Die Die","floor":33},{"not_picked":["Improvise","Good Instincts"],"picked":"Dark Shackles","floor":36},{"not_picked":["Dramatic Entrance","Blind"],"picked":"Secret Technique","floor":36},{"not_picked":["PiercingWail","Crippling Poison"],"picked":"Poison Darts","floor":41}],"player_experience":326392,"potions_floor_usage":[16,16,23,23,33,50,50],"damage_taken":[{"damage":4,"enemies":"2 Louse","floor":1,"turns":4},{"damage":0,"enemies":"Cultist","floor":3,"turns":4},{"damage":0,"enemies":"Jaw Worm","floor":7,"turns":3},{"damage":1,"enemies":"Lagavulin","floor":8,"turns":8},{"damage":8,"enemies":"2 Fungi Beasts","floor":10,"turns":4},{"damage":23,"enemies":"3 Sentries","floor":12,"turns":8},{"damage":24,"enemies":"Exordium Thugs","floor":14,"turns":5},{"damage":18,"enemies":"Slime Boss","floor":16,"turns":6},{"damage":8,"enemies":"Shell Parasite","floor":18,"turns":6},{"damage":25,"enemies":"2 Thieves","floor":21,"turns":5},{"damage":19,"enemies":"Gremlin Leader","floor":23,"turns":8},{"damage":8,"enemies":"Centurion and Healer","floor":25,"turns":6},{"damage":8,"enemies":"Sentry and Sphere","floor":27,"turns":4},{"damage":8,"enemies":"Snecko","floor":29,"turns":5},{"damage":8,"enemies":"Slaver and Parasite","floor":30,"turns":5},{"damage":8,"enemies":"Centurion and Healer","floor":31,"turns":6},{"damage":29,"enemies":"Collector","floor":33,"turns":8},{"damage":8,"enemies":"3 Shapes","floor":35,"turns":5},{"damage":8,"enemies":"2 Orb Walkers","floor":41,"turns":4},{"damage":8,"enemies":"3 Darklings","floor":42,"turns":7},{"damage":8,"enemies":"Nemesis","floor":48,"turns":3},{"damage":34,"enemies":"Awakened One","floor":50,"turns":18}],"event_choices":[{"event_name":"Chaos Ring Event","player_choice":"Took Ring","floor":2,"damage_taken":0},{"event_name":"Living Wall","player_choice":"Forget","floor":4,"damage_taken":0},{"event_name":"Vampires","player_choice":"Ignored","floor":19,"damage_taken":0},{"event_name":"Addict","player_choice":"Obtained Relic","floor":20,"damage_taken":0},{"event_name":"SensoryStone","player_choice":"Memory 3","floor":36,"damage_taken":0},{"event_name":"Mysterious Sphere","player_choice":"Ignore","floor":38,"damage_taken":0},{"event_name":"Winding Halls","player_choice":"Embrace Madness","floor":45,"damage_taken":0}],"boss_relics":[{"not_picked":["Snecko Scales","Ooze Armor"],"picked":"White Beast Statue"},{"not_picked":["Honey Jar","Lizard Tail"],"picked":"Tiny House"}],"potions_floor_spawned":[3,8,12,14,16,18,21,23,25,27,29,30,31,33,35,41,42,48],"seed_played":"9007449893430039599","ascension_level":9,"is_trial":false}