{"path_per_floor":["M","?","?","?","M","E","R","E","T","R","M","?","?","M","R","B",null,"M","?","$","M","M","R","?","E","T","R","M","R","M","M","R","B",null,"M","M","?","?","?","R","?","R","T","R","$","M","$","M","R","B"],"character_chosen":"THE_SILENT","items_purchased":["Malaise","Bag of Preparation","Lee\u0027s Waffle","Blood Vial"],"gold_per_floor":[113,188,188,188,205,239,239,273,348,348,368,368,368,386,386,510,510,533,533,376,366,387,387,302,346,398,398,423,423,442,455,455,586,586,609,628,628,628,961,961,961,961,961,961,717,731,251,267,267,267],"floor_reached":51,"campfire_rested":4,"playtime":1888,"current_hp_per_floor":[70,59,59,59,59,51,51,22,22,22,22,22,22,17,36,1,65,34,18,18,17,3,22,22,14,14,33,33,33,31,24,43,26,65,65,65,65,57,57,57,57,57,57,57,57,57,72,72,72,60],"items_purged":["Strike_G","Strike_G","Strike_G"],"gold":267,"score":729,"play_id":"f2c38b39-0bd8-410e-9490-0842ca1f9600","local_time":"20180415133032","is_prod":false,"is_daily":false,"chose_seed":false,"is_ascension_mode":true,"campfire_upgraded":7,"timestamp":1523813432,"path_taken":["M","?","?","?","?","E","R","E","T","R","M","?","?","M","R","BOSS","M","?","$","M","M","R","?","E","T","R","?","R","M","M","R","BOSS","M","M","?","?","?","R","?","R","T","R","$","M","$","?","R","BOSS"],"build_version":"2018-04-13","seed_source_timestamp":69235377370941,"purchased_purges":3,"victory":true,"master_deck":["Defend_G+1","Defend_G","Defend_G","Defend_G","Defend_G","Survivor+1","Neutralize+1","Dagger Spray+1","Distraction+1","Glass Knife","Dash","Necronomicurse","Malaise+1","Predator","Backflip+1","Terror+1","Doppelganger+1","Escape Plan","Skewer+1","Backflip+1","Well Laid Plans+1","Madness+1","Madness+1","Malaise+1"],"max_hp_per_floor":[70,70,70,70,70,70,70,70,70,70,70,65,65,65,65,65,65,65,65,65,65,65,65,65,65,65,65,65,65,65,65,65,65,65,65,65,65,65,65,65,65,65,65,65,65,65,72,72,72,72],"relics":["Lizard Tail","Ice Cream","Whetstone","Frozen Egg 2","Orichalcum","Sozu","Necronomicon","Matryoshka","Tough Bandages","Lantern","War Paint","Orrery","Bronze Scales","Thread and Needle","Bag of Preparation","Lee\u0027s Waffle","Blood Vial"],"card_choices":[{"not_picked":["Dagger Throw","Flying Knee"],"picked":"Dagger Spray","floor":5.0},{"not_picked":["Backstab","Prepared"],"picked":"Distraction","floor":11.0},{"not_picked":["Night Terror","Unload"],"picked":"Glass Knife","floor":16.0},{"not_picked":["All Out Attack","Reflex"],"picked":"Dash","floor":18},{"not_picked":["Acrobatics","Slice"],"picked":"Predator","floor":21},{"not_picked":["Eviscerate","Acrobatics"],"picked":"Backflip","floor":25},{"not_picked":["Outmaneuver","Leg Sweep"],"picked":"Terror","floor":30},{"not_picked":["Night Terror","Wraith Form v2"],"picked":"Doppelganger","floor":33},{"not_picked":["Dodge and Roll","PiercingWail"],"picked":"Escape Plan","floor":34},{"not_picked":["Underhanded Strike","Dagger Spray"],"picked":"Skewer","floor":34},{"not_picked":["Acrobatics","Dagger Spray"],"picked":"Backflip","floor":34},{"not_picked":["Backstab","PiercingWail"],"picked":"Well Laid Plans","floor":35}],"player_experience":13291,"potions_floor_usage":[],"damage_taken":[{"damage":0.0,"enemies":"Cultist","floor":1.0,"turns":4.0},{"damage":0.0,"enemies":"Jaw Worm","floor":5.0,"turns":7.0},{"damage":8.0,"enemies":"3 Sentries","floor":6.0,"turns":4.0},{"damage":29.0,"enemies":"Lagavulin","floor":8.0,"turns":9.0},{"damage":0.0,"enemies":"Small Slimes","floor":11.0,"turns":3.0},{"damage":5.0,"enemies":"Looter","floor":14.0,"turns":4.0},{"damage":50.0,"enemies":"Slime Boss","floor":16.0,"turns":15.0},{"damage":31,"enemies":"Chosen","floor":18,"turns":6},{"damage":1,"enemies":"2 Thieves","floor":21,"turns":4},{"damage":14,"enemies":"Centurion and Healer","floor":22,"turns":7},{"damage":8,"enemies":"Book of Stabbing","floor":25,"turns":7},{"damage":0,"enemies":"Snecko","floor":28,"turns":4},{"damage":2,"enemies":"Cultist and Chosen","floor":30,"turns":6},{"damage":7,"enemies":"Slaver and Parasite","floor":31,"turns":5},{"damage":55,"enemies":"Collector","floor":33,"turns":11},{"damage":0,"enemies":"Orb Walker","floor":35,"turns":2},{"damage":0,"enemies":"3 Shapes","floor":36,"turns":4},{"damage":0,"enemies":"Spire Growth","floor":46,"turns":2},{"damage":0,"enemies":"3 Darklings","floor":48,"turns":6},{"damage":12,"enemies":"Time Eater","floor":50,"turns":4}],"event_choices":[{"event_name":"World of Goop","player_choice":"Gather Gold","floor":2.0,"damage_taken":0.0},{"event_name":"Living Wall","player_choice":"Forget","floor":3.0,"damage_taken":0.0},{"event_name":"The Lab","player_choice":"Got Potions","floor":4.0,"damage_taken":0.0},{"event_name":"Golden Idol","player_choice":"Lose Max HP","floor":12.0,"damage_taken":0.0},{"event_name":"Wheel of Change","player_choice":"Relic","floor":13.0,"damage_taken":0.0},{"event_name":"Cursed Tome","player_choice":"Obtained Book","floor":19,"damage_taken":0},{"event_name":"Addict","player_choice":"Obtained Relic","floor":24,"damage_taken":0},{"event_name":"Winding Halls","player_choice":"Embrace Madness","floor":38,"damage_taken":0},{"event_name":"The Moai Head","player_choice":"Gave Idol","floor":39,"damage_taken":0},{"event_name":"Duplicator","player_choice":"One dupe","floor":41,"damage_taken":0}],"boss_relics":[{"not_picked":["Philosopher\u0027s Stone","Velvet Choker"],"picked":"Sozu"},{"not_picked":["Eternal Feather","Black Star"],"picked":"Orrery"}],"potions_floor_spawned":[8,16,22,28,33,48],"seed_played":"7006129303965493008","ascension_level":1,"is_trial":false}