{"path_per_floor":["M","?","$","?","M","R","?","M","T","$","R","M","M","M","R","B",null,"M","M","M","?","$","E","$","M","T","$","R","E","?","M","R","B",null,"M","?","?","M","$","E","R","M","T","E","M","M","?","M","R","B"],"character_chosen":"THE_SILENT","items_purchased":["Bouncing Flask","Noxious Fumes","Concentrate","Dodecahedron","Vajra"],"gold_per_floor":[116,116,41,116,136,136,136,155,225,10,10,22,37,52,52,149,149,165,179,198,198,198,226,153,165,236,236,236,271,271,288,288,389,389,404,404,404,414,24,58,58,72,72,99,119,136,136,155,155,155],"floor_reached":51,"campfire_rested":2,"playtime":2439,"current_hp_per_floor":[70,70,70,59,59,59,45,44,44,44,44,42,38,38,38,17,70,70,70,68,68,68,52,52,54,54,54,54,38,38,37,58,47,70,69,69,69,62,62,54,70,70,70,70,70,70,70,70,70,39],"items_purged":["Defend_G","Strike_G"],"gold":155,"score":789,"play_id":"1aeb8ff7-641d-4f2b-b368-3634cf47ad7f","local_time":"20180410152005","is_prod":false,"is_daily":false,"is_ascension_mode":false,"campfire_upgraded":5,"timestamp":1523388005,"path_taken":["M","?","$","?","?","R","?","?","T","$","R","M","M","M","R","BOSS","M","?","M","?","$","E","?","M","T","$","R","E","?","M","R","BOSS","M","?","?","?","$","E","R","M","T","E","M","M","?","?","R","BOSS"],"build_version":"2018-04-05v2","purchased_purges":4,"victory":true,"master_deck":["Defend_G","Defend_G","Strike_G+1","Strike_G+1","Survivor","Neutralize+1","Unload+1","Burst+1","Toxin Wave+1","Bouncing Flask","Noxious Fumes","Poison Darts+1","Flechettes+1","Blur+1","PiercingWail+1","Toxin Wave+1","Concentrate+1","Toxin Wave+1","Outmaneuver","Poison Darts","Acrobatics+1","Escape Plan+1","Poison Darts+1","Prepared+1"],"max_hp_per_floor":[70,70,70,70,70,70,70,70,70,70,70,70,70,70,70,70,70,70,70,70,70,70,70,70,70,70,70,70,70,70,70,70,70,70,70,70,70,70,70,70,70,70,70,70,70,70,70,70,70,70],"relics":["Ring of the Snake","Snack Pack","Astrolabe","Whetstone","Kunai","Ornamental Fan","Ooze Armor","Dodecahedron","Vajra","Pen Nib","Garlic","Divine Protection"],"card_choices":[{"not_picked":["Prepared","Flying Knee"],"picked":"Dagger Spray","floor":1},{"not_picked":["Fluid Movement","Masterful Stab"],"picked":"Toxin Wave","floor":8},{"not_picked":["Dagger Throw","Quick Slash"],"picked":"PiercingWail","floor":18},{"not_picked":["Poisoned Stab","Dagger Throw"],"picked":"Toxin Wave","floor":19},{"not_picked":["Riddle With Holes","Dodge and Roll"],"picked":"Toxin Wave","floor":25},{"not_picked":["Grand Finale","Burst"],"picked":"Poison Darts","floor":33},{"not_picked":["Poisoned Stab","Caltrops"],"picked":"Acrobatics","floor":38},{"not_picked":["Poisoned Stab","Deadly Poison"],"picked":"Escape Plan","floor":42},{"not_picked":["Backstab","Bullet Time"],"picked":"Prepared","floor":48}],"player_experience":254102,"potions_floor_usage":[33,50,50,50],"damage_taken":[{"damage":0,"enemies":"2 Louse","floor":1,"turns":2},{"damage":0,"enemies":"Cultist","floor":5,"turns":3},{"damage":1,"enemies":"Jaw Worm","floor":8,"turns":4},{"damage":2,"enemies":"Blue Slaver","floor":12,"turns":2},{"damage":6,"enemies":"Exordium Thugs","floor":13,"turns":2},{"damage":0,"enemies":"Gremlin Gang","floor":14,"turns":1},{"damage":25,"enemies":"Hexaghost","floor":16,"turns":6},{"damage":0,"enemies":"3 Byrds","floor":18,"turns":4},{"damage":0,"enemies":"Chosen","floor":19,"turns":3},{"damage":2,"enemies":"Snake Plant","floor":20,"turns":3},{"damage":16,"enemies":"Gremlin Leader","floor":23,"turns":5},{"damage":0,"enemies":"Centurion and Healer","floor":25,"turns":5},{"damage":16,"enemies":"Slavers","floor":29,"turns":5},{"damage":1,"enemies":"Snecko","floor":31,"turns":4},{"damage":11,"enemies":"Automaton","floor":33,"turns":5},{"damage":1,"enemies":"3 Shapes","floor":35,"turns":4},{"damage":7,"enemies":"3 Darklings","floor":38,"turns":3},{"damage":8,"enemies":"2 Orb Walkers","floor":40,"turns":3},{"damage":0,"enemies":"Sphere and 2 Shapes","floor":42,"turns":2},{"damage":0,"enemies":"Giant Head","floor":44,"turns":5},{"damage":8,"enemies":"Maw","floor":45,"turns":2},{"damage":8,"enemies":"4 Shapes","floor":46,"turns":2},{"damage":8,"enemies":"3 Darklings","floor":48,"turns":2},{"damage":39,"enemies":"Donu and Deca","floor":50,"turns":5}],"event_choices":[{"event_name":"Transmorgrifier","player_choice":"Transform","floor":2,"damage_taken":0},{"event_name":"World of Goop","player_choice":"Gather Gold","floor":4,"damage_taken":0},{"event_name":"Shining Light","player_choice":"Entered Light","floor":7,"damage_taken":0},{"event_name":"Drug Dealer","player_choice":"Ignored","floor":21,"damage_taken":0},{"event_name":"The Library","player_choice":"Read","floor":30,"damage_taken":0},{"event_name":"Tomb of Lord Red Mask","player_choice":"Ignored","floor":36,"damage_taken":0},{"event_name":"Duplicator","player_choice":"One dupe","floor":47,"damage_taken":0}],"boss_relics":[{"not_picked":["Sozu","Philosopher\u0027s Stone"],"picked":"Astrolabe"},{"not_picked":["Orrery","Pandora\u0027s Box"],"picked":"Ooze Armor"}],"potions_floor_spawned":[8,12,13,16,20,29,31,35,40,45,48],"seed_played":"-4582833914289622002","ascension_level":0,"is_trial":false}