{"path_per_floor":["M","$","?","?","?","R","$","R","T","?","M","$","?","$","R","B",null,"M","M","?","M","?","R","?","R","T","M","?","R","$","M","R","B",null,"M","?","M","M","M","R","M","E","T","R","$","R","T","$","R","B"],"character_chosen":"THE_SILENT","items_purchased":[],"gold_per_floor":[109,34,34,34,34,34,34,34,34,34,54,54,54,54,54,153,153,164,164,114,129,129,129,129,129,156,170,170,170,170,185,185,284,284,301,301,312,331,351,351,366,397,474,474,474,474,522,522,522,522],"floor_reached":51,"campfire_rested":6,"playtime":498,"current_hp_per_floor":[70,70,63,63,63,70,70,70,84,84,84,84,84,84,84,84,84,84,84,84,84,84,84,68,68,68,68,68,68,68,68,89,89,89,89,89,89,89,86,86,86,86,86,86,86,89,89,89,89,89],"items_purged":["Neutralize"],"gold":522,"score":934,"play_id":"ff7032f6-fcb5-44a8-94a0-242195e8cee9","local_time":"20180411221813","is_prod":false,"is_daily":false,"is_ascension_mode":false,"campfire_upgraded":5,"timestamp":1523499493,"path_taken":["M","$","?","?","?","R","$","R","T","?","?","$","?","?","R","BOSS","M","M","?","?","?","R","?","R","T","M","?","R","$","M","R","BOSS","M","?","M","?","M","R","?","E","T","R","$","R","?","$","R","BOSS"],"build_version":"2018-04-05v2","purchased_purges":1,"victory":true,"master_deck":["Quick Slash+1","Backflip+1","Grand Finale+1","Grand Finale+1","Grand Finale+1"],"max_hp_per_floor":[70,70,70,70,70,70,70,70,84,84,84,84,84,84,84,84,84,84,84,84,84,84,84,89,89,89,89,89,89,89,89,89,89,89,89,89,89,89,89,89,89,89,89,89,89,89,89,89,89,89],"relics":["Ring of the Snake","NeowsBlessing","Mango","Pandora\u0027s Box","Bag of Marbles","Philosopher\u0027s Stone","Bag of Preparation","Shuriken","Juzu Bracelet"],"card_choices":[{"not_picked":["Phantasmal Killer","Dash"],"picked":"Quick Slash","floor":1.0},{"not_picked":["Escape Plan","Dagger Spray"],"picked":"Backflip","floor":11.0},{"not_picked":["Unload","Envenom"],"picked":"Grand Finale","floor":16.0},{"not_picked":["Tools of the Trade","A Thousand Cuts"],"picked":"Grand Finale","floor":33},{"not_picked":["Heel Hook","Cloak And Dagger"],"picked":"Backflip","floor":35},{"not_picked":["Sucker Punch","Terror"],"picked":"Grand Finale","floor":38}],"player_experience":307583,"potions_floor_usage":[],"damage_taken":[{"damage":0.0,"enemies":"2 Louse","floor":1.0,"turns":1.0},{"damage":0.0,"enemies":"Small Slimes","floor":11.0,"turns":1.0},{"damage":0.0,"enemies":"Hexaghost","floor":16.0,"turns":1.0},{"damage":0,"enemies":"3 Byrds","floor":18,"turns":1},{"damage":0,"enemies":"Spheric Guardian","floor":19,"turns":1},{"damage":0,"enemies":"Chosen and Byrds","floor":21,"turns":1},{"damage":0,"enemies":"3 Cultists","floor":27,"turns":1},{"damage":0,"enemies":"Centurion and Healer","floor":31,"turns":1},{"damage":0,"enemies":"Collector","floor":33,"turns":2},{"damage":0,"enemies":"3 Shapes","floor":35,"turns":1},{"damage":0,"enemies":"Orb Walker","floor":37,"turns":1},{"damage":0,"enemies":"3 Darklings","floor":38,"turns":1},{"damage":3,"enemies":"Sphere and 2 Shapes","floor":39,"turns":1},{"damage":0,"enemies":"Maw","floor":41,"turns":1},{"damage":0,"enemies":"Nemesis","floor":42,"turns":1},{"damage":0,"enemies":"Donu and Deca","floor":50,"turns":1}],"event_choices":[{"event_name":"Golden Wing","player_choice":"Card Removal","floor":3.0,"damage_taken":0.0},{"event_name":"Wheel of Change","player_choice":"Card Removal","floor":4.0,"damage_taken":0.0},{"event_name":"The Cleric","player_choice":"Leave","floor":5.0,"damage_taken":0.0},{"event_name":"Accursed Blacksmith","player_choice":"Ignore","floor":10.0,"damage_taken":0.0},{"event_name":"Golden Idol","player_choice":"Ignored","floor":13.0,"damage_taken":0.0},{"event_name":"The Joust","player_choice":"Bet on Owner","floor":20,"damage_taken":0},{"event_name":"Vampires","player_choice":"Ignored","floor":22,"damage_taken":0},{"event_name":"Forgotten Altar","player_choice":"Shed Blood","floor":24,"damage_taken":0},{"event_name":"Drug Dealer","player_choice":"Ignored","floor":28,"damage_taken":0}],"boss_relics":[{"not_picked":["Cursed Key","Orrery"],"picked":"Pandora\u0027s Box"},{"not_picked":["Eternal Feather","Velvet Choker"],"picked":"Philosopher\u0027s Stone"}],"potions_floor_spawned":[1,11,18,27,37,38],"seed_played":"-19327902","ascension_level":0,"is_trial":false}