{"path_per_floor":["M","?","M","?","?","R","$","E","T","R","?","R","E","M","R","B",null,"M","?","$","?","$","R","M","M","T","?","T","R","M","M","R","B",null,"M","$","?","M","?","R","$","?","T","E","M","R","$","M","R","B"],"character_chosen":"THE_SILENT","items_purchased":["Improvise","Fluid Movement","Master of Strategy","Bag of Marbles"],"gold_per_floor":[110,285,305,305,255,255,80,113,139,139,214,214,274,292,292,392,392,406,406,306,306,127,127,139,154,454,454,503,503,521,535,535,632,632,652,295,295,308,308,308,153,153,153,180,194,194,19,33,33,33],"floor_reached":51,"campfire_rested":2,"playtime":2153,"current_hp_per_floor":[69,69,64,52,52,52,52,9,9,30,19,40,29,31,31,21,74,76,76,76,76,76,76,78,80,80,80,80,80,80,82,82,17,82,71,71,71,73,73,73,73,73,73,75,77,77,77,79,79,79],"items_purged":["Strike_G","Neutralize","PiercingWail","Survivor","Noxious Fumes"],"gold":33,"score":954,"play_id":"5bd088da-278d-451b-bfa7-8496d4417517","local_time":"20180412093311","is_prod":false,"is_daily":false,"is_ascension_mode":false,"campfire_upgraded":8,"timestamp":1523539991,"path_taken":["M","?","M","?","?","R","?","E","T","R","?","R","E","?","R","BOSS","M","?","?","?","$","R","M","M","T","?","?","R","?","M","R","BOSS","M","$","?","M","?","R","$","?","T","E","?","R","?","M","R","BOSS"],"build_version":"2018-04-05v2","purchased_purges":5,"victory":true,"master_deck":["Deadly Poison+1","Improvise+1","Adrenaline+1","Backflip","Fluid Movement+1","Grand Finale+1","Quick Slash+1","Master of Strategy+1"],"max_hp_per_floor":[70,70,70,70,70,70,70,70,70,70,70,70,72,74,74,74,74,76,76,76,76,76,76,78,80,80,80,80,80,80,82,82,82,82,82,82,82,84,84,84,84,84,84,86,88,88,88,90,90,90],"relics":["Lizard Tail","Happy Flower","Mummified Hand","Singing Bowl","Tiny Chest","Pandora\u0027s Box","Gremlin Food","Old Coin","Oddly Smooth Stone","Philosopher\u0027s Stone","Bag of Marbles","Bottled Flame","Regal Pillow"],"card_choices":[{"not_picked":["Blur","Deflect"],"picked":"PiercingWail","floor":1.0},{"not_picked":["Hidden Blade","Poisoned Stab"],"picked":"Deadly Poison","floor":3.0},{"not_picked":["Blur","Prepared"],"picked":"Noxious Fumes","floor":8.0},{"not_picked":["Tools of the Trade","Unload"],"picked":"Adrenaline","floor":16.0},{"not_picked":["Flying Knee","Bouncing Flask"],"picked":"Fluid Movement","floor":30},{"not_picked":["Glass Knife","Phantasmal Killer"],"picked":"Grand Finale","floor":33},{"not_picked":["Acrobatics","Dagger Spray"],"picked":"Quick Slash","floor":35}],"player_experience":314752,"potions_floor_usage":[24,25],"damage_taken":[{"damage":1.0,"enemies":"2 Louse","floor":1.0,"turns":4.0},{"damage":5.0,"enemies":"Small Slimes","floor":3.0,"turns":6.0},{"damage":43.0,"enemies":"Gremlin Nob","floor":8.0,"turns":5.0},{"damage":13.0,"enemies":"Lagavulin","floor":13.0,"turns":6.0},{"damage":0.0,"enemies":"Jaw Worm","floor":14.0,"turns":4.0},{"damage":53.0,"enemies":"Slime Boss","floor":16.0,"turns":12.0},{"damage":0,"enemies":"3 Byrds","floor":18,"turns":5},{"damage":0,"enemies":"Chosen","floor":24,"turns":3},{"damage":0,"enemies":"Sentry and Sphere","floor":25,"turns":3},{"damage":0,"enemies":"Centurion and Healer","floor":30,"turns":5},{"damage":0,"enemies":"Snecko","floor":31,"turns":4},{"damage":65,"enemies":"Champ","floor":33,"turns":9},{"damage":11,"enemies":"3 Shapes","floor":35,"turns":3},{"damage":0,"enemies":"Orb Walker","floor":38,"turns":1},{"damage":0,"enemies":"Giant Head","floor":44,"turns":1},{"damage":0,"enemies":"Maw","floor":45,"turns":1},{"damage":0,"enemies":"4 Shapes","floor":48,"turns":1},{"damage":0,"enemies":"Time Eater","floor":50,"turns":2}],"event_choices":[{"event_name":"Liars Game","player_choice":"agreed","floor":2.0,"damage_taken":0.0},{"event_name":"Scrap Ooze","player_choice":"success","floor":4.0,"damage_taken":12.0},{"event_name":"The Cleric","player_choice":"Card Removal","floor":5.0,"damage_taken":0.0},{"event_name":"World of Goop","player_choice":"Gather Gold","floor":11.0,"damage_taken":0.0},{"event_name":"Wheel of Change","player_choice":"Relic","floor":19,"damage_taken":0},{"event_name":"The Library","player_choice":"Read","floor":21,"damage_taken":0},{"event_name":"Drug Dealer","player_choice":"Ignored","floor":27,"damage_taken":0},{"event_name":"Chaos Ring Event","player_choice":"Ignored","floor":39,"damage_taken":0},{"event_name":"Tomb of Lord Red Mask","player_choice":"Ignored","floor":42,"damage_taken":0}],"boss_relics":[{"not_picked":["Snecko Scales","Sozu"],"picked":"Pandora\u0027s Box"},{"not_picked":["Black Star","Astrolabe"],"picked":"Philosopher\u0027s Stone"}],"potions_floor_spawned":[1,8,24,25,33,35,38],"seed_played":"-3896330929615925319","ascension_level":0,"is_trial":false}