{"path_per_floor":["M","?","M","M","$","R","M","?","T","M","M","?","M","M","R","B",null,"M","?","?","M","M"],"character_chosen":"THE_SILENT","items_purchased":["Thread and Needle","Lantern"],"gold_per_floor":[361,536,549,560,42,42,61,61,61,79,99,99,110,129,129,225,225,213,213,213,226,244,244],"floor_reached":23,"campfire_rested":0,"playtime":1250,"current_hp_per_floor":[63,63,62,59,59,59,59,59,59,55,55,42,42,42,42,32,63,63,47,44,44,44,0],"items_purged":["Doubt"],"gold":244,"score":212,"play_id":"7d4bd742-5fab-4d3a-8de6-0cb2bacbe619","local_time":"20180414213919","is_prod":false,"is_daily":false,"chose_seed":false,"is_ascension_mode":false,"campfire_upgraded":2,"timestamp":1523756359,"path_taken":["M","?","M","M","$","R","M","?","T","M","M","?","M","?","R","BOSS","M","?","?","?","M","E"],"build_version":"2018-04-13","seed_source_timestamp":13374256755639,"purchased_purges":1,"victory":false,"master_deck":["Defend_G","Defend_G","Defend_G","Defend_G","Defend_G","Survivor","Neutralize","Malaise+1","Dagger Spray","Infinite Blades+1","Footwork+1","Dagger Throw","Backstab","Adrenaline","Acrobatics","Necronomicurse","Bite","Bite","Bite","Bite","Bite","Blur"],"max_hp_per_floor":[63,63,63,63,63,63,63,63,63,63,63,63,63,63,63,63,63,63,63,44,44,44,44],"relics":["Ring of the Snake","Thread and Needle","Lantern","Centennial Puzzle","Runic Dome","Necronomicon"],"card_choices":[{"not_picked":["Backflip","Flying Knee"],"picked":"Malaise","floor":1},{"not_picked":["Deadly Poison","Sucker Punch"],"picked":"Dagger Spray","floor":3},{"not_picked":["Outmaneuver","Caltrops"],"picked":"Infinite Blades","floor":4},{"not_picked":["Caltrops","Quick Slash"],"picked":"Footwork","floor":10},{"not_picked":["Reflex","Bouncing Flask"],"picked":"Dagger Throw","floor":13},{"not_picked":["Well Laid Plans","Eviscerate"],"picked":"Backstab","floor":14},{"not_picked":["Tactician","Bullet Time"],"picked":"Adrenaline","floor":16},{"not_picked":["PiercingWail","Prepared"],"picked":"Acrobatics","floor":18},{"not_picked":["Outmaneuver","Poisoned Stab"],"picked":"Blur","floor":21}],"player_experience":3004,"potions_floor_usage":[16,16],"damage_taken":[{"damage":0,"enemies":"Small Slimes","floor":1,"turns":4},{"damage":1,"enemies":"Jaw Worm","floor":3,"turns":8},{"damage":3,"enemies":"Cultist","floor":4,"turns":6},{"damage":0,"enemies":"Exordium Wildlife","floor":7,"turns":3},{"damage":4,"enemies":"Large Slime","floor":10,"turns":9},{"damage":0,"enemies":"Blue Slaver","floor":11,"turns":4},{"damage":0,"enemies":"Red Slaver","floor":13,"turns":4},{"damage":0,"enemies":"2 Fungi Beasts","floor":14,"turns":3},{"damage":10,"enemies":"Slime Boss","floor":16,"turns":8},{"damage":0,"enemies":"2 Thieves","floor":18,"turns":4},{"damage":0,"enemies":"Chosen","floor":21,"turns":6},{"damage":0,"enemies":"Centurion and Healer","floor":22,"turns":11},{"damage":67,"enemies":"Gremlin Leader","floor":23,"turns":10}],"event_choices":[{"event_name":"Liars Game","player_choice":"agreed","floor":2,"damage_taken":0},{"event_name":"Match and Keep!","player_choice":"0 cards matched","floor":8,"damage_taken":0},{"event_name":"Shining Light","player_choice":"Entered Light","floor":12,"damage_taken":0},{"event_name":"Cursed Tome","player_choice":"Obtained Book","floor":19,"damage_taken":0},{"event_name":"Vampires","player_choice":"Became a vampire","floor":20,"damage_taken":0}],"boss_relics":[{"not_picked":["Snecko Eye","Ectoplasm"],"picked":"Runic Dome"}],"potions_floor_spawned":[3,7,10,18],"seed_played":"304883184083578841","killed_by":"Gremlin Leader","ascension_level":0,"is_trial":false}