{"path_per_floor":["M","?","?","?","M","E","M","M","T","T","?","R","$","M","R","B",null,"M","?","M"],"character_chosen":"THE_SILENT","items_purchased":["Infinite Blades","Omamori","Dagger Spray"],"gold_per_floor":[109,109,109,184,202,232,249,268,320,320,320,320,45,64,64,168,168,186,101,111,111],"floor_reached":21,"campfire_rested":1,"playtime":858,"current_hp_per_floor":[68,61,47,36,36,10,8,7,7,7,7,13,13,4,31,33,70,32,32,20,0],"items_purged":[],"gold":111,"score":206,"play_id":"27dc5774-3d8a-468f-8752-51353fb09283","local_time":"20180408100838","is_prod":false,"is_daily":false,"is_ascension_mode":true,"campfire_upgraded":1,"timestamp":1523196518,"path_taken":["M","?","?","?","M","E","M","M","T","?","?","R","$","?","R","BOSS","M","?","M","M"],"build_version":"2018-04-05v2","purchased_purges":0,"victory":false,"master_deck":["Defend_G","Defend_G","Defend_G","Defend_G","Strike_G","Strike_G","Strike_G+1","Strike_G","Strike_G+1","Survivor","Neutralize+1","Flying Knee","Escape Plan","Accuracy","Heel Hook+1","Backflip","Infinite Blades","Dagger Spray","Blur","Storm of Steel","Writhe"],"max_hp_per_floor":[70,70,70,70,70,70,70,70,70,70,70,70,70,70,70,70,70,70,70,70,70],"relics":["Eternal Feather","Prayer Wheel","Art of War","Ginger","Omamori","Calling Bell","Ancient Tea Set","Molten Egg 2","Oddly Smooth Stone","Vajra"],"card_choices":[{"not_picked":["Slice","Setup"],"picked":"Flying Knee","floor":1},{"not_picked":["Skewer","Cloak And Dagger"],"picked":"Escape Plan","floor":5},{"not_picked":["Skewer","Crippling Poison"],"picked":"Accuracy","floor":7},{"not_picked":["Poisoned Stab","Night Terror"],"picked":"Heel Hook","floor":8},{"not_picked":["Quick Slash","Dagger Throw"],"picked":"Backflip","floor":9},{"not_picked":["Catalyst","Dagger Spray"],"picked":"Blur","floor":14},{"not_picked":["Tactician","Doppelganger"],"picked":"Storm of Steel","floor":16}],"player_experience":207302,"potions_floor_usage":[6,16,20],"damage_taken":[{"damage":2,"enemies":"Jaw Worm","floor":1,"turns":4},{"damage":0,"enemies":"2 Louse","floor":5,"turns":2},{"damage":26,"enemies":"Gremlin Nob","floor":6,"turns":5},{"damage":2,"enemies":"Small Slimes","floor":7,"turns":3},{"damage":1,"enemies":"2 Fungi Beasts","floor":8,"turns":4},{"damage":9,"enemies":"Blue Slaver","floor":14,"turns":3},{"damage":13,"enemies":"Slime Boss","floor":16,"turns":11},{"damage":38,"enemies":"Chosen","floor":18,"turns":5},{"damage":12,"enemies":"Shell Parasite","floor":20,"turns":6},{"damage":20,"enemies":"Sentry and Sphere","floor":21,"turns":3}],"event_choices":[{"event_name":"Golden Wing","player_choice":"Card Removal","floor":2,"damage_taken":0},{"event_name":"Shining Light","player_choice":"Entered Light","floor":3,"damage_taken":0},{"event_name":"World of Goop","player_choice":"Gather Gold","floor":4,"damage_taken":0},{"event_name":"Upgrade Shrine","player_choice":"Upgraded","floor":11,"damage_taken":0},{"event_name":"Addict","player_choice":"Obtained Relic","floor":19,"damage_taken":0}],"boss_relics":[{"not_picked":["Runic Dome","Snecko Eye"],"picked":"Calling Bell"}],"potions_floor_spawned":[5,7,14,18],"seed_played":"6983047632564601919","killed_by":"Sentry and Sphere","ascension_level":3,"is_trial":false}