{"path_per_floor":["M","$","M","M","M","E","R","E","T","E","M","M","?","E","R","B",null,"M","?","$","M","?","E","M","R","T","R","?","?","E","$","R","B",null,"M","$","M","T","M","E","R","E","T","?","R","?","R","M","R","B"],"character_chosen":"THE_SILENT","items_purchased":["Iron Hammer","Membership Card","Tough Bandages","Prayer Wheel","Du-Vu Doll","Snack Pack","Onion Ring","Ginger","Toolbox","Mirror","Gremlin Horn","Strange Spoon","Funnel","Frozen Eye","Divine Protection","Mango","Garlic","Cauldron","Dream Catcher","Dodecahedron","Bronze Scales","Pantograph","Blood Vial","Paper Crane","Molten Egg 2","Mercury Hourglass","Orichalcum","Juzu Bracelet","Darkstone Periapt","Happy Flower","Matryoshka","Ornamental Fan","Pear","The Specimen","Medical Kit","Ninja Scroll","Kunai","Lee\u0027s Waffle","Oddly Smooth Stone","Ice Cream","Anchor","Peace Pipe","Bottled Lightning","Art of War","Guide Book","Toxic Egg 2","Whetstone","Bird Faced Urn","Bandana","Girya","Meat on the Bone","Blue Candle","Calipers","Sundial","Arrowhead","Torii","Frozen Egg 2","Unceasing Top","Singing Bowl","Centennial Puzzle","Letter Opener","Pet Ghost","Vajra","Toy Ornithopter","Shuriken","Dead Branch","Tingsha","Gambling Chip","Thread and Needle","Circlet","Question Card","Ancient Tea Set","Strawberry","Circlet","Circlet"],"gold_per_floor":[112,9461,9474,9484,9500,9526,9526,9554,9609,9634,9648,9665,9665,9696,9696,9799,9799,9814,9814,93630,93655,93655,93706,93722,93722,93746,93746,93746,93746,93781,92973,92973,93075,93105,93117,93067,93095,93120,93144,93179,93179,93215,93264,93264,93264,0,0,18,18,22],"floor_reached":51,"campfire_rested":1,"playtime":1832,"current_hp_per_floor":[63,63,63,63,63,63,70,70,70,70,70,70,70,70,70,70,70,70,35,66,68,56,71,77,77,79,79,79,79,79,86,86,88,106,108,108,110,112,114,116,116,118,120,120,120,120,120,122,122,122],"items_purged":["Ghostly","Clumsy"],"gold":22,"score":1773,"play_id":"348d261b-e9dc-4e46-82ad-0fea7ae6efe2","local_time":"20180412002654","is_prod":false,"is_daily":false,"is_ascension_mode":true,"campfire_upgraded":1,"timestamp":1523507214,"path_taken":["M","?","?","M","M","E","R","E","T","E","M","M","?","E","R","BOSS","M","?","$","M","?","E","M","R","T","R","?","?","E","$","R","BOSS","M","$","M","?","M","E","R","E","T","?","R","?","R","M","R","BOSS"],"build_version":"2018-04-05v2","purchased_purges":3,"victory":true,"master_deck":["Poison Darts+1","Poison Darts","Burst","Adrenaline","Adrenaline+1","Adrenaline+1","Adrenaline","Adrenaline","Adrenaline+1","Adrenaline+1","Ghostly+1","Parasite"],"max_hp_per_floor":[70,70,70,70,70,70,70,70,70,70,70,70,70,70,70,70,70,70,35,66,68,73,75,77,77,79,79,79,79,79,86,86,88,106,108,108,110,112,114,116,116,118,120,120,120,120,120,122,122,122],"relics":["Ring of the Snake","Smiling Mask","Iron Hammer","Membership Card","Tough Bandages","Gremlin Food","Mummified Hand","Pen Nib","Bag of Marbles","Snake Skull","Lizard Tail","Prayer Wheel","Circlet","The Courier","Du-Vu Doll","Snack Pack","Onion Ring","Ginger","Mirror","Gremlin Horn","Strange Spoon","Funnel","Frozen Eye","Divine Protection","Mango","Garlic","Cauldron","Dream Catcher","Dodecahedron","Bronze Scales","Pantograph","Blood Vial","Paper Crane","Molten Egg 2","Mercury Hourglass","Orichalcum","Juzu Bracelet","Darkstone Periapt","Happy Flower","Matryoshka","Ornamental Fan","Pear","The Specimen","Medical Kit","Kunai","Lee\u0027s Waffle","Oddly Smooth Stone","Ice Cream","Anchor","Peace Pipe","Bottled Lightning","Art of War","Guide Book","Toxic Egg 2","Whetstone","Bird Faced Urn","Bandana","Girya","Meat on the Bone","Blue Candle","Calipers","Sundial","Arrowhead","Torii","Frozen Egg 2","Unceasing Top","Singing Bowl","Centennial Puzzle","Letter Opener","Vajra","Toy Ornithopter","Shuriken","Tingsha","Gambling Chip","Thread and Needle","Circlet","Question Card","Ancient Tea Set","Regal Pillow","Bag of Preparation","Ancient Bracer","Lantern","Strawberry","Circlet","Circlet","Calling Bell","War Paint","Tiny Chest","Circlet","Circlet","Omamori","Simple Rune","Circlet","Baseball","Red Mask"],"card_choices":[{"not_picked":["Deflect","Deadly Poison","Slice"],"picked":"Atom Bomb","floor":30}],"player_experience":309041,"potions_floor_usage":[],"damage_taken":[{"damage":0,"enemies":"Cultist","floor":1,"turns":1},{"damage":0,"enemies":"2 Louse","floor":3,"turns":1},{"damage":0,"enemies":"Jaw Worm","floor":4,"turns":1},{"damage":0,"enemies":"Red Slaver","floor":5,"turns":1},{"damage":0,"enemies":"Gremlin Nob","floor":6,"turns":1},{"damage":0,"enemies":"3 Sentries","floor":8,"turns":1},{"damage":0,"enemies":"Lagavulin","floor":10,"turns":1},{"damage":0,"enemies":"2 Fungi Beasts","floor":11,"turns":1},{"damage":0,"enemies":"Gremlin Gang","floor":12,"turns":1},{"damage":0,"enemies":"Gremlin Nob","floor":14,"turns":1},{"damage":0,"enemies":"The Guardian","floor":16,"turns":1},{"damage":0,"enemies":"3 Byrds","floor":18,"turns":1},{"damage":1,"enemies":"Chosen","floor":21,"turns":1},{"damage":1,"enemies":"Book of Stabbing","floor":23,"turns":1},{"damage":1,"enemies":"Snecko","floor":24,"turns":1},{"damage":1,"enemies":"Gremlin Leader","floor":30,"turns":1},{"damage":1,"enemies":"Collector","floor":33,"turns":1},{"damage":8,"enemies":"Orb Walker","floor":35,"turns":1},{"damage":5,"enemies":"3 Darklings","floor":37,"turns":1},{"damage":2,"enemies":"Sphere and 2 Shapes","floor":39,"turns":1},{"damage":3,"enemies":"Giant Head","floor":40,"turns":1},{"damage":1,"enemies":"Nemesis","floor":42,"turns":1},{"damage":1,"enemies":"4 Shapes","floor":48,"turns":1},{"damage":8,"enemies":"Donu and Deca","floor":50,"turns":1}],"event_choices":[{"event_name":"Liars Game","player_choice":"disagreed","floor":13,"damage_taken":0},{"event_name":"Ghosts","player_choice":"Became a Ghost","floor":19,"damage_taken":0},{"event_name":"Forgotten Altar","player_choice":"Shed Blood","floor":22,"damage_taken":0},{"event_name":"Beggar","player_choice":"Ignored","floor":28,"damage_taken":0},{"event_name":"Wheel of Change","player_choice":"Full Heal","floor":29,"damage_taken":0},{"event_name":"Tomb of Lord Red Mask","player_choice":"Paid","floor":46,"damage_taken":0}],"boss_relics":[{"not_picked":["Cursed Key","Eternal Feather"],"picked":"Lizard Tail"},{"not_picked":["Velvet Choker","Astrolabe"],"picked":"Calling Bell"}],"potions_floor_spawned":[3,5,6,8,11,18,23,24,35,40,42,48],"seed_played":"-8152697686245038771","ascension_level":6,"is_trial":false}