{"path_per_floor":["M","?","?","M","M","R","E","R","T","M","M","E","R","?","R","B",null,"M","?","M","?","$","R","E","R","T","M","M","M","R","M","R","B",null,"M","M","?","?","$","E","R","M","T","R","M","M","$","M","R","B"],"character_chosen":"THE_SILENT","items_purchased":["Snake Skull","Toolbox","Acrobatics","Dexterity Potion"],"gold_per_floor":[112,112,187,202,215,215,240,240,240,251,269,327,327,351,351,448,448,468,468,488,523,302,302,333,333,333,346,356,366,366,382,382,480,480,493,504,504,504,135,165,165,178,201,201,212,232,56,72,72,72],"floor_reached":51,"campfire_rested":0,"playtime":3567,"current_hp_per_floor":[64,69,58,56,54,54,36,36,36,49,43,41,41,45,45,23,75,54,37,35,31,31,31,25,25,25,37,37,36,36,36,36,35,37,35,37,37,32,32,34,34,33,33,33,35,37,37,37,37,30],"items_purged":["Strike_G","Strike_G","Strike_G"],"gold":72,"score":865,"play_id":"5f197051-bb03-4839-9a02-1e7fdcfe5a4e","local_time":"20180416163517","is_prod":false,"is_daily":false,"chose_seed":false,"is_ascension_mode":true,"campfire_upgraded":11,"timestamp":1523910917,"path_taken":["M","?","?","M","M","R","E","R","T","M","?","E","R","?","R","BOSS","M","?","M","?","$","R","E","R","T","?","M","?","R","M","R","BOSS","M","M","?","?","$","E","R","M","T","R","?","?","$","M","R","BOSS"],"build_version":"2018-04-13","seed_source_timestamp":165539930791490,"purchased_purges":3,"victory":true,"master_deck":["Defend_G","Defend_G","Defend_G","Defend_G","Defend_G","Strike_G","Strike_G","Survivor","Neutralize+1","Flechettes+1","Sucker Punch","Quick Slash","Bouncing Flask+1","Backflip","Distraction+1","Burst+1","Dagger Spray","Ghostly+1","Ghostly+1","Ghostly+1","Ghostly+1","Ghostly+1","PiercingWail","Noxious Fumes+1","Backflip","Acrobatics","Expertise+1","Madness","Madness","Acrobatics","Night Terror","Noxious Fumes+1"],"max_hp_per_floor":[70,75,75,75,75,75,75,75,75,75,75,75,75,75,75,75,75,75,37,37,37,37,37,37,37,37,37,37,37,37,37,37,37,37,37,37,37,37,37,37,37,37,37,37,37,37,37,37,37,37],"relics":["Runic Pyramid","Blood Vial","Meat on the Bone","Tiny Chest","Odd Mushroom","Velvet Choker","Red Mask","Snake Skull","Lantern","Paper Crane","Philosopher\u0027s Stone","Toolbox","Gremlin Horn","Orichalcum"],"card_choices":[{"not_picked":["Deadly Poison","PiercingWail"],"picked":"Flechettes","floor":1},{"not_picked":["Slice","Flying Knee"],"picked":"Sucker Punch","floor":4},{"not_picked":["Expertise","Bane"],"picked":"Quick Slash","floor":5},{"not_picked":["After Image","Flechettes"],"picked":"Bouncing Flask","floor":7},{"not_picked":["Footwork","Masterful Stab"],"picked":"Backflip","floor":10},{"not_picked":["Dagger Throw","Well Laid Plans"],"picked":"Distraction","floor":12},{"not_picked":["Night Terror","Corpse Explosion"],"picked":"Burst","floor":16},{"not_picked":["Eviscerate","All Out Attack"],"picked":"Dagger Spray","floor":18},{"not_picked":["Prepared","Predator"],"picked":"PiercingWail","floor":20},{"not_picked":["Underhanded Strike","Leg Sweep"],"picked":"Noxious Fumes","floor":27},{"not_picked":["Underhanded Strike","Poisoned Stab"],"picked":"Backflip","floor":31},{"not_picked":["PiercingWail","Backstab"],"picked":"Acrobatics","floor":35},{"not_picked":["Acrobatics","Leg Sweep"],"picked":"Expertise","floor":36},{"not_picked":["Reflex","Acrobatics"],"picked":"Night Terror","floor":46},{"not_picked":["Deadly Poison","Dodge and Roll"],"picked":"Noxious Fumes","floor":48}],"player_experience":27470,"potions_floor_usage":[14,20,21,27,35],"damage_taken":[{"damage":6,"enemies":"Cultist","floor":1,"turns":5},{"damage":2,"enemies":"Jaw Worm","floor":4,"turns":4},{"damage":2,"enemies":"Small Slimes","floor":5,"turns":3},{"damage":18,"enemies":"Gremlin Nob","floor":7,"turns":4},{"damage":1,"enemies":"Blue Slaver","floor":10,"turns":3},{"damage":20,"enemies":"Exordium Wildlife","floor":11,"turns":5},{"damage":4,"enemies":"Lagavulin","floor":12,"turns":7},{"damage":10,"enemies":"The Mushroom Lair","floor":14,"turns":3},{"damage":36,"enemies":"Hexaghost","floor":16,"turns":11},{"damage":21,"enemies":"3 Byrds","floor":18,"turns":5},{"damage":2,"enemies":"2 Thieves","floor":20,"turns":4},{"damage":21,"enemies":"Masked Bandits","floor":21,"turns":8},{"damage":8,"enemies":"Gremlin Leader","floor":24,"turns":9},{"damage":0,"enemies":"Snake Plant","floor":27,"turns":7},{"damage":0,"enemies":"Sentry and Sphere","floor":28,"turns":7},{"damage":1,"enemies":"Snecko","floor":29,"turns":8},{"damage":1,"enemies":"Centurion and Healer","floor":31,"turns":7},{"damage":2,"enemies":"Collector","floor":33,"turns":9},{"damage":2,"enemies":"Flame Bruiser 1 Orb","floor":35,"turns":7},{"damage":0,"enemies":"3 Shapes","floor":36,"turns":6},{"damage":0,"enemies":"2 Orb Walkers","floor":40,"turns":7},{"damage":3,"enemies":"Sphere and 2 Shapes","floor":42,"turns":5},{"damage":0,"enemies":"Maw","floor":45,"turns":8},{"damage":0,"enemies":"Spire Growth","floor":46,"turns":6},{"damage":0,"enemies":"Flame Bruiser 2 Orb","floor":48,"turns":7},{"damage":19,"enemies":"Donu and Deca","floor":50,"turns":11}],"event_choices":[{"event_name":"Big Fish","player_choice":"Donut","floor":2,"damage_taken":0},{"event_name":"World of Goop","player_choice":"Gather Gold","floor":3,"damage_taken":0},{"event_name":"Mushrooms","player_choice":"Fought Mushrooms","floor":14,"damage_taken":0},{"event_name":"Ghosts","player_choice":"Became a Ghost","floor":19,"damage_taken":0},{"event_name":"Masked Bandits","player_choice":"Fought over 488 gold","floor":21,"damage_taken":0},{"event_name":"Mysterious Sphere","player_choice":"Ignore","floor":37,"damage_taken":0},{"event_name":"Winding Halls","player_choice":"Embrace Madness","floor":38,"damage_taken":0}],"boss_relics":[{"not_picked":["Ectoplasm","Cursed Key"],"picked":"Velvet Choker"},{"not_picked":["White Beast Statue","Calling Bell"],"picked":"Philosopher\u0027s Stone"}],"potions_floor_spawned":[5,7,10,16,20,24,28,31,33,35,36,40,42],"seed_played":"-588515176389931492","ascension_level":3,"is_trial":false}