{"path_per_floor":["M","?","M","M","?","R","E","M","T","E","R","M","R","M","R","B",null,"M","?","?","?","M","M","?","M","T","$","R","$","R","M","R"],"character_chosen":"THE_SILENT","items_purchased":["Shovel","Adrenaline"],"gold_per_floor":[113,188,205,224,224,224,255,271,297,325,325,335,335,352,352,448,448,465,565,480,480,495,513,513,524,550,183,183,40,40,53,53,53],"floor_reached":33,"campfire_rested":1,"playtime":1747,"current_hp_per_floor":[63,52,52,52,39,39,28,28,28,16,34,33,33,35,35,30,59,47,47,47,47,37,24,24,36,43,43,43,43,43,45,45,0],"items_purged":["Strike_G"],"gold":53,"score":385,"play_id":"86ffd275-723d-4b34-8f3a-e02d82d01396","local_time":"20180412110145","is_prod":false,"is_daily":false,"is_ascension_mode":true,"campfire_upgraded":3,"timestamp":1523545305,"path_taken":["M","?","M","?","?","R","E","M","T","E","R","M","R","M","R","BOSS","M","?","?","?","M","M","?","?","T","$","R","$","R","M","R","BOSS"],"build_version":"2018-04-05v2","purchased_purges":1,"victory":false,"master_deck":["Defend_G+1","Defend_G","Defend_G","Defend_G","Defend_G","Strike_G","Strike_G","Strike_G+1","Survivor","Neutralize+1","Underhanded Strike","Acrobatics+1","Underhanded Strike","Prepared+1","Dagger Throw+1","Quick Slash","All Out Attack","Adrenaline"],"max_hp_per_floor":[63,63,63,63,63,63,63,63,63,63,63,65,65,67,67,69,69,71,71,71,71,71,71,71,71,78,78,78,78,78,80,80,88],"relics":["Ring of the Snake","Tingsha","Lantern","Singing Bowl","Bag of Marbles","Ring of Chaos","Meat on the Bone","Strawberry","Shovel","Ginger","Divine Protection","Snake Skull"],"card_choices":[{"not_picked":["Blur","Hidden Blade"],"picked":"Underhanded Strike","floor":1},{"not_picked":["Dagger Throw","Deadly Poison"],"picked":"Acrobatics","floor":3},{"not_picked":["Cloak And Dagger","Deflect"],"picked":"Underhanded Strike","floor":8},{"not_picked":["Setup","Wraith Form"],"picked":"Prepared","floor":10},{"not_picked":["Deadly Poison","Bane"],"picked":"Dagger Throw","floor":22},{"not_picked":["Escape Plan","Slice"],"picked":"Quick Slash","floor":23},{"not_picked":["Prepared","Fluid Movement"],"picked":"All Out Attack","floor":25}],"player_experience":320306,"potions_floor_usage":[10,16,16,22,23,25],"damage_taken":[{"damage":0,"enemies":"Small Slimes","floor":1,"turns":5},{"damage":0,"enemies":"2 Louse","floor":3,"turns":4},{"damage":0,"enemies":"Jaw Worm","floor":4,"turns":6},{"damage":11,"enemies":"3 Sentries","floor":7,"turns":8},{"damage":0,"enemies":"Red Slaver","floor":8,"turns":3},{"damage":12,"enemies":"Gremlin Nob","floor":10,"turns":4},{"damage":3,"enemies":"Large Slime","floor":12,"turns":6},{"damage":0,"enemies":"Looter","floor":14,"turns":1},{"damage":7,"enemies":"Slime Boss","floor":16,"turns":9},{"damage":14,"enemies":"3 Byrds","floor":18,"turns":6},{"damage":22,"enemies":"Spheric Guardian","floor":22,"turns":4},{"damage":25,"enemies":"Slaver and Parasite","floor":23,"turns":8},{"damage":0,"enemies":"Chosen and Byrds","floor":25,"turns":3},{"damage":8,"enemies":"Snake Plant","floor":31,"turns":4},{"damage":54,"enemies":"Champ","floor":33,"turns":7}],"event_choices":[{"event_name":"World of Goop","player_choice":"Gather Gold","floor":2,"damage_taken":0},{"event_name":"Shining Light","player_choice":"Entered Light","floor":5,"damage_taken":0},{"event_name":"Golden Shrine","player_choice":"Pray","floor":19,"damage_taken":0},{"event_name":"Addict","player_choice":"Obtained Relic","floor":20,"damage_taken":0},{"event_name":"Drug Dealer","player_choice":"Ignored","floor":21,"damage_taken":0},{"event_name":"Bonfire Elementals","player_choice":"BASIC","floor":24,"damage_taken":0}],"boss_relics":[{"not_picked":["Lizard Tail","Painkiller Herb"],"picked":"Ring of Chaos"}],"potions_floor_spawned":[1,7,8,12,18,22],"seed_played":"-8349042071219359984","killed_by":"Champ","ascension_level":8,"is_trial":false}