{"path_per_floor":["M","$","M","M","M","E","R","M","T","R","M","M","?","M","R","B",null,"M","$","?","$","M","R","$","M","T","E","?","M","M","E","R"],"character_chosen":"THE_SILENT","items_purchased":["Footwork","Footwork","Oddly Smooth Stone"],"gold_per_floor":[114,1,13,33,46,77,77,47,47,47,64,80,80,93,93,219,219,240,169,169,26,46,46,46,67,93,134,134,159,182,222,222,222],"floor_reached":33,"campfire_rested":1,"playtime":1693,"current_hp_per_floor":[70,70,70,70,70,53,53,53,53,53,53,42,42,34,34,4,65,65,65,65,65,65,65,65,65,65,59,32,23,16,16,28,0],"items_purged":["Defend_G"],"gold":222,"score":339,"play_id":"8a2737d0-e44c-4ff0-8548-87a2f3432278","local_time":"20180414220805","is_prod":false,"is_daily":false,"chose_seed":false,"is_ascension_mode":false,"campfire_upgraded":4,"timestamp":1523758085,"path_taken":["M","$","M","M","?","E","R","M","T","R","M","M","?","M","R","BOSS","M","$","?","$","M","R","?","?","T","E","?","M","?","E","R","BOSS"],"build_version":"2018-04-13","seed_source_timestamp":14657976749577,"purchased_purges":2,"victory":false,"master_deck":["Defend_G","Defend_G","Defend_G","Defend_G","Strike_G","Strike_G","Strike_G","Strike_G","Strike_G","Survivor","Neutralize","Malaise+1","Footwork+1","Heel Hook","Malaise+1","Doppelganger+1","Dagger Spray+1","Glass Knife+1","Footwork","Backflip","Pain","Adrenaline","Ghostly","Ghostly","Ghostly","Ghostly","Ghostly","Dagger Throw+1"],"max_hp_per_floor":[70,70,70,70,70,70,70,70,70,70,70,70,65,65,65,65,65,65,65,65,65,65,65,65,65,65,65,32,32,32,42,42,42],"relics":["Sozu","Molten Egg 2","Pen Nib","Golden Idol","Cursed Key","Oddly Smooth Stone","Snake Skull","Mummified Hand","Pear"],"card_choices":[{"not_picked":["Riddle With Holes","Sucker Punch"],"picked":"Malaise","floor":1},{"not_picked":["Slice","Dodge and Roll"],"picked":"Heel Hook","floor":4},{"not_picked":["Outmaneuver","Acrobatics"],"picked":"Malaise","floor":5},{"not_picked":["Deflect","Crippling Poison"],"picked":"Doppelganger","floor":6},{"not_picked":["Deflect","Choke"],"picked":"Dagger Spray","floor":12},{"not_picked":["Die Die Die","Tools of the Trade"],"picked":"Glass Knife","floor":16},{"not_picked":["Slice","Flying Knee"],"picked":"Backflip","floor":22},{"not_picked":["Calculated Gamble","Tactician"],"picked":"Adrenaline","floor":27},{"not_picked":["Prepared","Bane"],"picked":"Dagger Throw","floor":31}],"player_experience":4254,"potions_floor_usage":[],"damage_taken":[{"damage":0,"enemies":"Cultist","floor":1,"turns":4},{"damage":0,"enemies":"Small Slimes","floor":3,"turns":5},{"damage":0,"enemies":"2 Louse","floor":4,"turns":3},{"damage":0,"enemies":"Large Slime","floor":5,"turns":9},{"damage":17,"enemies":"3 Sentries","floor":6,"turns":12},{"damage":0,"enemies":"Looter","floor":8,"turns":4},{"damage":0,"enemies":"Blue Slaver","floor":11,"turns":4},{"damage":11,"enemies":"Lots of Slimes","floor":12,"turns":5},{"damage":8,"enemies":"Exordium Thugs","floor":14,"turns":6},{"damage":30,"enemies":"Hexaghost","floor":16,"turns":16},{"damage":0,"enemies":"Spheric Guardian","floor":18,"turns":2},{"damage":0,"enemies":"3 Byrds","floor":22,"turns":4},{"damage":0,"enemies":"Snake Plant","floor":25,"turns":5},{"damage":6,"enemies":"Book of Stabbing","floor":27,"turns":6},{"damage":9,"enemies":"3 Cultists","floor":29,"turns":6},{"damage":7,"enemies":"Slaver and Parasite","floor":30,"turns":10},{"damage":10,"enemies":"Slavers","floor":31,"turns":11},{"damage":47,"enemies":"Automaton","floor":33,"turns":6}],"event_choices":[{"event_name":"Golden Idol","player_choice":"Lose Max HP","floor":13,"damage_taken":0},{"event_name":"Drug Dealer","player_choice":"Ignored","floor":20,"damage_taken":0},{"event_name":"Ghosts","player_choice":"Became a Ghost","floor":28,"damage_taken":0}],"boss_relics":[{"not_picked":["Velvet Choker","Orrery"],"picked":"Cursed Key"}],"potions_floor_spawned":[1,6,11,14,18,31],"seed_played":"6327387428555087825","killed_by":"Automaton","ascension_level":0,"is_trial":false}