{"path_per_floor":["M","M","M","M","$","E","R","M","T","E","R","?","?","M","R","B",null,"M","M","?","?","?","R","$","M","T","R","?","M","?","M","R","B",null,"M","M","?","T","$","R","?","M","T","R","M","M","M","M","R","B"],"character_chosen":"THE_SILENT","items_purchased":["Poison Potion","Paper Crane","Dodecahedron","Footwork"],"gold_per_floor":[118,130,150,168,44,69,69,81,137,463,463,463,463,474,474,569,569,589,609,609,609,534,534,33,46,46,46,46,56,56,73,73,174,204,220,231,231,231,51,51,51,61,139,139,158,173,193,208,208,208],"floor_reached":51,"campfire_rested":3,"playtime":3119,"current_hp_per_floor":[63,44,44,35,35,20,20,19,19,11,32,32,32,30,30,16,57,39,20,20,4,4,25,25,25,25,46,39,39,39,48,48,40,52,54,40,40,40,40,40,40,54,54,54,54,52,35,49,49,18],"items_purged":["Strike_G","Survivor"],"gold":208,"score":1022,"play_id":"af61a8df-0bf0-441a-a8da-954941059605","local_time":"20180413203359","is_prod":false,"is_daily":false,"chose_seed":false,"is_ascension_mode":true,"campfire_upgraded":6,"timestamp":1523666039,"path_taken":["M","M","M","M","$","E","R","M","T","E","R","?","?","M","R","BOSS","M","M","?","?","?","R","$","?","T","R","?","?","?","M","R","BOSS","M","?","?","?","$","R","?","?","T","R","M","M","M","?","R","BOSS"],"build_version":"2018-04-12","seed_source_timestamp":0,"purchased_purges":3,"victory":true,"master_deck":["Defend_G+1","Defend_G+1","Defend_G+1","Defend_G+1","Defend_G+1","Neutralize+1","AscendersBane","Terror+1","Quick Slash+1","Backstab","Quick Slash","Malaise+1","Heel Hook","Adrenaline+1","Dash","Bite","Bite","Bite","Bite","Bite+1","Sucker Punch+1","Envenom+1","Malaise+1","Choke","Footwork+1","Predator","Catalyst+1","Crippling Poison+1"],"max_hp_per_floor":[70,70,70,70,70,70,70,70,70,70,70,70,70,70,70,70,70,70,70,70,70,70,70,70,70,70,70,70,70,49,49,49,49,54,54,54,54,54,54,54,54,54,54,54,54,54,54,54,54,54],"relics":["Ring of the Snake","Art of War","Tiny Chest","Old Coin","Velvet Choker","Enchiridion","Paper Crane","Dodecahedron","Toolbox","Tiny House","Frozen Egg 2","Mercury Hourglass"],"card_choices":[{"not_picked":["Poisoned Stab","PiercingWail"],"picked":"Terror","floor":1.0},{"not_picked":["Bane","Finisher"],"picked":"Quick Slash","floor":2.0},{"not_picked":["Underhanded Strike","Flying Knee"],"picked":"Backstab","floor":4.0},{"not_picked":["Well Laid Plans","Terror"],"picked":"Quick Slash","floor":6.0},{"not_picked":["Poisoned Stab","Predator"],"picked":"Malaise","floor":10.0},{"not_picked":["Bouncing Flask","Bane"],"picked":"Heel Hook","floor":14.0},{"not_picked":["Die Die Die","Phantasmal Killer"],"picked":"Adrenaline","floor":16.0},{"not_picked":["Caltrops","Sucker Punch"],"picked":"Dash","floor":19.0},{"not_picked":["Deadly Poison","Cloak And Dagger"],"picked":"Sucker Punch","floor":31.0},{"not_picked":["Venomology","Tools of the Trade"],"picked":"Envenom","floor":33.0},{"not_picked":["Quick Slash","PiercingWail"],"picked":"Malaise","floor":34.0},{"not_picked":["Crippling Poison","Underhanded Strike"],"picked":"Choke","floor":35.0},{"not_picked":["Dagger Spray","Burst"],"picked":"Predator","floor":42},{"not_picked":["Dagger Spray","Blur"],"picked":"Catalyst","floor":45},{"not_picked":["Slice","Leg Sweep"],"picked":"Crippling Poison","floor":48}],"player_experience":351443,"potions_floor_usage":[50,50],"damage_taken":[{"damage":0.0,"enemies":"2 Louse","floor":1.0,"turns":2.0},{"damage":19.0,"enemies":"Small Slimes","floor":2.0,"turns":5.0},{"damage":0.0,"enemies":"Cultist","floor":3.0,"turns":3.0},{"damage":9.0,"enemies":"3 Louse","floor":4.0,"turns":4.0},{"damage":15.0,"enemies":"Gremlin Nob","floor":6.0,"turns":4.0},{"damage":1.0,"enemies":"Red Slaver","floor":8.0,"turns":5.0},{"damage":20.0,"enemies":"3 Sentries","floor":10.0,"turns":10.0},{"damage":2.0,"enemies":"2 Fungi Beasts","floor":14.0,"turns":4.0},{"damage":14.0,"enemies":"Hexaghost","floor":16.0,"turns":15.0},{"damage":18.0,"enemies":"Chosen","floor":18.0,"turns":7.0},{"damage":19.0,"enemies":"Spheric Guardian","floor":19.0,"turns":4.0},{"damage":0.0,"enemies":"Chosen and Byrds","floor":25.0,"turns":6.0},{"damage":0.0,"enemies":"Snake Plant","floor":29.0,"turns":6.0},{"damage":13.0,"enemies":"Centurion and Healer","floor":31.0,"turns":8.0},{"damage":41.0,"enemies":"Automaton","floor":33.0,"turns":19.0},{"damage":0.0,"enemies":"Orb Walker","floor":35.0,"turns":5.0},{"damage":22.0,"enemies":"3 Shapes","floor":36.0,"turns":11.0},{"damage":2.0,"enemies":"Maw","floor":42.0,"turns":9.0},{"damage":0,"enemies":"Sphere and 2 Shapes","floor":45,"turns":6},{"damage":6,"enemies":"3 Darklings","floor":46,"turns":7},{"damage":19,"enemies":"4 Shapes","floor":47,"turns":4},{"damage":0,"enemies":"Maw","floor":48,"turns":8},{"damage":52,"enemies":"Time Eater","floor":50,"turns":15}],"event_choices":[{"event_name":"Living Wall","player_choice":"Grow","floor":12.0,"damage_taken":0.0},{"event_name":"Purifier","player_choice":"One Purge","floor":13.0,"damage_taken":0.0},{"event_name":"Back to Basics","player_choice":"Simplicity","floor":20.0,"damage_taken":0.0},{"event_name":"Cursed Tome","player_choice":"Obtained Book","floor":21.0,"damage_taken":0.0},{"event_name":"Beggar","player_choice":"Gave Gold","floor":22.0,"damage_taken":0.0},{"event_name":"Wheel of Change","player_choice":"Damage","floor":28.0,"damage_taken":0.0},{"event_name":"Vampires","player_choice":"Became a vampire","floor":30.0,"damage_taken":0.0},{"event_name":"Tomb of Lord Red Mask","player_choice":"Ignored","floor":37.0,"damage_taken":0.0},{"event_name":"Mysterious Sphere","player_choice":"Ignore","floor":41.0,"damage_taken":0.0}],"boss_relics":[],"potions_floor_spawned":[1,10,14,16,25,31,35,36,45],"seed_played":"-5657931118507411127","ascension_level":11,"is_trial":false}