{"path_per_floor":["M","?","M","?","$","E","R","E","T","R","M","M","$","?","R","B",null,"M","M","?","?","?","R","M","E","T","R","E","$","?","M","R"],"character_chosen":"THE_SILENT","items_purchased":["Kunai","Cloak And Dagger","Anchor"],"gold_per_floor":[116,291,308,383,308,339,339,365,388,388,406,425,117,117,117,222,222,240,260,260,260,160,160,173,201,201,201,232,77,77,94,94,94],"floor_reached":33,"campfire_rested":2,"playtime":2215,"current_hp_per_floor":[70,70,68,57,57,27,27,5,5,26,26,26,26,49,49,46,88,81,76,61,61,61,61,35,37,37,55,45,45,45,44,44,0],"items_purged":["Doubt"],"gold":94,"score":361,"play_id":"506db4aa-e635-433c-9b4d-7bfde8285d7c","local_time":"20180409001711","is_prod":false,"is_daily":false,"is_ascension_mode":true,"campfire_upgraded":4,"timestamp":1523247431,"path_taken":["M","?","?","?","$","E","R","E","T","R","M","M","$","?","R","BOSS","M","M","?","?","?","R","?","E","T","R","E","$","?","M","R","BOSS"],"build_version":"2018-04-05v2","purchased_purges":1,"victory":false,"master_deck":["Defend_G","Defend_G","Defend_G","Defend_G","Defend_G","Survivor","Neutralize","Endless Agony","Malaise+1","Finisher","Sucker Punch","Well Laid Plans+1","Cloak And Dagger+1","Glass Knife","Clumsy","Decay","Writhe","Dodge and Roll","Bite","Bite","Bite","Bite","Bite","Tools of the Trade+1","Neutralize","Slice+1","Backstab","Dagger Spray"],"max_hp_per_floor":[70,70,70,70,70,70,70,70,70,70,70,70,70,70,70,70,88,88,88,61,61,61,61,61,61,61,61,61,61,61,61,61,61],"relics":["Ring of the Snake","Ancient Tea Set","Darkstone Periapt","Dream Catcher","Kunai","Calling Bell","Paper Crane","Letter Opener","Happy Flower","Prayer Wheel","Pen Nib","Molten Egg 2","Anchor","Unceasing Top"],"card_choices":[{"not_picked":["Masterful Stab","Bane"],"picked":"Endless Agony","floor":1},{"not_picked":["Prepared","Backstab"],"picked":"Malaise","floor":3},{"not_picked":["Choke","Catalyst"],"picked":"Finisher","floor":6},{"not_picked":["Dagger Throw","Flying Knee"],"picked":"Sucker Punch","floor":8},{"not_picked":["Dash","Quick Slash"],"picked":"Well Laid Plans","floor":12},{"not_picked":["Wraith Form","Grand Finale"],"picked":"Glass Knife","floor":16},{"not_picked":["Quick Slash","Riddle With Holes"],"picked":"Dodge and Roll","floor":18},{"not_picked":["Deadly Poison","Venomology"],"picked":"Slice","floor":24},{"not_picked":["Riddle With Holes","Terror"],"picked":"Backstab","floor":26},{"not_picked":["Deadly Poison","Flying Knee"],"picked":"Dagger Spray","floor":27}],"player_experience":230977,"potions_floor_usage":[8,18,18,25,33,33],"damage_taken":[{"damage":0,"enemies":"2 Louse","floor":1,"turns":3},{"damage":2,"enemies":"Cultist","floor":3,"turns":4},{"damage":30,"enemies":"3 Sentries","floor":6,"turns":14},{"damage":22,"enemies":"Gremlin Nob","floor":8,"turns":6},{"damage":0,"enemies":"Small Slimes","floor":11,"turns":3},{"damage":0,"enemies":"2 Fungi Beasts","floor":12,"turns":3},{"damage":3,"enemies":"The Guardian","floor":16,"turns":14},{"damage":7,"enemies":"2 Thieves","floor":18,"turns":4},{"damage":5,"enemies":"3 Byrds","floor":19,"turns":7},{"damage":37,"enemies":"Snake Plant","floor":24,"turns":7},{"damage":26,"enemies":"Slavers","floor":25,"turns":18},{"damage":24,"enemies":"Gremlin Leader","floor":28,"turns":7},{"damage":19,"enemies":"Cultist and Chosen","floor":31,"turns":10},{"damage":54,"enemies":"Collector","floor":33,"turns":6}],"event_choices":[{"event_name":"Liars Game","player_choice":"agreed","floor":2,"damage_taken":0},{"event_name":"World of Goop","player_choice":"Gather Gold","floor":4,"damage_taken":0},{"event_name":"Big Fish","player_choice":"Banana","floor":14,"damage_taken":0},{"event_name":"Vampires","player_choice":"Became a vampire","floor":20,"damage_taken":0},{"event_name":"Match and Keep!","player_choice":"2 cards matched","floor":21,"damage_taken":0},{"event_name":"Drug Dealer","player_choice":"Got JAXXED","floor":22,"damage_taken":0},{"event_name":"Addict","player_choice":"Gave JAX","floor":30,"damage_taken":0}],"boss_relics":[{"not_picked":["Runic Dome","Astrolabe"],"picked":"Calling Bell"}],"potions_floor_spawned":[1,3,11,16,25,31],"seed_played":"1066542957126407576","killed_by":"Collector","ascension_level":3,"is_trial":false}