{"path_per_floor":["M","?","$","M","?","E","?","R","T","M","E","M","R","?","R","B",null,"M","?","$","$","?","R","?","M","T","E","R","?","M","M","R","B",null,"M","?","$","?","?","R","$","M","T","R","$","E","M","M","R","B"],"character_chosen":"THE_SILENT","items_purchased":["Infinite Blades","Strength Potion","Infinite Blades","Panache","Juzu Bracelet","Snake Skull","Energy Potion"],"gold_per_floor":[209,209,7,26,26,53,53,53,53,66,95,113,113,288,288,384,384,397,397,222,13,193,193,193,210,210,238,238,238,248,258,258,354,354,365,365,222,222,222,222,222,232,255,255,53,83,97,112,112,112],"floor_reached":51,"campfire_rested":5,"playtime":2899,"current_hp_per_floor":[70,63,63,63,56,13,13,34,34,33,27,35,35,35,56,23,70,70,70,70,70,38,59,59,49,49,44,44,31,15,14,36,27,75,52,43,43,43,75,75,75,73,73,73,73,45,44,37,59,42],"items_purged":["Strike_G","Writhe"],"gold":112,"score":771,"play_id":"0d172f6d-cfb9-4b4e-a288-6d6e388d57d3","local_time":"20180409121731","is_prod":false,"is_daily":false,"is_ascension_mode":true,"campfire_upgraded":4,"timestamp":1523290651,"path_taken":["M","?","$","M","?","E","?","R","T","M","E","M","R","?","R","BOSS","M","?","?","$","?","R","?","M","T","E","R","?","M","?","R","BOSS","M","?","$","?","?","R","$","M","T","R","$","E","M","M","R","BOSS"],"build_version":"2018-04-05v2","purchased_purges":2,"victory":true,"master_deck":["Defend_G","Defend_G","Defend_G","Defend_G","Defend_G","Strike_G","Strike_G","Survivor","Neutralize","Endless Agony","Infinite Blades+1","Noxious Fumes+1","Finisher","Envenom","Cloak And Dagger","Doubt","Adrenaline","Footwork+1","Infinite Blades","Panache","Purity","Backstab","Escape Plan","After Image+1","Madness","Master of Strategy","Concentrate+1","Terror+1"],"max_hp_per_floor":[70,70,70,70,70,70,70,70,70,70,70,70,70,70,70,70,70,70,70,70,70,70,70,70,70,70,70,70,75,75,75,75,75,75,75,75,75,75,75,75,75,75,75,75,75,75,75,75,75,75],"relics":["Ring of the Snake","Bronze Scales","Calipers","Centennial Puzzle","White Beast Statue","Unceasing Top","Sundial","Blue Candle","Black Star","Juzu Bracelet","Pen Nib","Snake Skull","Anchor","Lantern"],"card_choices":[{"not_picked":["Dodge and Roll","Distraction"],"picked":"Endless Agony","floor":1.0},{"not_picked":["Acrobatics","Leg Sweep"],"picked":"Noxious Fumes","floor":4.0},{"not_picked":["Flying Knee","Envenom"],"picked":"Finisher","floor":6.0},{"not_picked":["Slice","Sucker Punch"],"picked":"Envenom","floor":11.0},{"not_picked":["Concentrate","Terror"],"picked":"Cloak And Dagger","floor":12.0},{"not_picked":["Glass Knife","Tactician"],"picked":"Adrenaline","floor":16.0},{"not_picked":["Dagger Throw","Endless Agony"],"picked":"Footwork","floor":18.0},{"not_picked":["Concentrate","Poisoned Stab"],"picked":"Backstab","floor":25.0},{"not_picked":["Outmaneuver","Bouncing Flask"],"picked":"Escape Plan","floor":31.0},{"not_picked":["Doppelganger","Bullet Time"],"picked":"After Image","floor":33},{"not_picked":["Flash of Steel","Dramatic Entrance"],"picked":"Master of Strategy","floor":38},{"not_picked":["Flying Knee","Prepared"],"picked":"Concentrate","floor":42},{"not_picked":["PiercingWail","Deflect"],"picked":"Terror","floor":47}],"player_experience":236262,"potions_floor_usage":[33,42,50,50,50],"damage_taken":[{"damage":0.0,"enemies":"2 Louse","floor":1.0,"turns":4.0},{"damage":0.0,"enemies":"Cultist","floor":4.0,"turns":3.0},{"damage":43.0,"enemies":"Gremlin Nob","floor":6.0,"turns":6.0},{"damage":1.0,"enemies":"Small Slimes","floor":10.0,"turns":2.0},{"damage":15.0,"enemies":"Lagavulin","floor":11.0,"turns":5.0},{"damage":1.0,"enemies":"Exordium Wildlife","floor":12.0,"turns":4.0},{"damage":33.0,"enemies":"The Guardian","floor":16.0,"turns":10.0},{"damage":0.0,"enemies":"Chosen","floor":18.0,"turns":5.0},{"damage":10.0,"enemies":"Spheric Guardian","floor":25.0,"turns":4.0},{"damage":17.0,"enemies":"Slavers","floor":27.0,"turns":5.0},{"damage":16.0,"enemies":"Cultist and Chosen","floor":30.0,"turns":7.0},{"damage":1.0,"enemies":"Sentry and Sphere","floor":31.0,"turns":5.0},{"damage":9,"enemies":"Automaton","floor":33,"turns":11},{"damage":23,"enemies":"3 Darklings","floor":35,"turns":4},{"damage":2,"enemies":"Orb Walker","floor":42,"turns":4},{"damage":28,"enemies":"2 Orb Walkers","floor":46,"turns":6},{"damage":1,"enemies":"Sphere and 2 Shapes","floor":47,"turns":5},{"damage":7,"enemies":"4 Shapes","floor":48,"turns":9},{"damage":17,"enemies":"Time Eater","floor":50,"turns":12}],"event_choices":[{"event_name":"Wheel of Change","player_choice":"Damage","floor":2.0,"damage_taken":0.0},{"event_name":"Golden Wing","player_choice":"Card Removal","floor":5.0,"damage_taken":0.0},{"event_name":"Living Wall","player_choice":"Forget","floor":7.0,"damage_taken":0.0},{"event_name":"Liars Game","player_choice":"agreed","floor":14.0,"damage_taken":0.0},{"event_name":"The Mausoleum","player_choice":"Yes","floor":19.0,"damage_taken":0.0},{"event_name":"Knowing Skull","player_choice":"CARD GOLD GOLD ","floor":22.0,"damage_taken":0.0},{"event_name":"The Lab","player_choice":"Got Potions","floor":24.0,"damage_taken":0.0},{"event_name":"Forgotten Altar","player_choice":"Shed Blood","floor":29.0,"damage_taken":0.0},{"event_name":"Winding Halls","player_choice":"Embrace Madness","floor":36,"damage_taken":0},{"event_name":"SensoryStone","player_choice":"Memory 1","floor":38,"damage_taken":0},{"event_name":"Bonfire Elementals","player_choice":"UNCOMMON","floor":39,"damage_taken":0}],"boss_relics":[{"not_picked":["Philosopher\u0027s Stone","Pandora\u0027s Box"],"picked":"Black Star"}],"potions_floor_spawned":[4,11,12,18,25,27,30,31,33,35,42,46,47,48],"seed_played":"-6909331239615350434","ascension_level":3,"is_trial":false}