{"path_per_floor":["M","?","?","M","?","E","$","M","T","M","R","M","E","M","R","B",null,"?","?","T","?","?","T","?","T","T","?","?","T","?","?","T","B",null,"?","T","?","?","?","T","?","?","T","?","T","?","?","?","T","B"],"character_chosen":"THE_SILENT","items_purchased":["Deadly Poison","Oddly Smooth Stone","Footwork","Malaise"],"gold_per_floor":[115,115,115,130,80,115,61,76,76,90,90,102,133,149,149,246,246,260,278,203,218,218,218,235,235,235,255,268,268,279,291,291,387,387,401,83,95,105,122,122,155,170,170,170,6,6,6,21,21,21],"floor_reached":51,"campfire_rested":0,"playtime":2646,"current_hp_per_floor":[68,61,61,61,61,61,61,61,61,61,61,49,52,42,42,38,84,83,83,83,71,71,71,58,58,58,58,58,58,58,58,58,45,84,50,50,47,38,38,38,32,34,34,34,34,34,73,73,73,65],"items_purged":["Strike_G","Defend_G","Poisoned Strike"],"gold":21,"score":820,"play_id":"6f3470fd-bcee-4b3b-b927-5ca077cc775a","local_time":"20180418181400","is_prod":false,"is_daily":false,"chose_seed":false,"is_ascension_mode":false,"campfire_upgraded":8,"timestamp":1524089640,"path_taken":["M","?","?","M","?","E","$","M","T","M","R","?","E","M","R","BOSS","?","?","T","?","?","T","?","T","T","?","?","T","?","?","T","BOSS","?","T","?","?","?","T","?","?","T","?","T","?","?","?","T","BOSS"],"build_version":"2018-04-12","seed_source_timestamp":48899505272080,"purchased_purges":3,"victory":true,"master_deck":["Defend_G","Defend_G","Defend_G","Survivor","Neutralize+1","Catalyst+1","Sucker Punch","All Out Attack","Deadly Poison+1","Deadly Poison+1","Backflip+1","Malaise+1","Bouncing Flask+1","Deadly Poison+1","Deadly Poison+1","Dodge and Roll+1","Leg Sweep+1","Footwork+1","Blur","Dodge and Roll","Catalyst+1","Noxious Fumes+1","Backflip","Malaise+1"],"max_hp_per_floor":[70,70,70,70,70,70,70,70,70,70,70,70,84,84,84,84,84,84,84,84,84,84,84,84,84,84,84,84,84,84,84,84,84,84,84,84,84,84,84,84,84,84,84,84,84,84,73,73,73,73],"relics":["Ring of the Snake","Frozen Egg 2","Art of War","Mango","Painkiller Herb","Snack Pack","Astrolabe","Oddly Smooth Stone","Ginger","Darkstone Periapt"],"card_choices":[{"not_picked":["Masterful Stab","Slice"],"picked":"Catalyst","floor":1.0},{"not_picked":["Underhanded Strike","Skewer"],"picked":"Sucker Punch","floor":4.0},{"not_picked":["Acrobatics","Backstab"],"picked":"All Out Attack","floor":6.0},{"not_picked":["Skewer","Hidden Blade"],"picked":"Deadly Poison","floor":18.0},{"not_picked":["Leg Sweep","Masterful Stab"],"picked":"Backflip","floor":19.0},{"not_picked":["Quick Slash","Tactician"],"picked":"Malaise","floor":21.0},{"not_picked":["Deflect","Fluid Movement"],"picked":"Bouncing Flask","floor":24.0},{"not_picked":["Hidden Blade","Cloak And Dagger"],"picked":"Deadly Poison","floor":27.0},{"not_picked":["Backflip","Endless Agony"],"picked":"Deadly Poison","floor":28.0},{"not_picked":["Deadly Poison","Dagger Spray"],"picked":"Blur","floor":37},{"not_picked":["Deadly Poison","Eviscerate"],"picked":"Dodge and Roll","floor":38},{"not_picked":["Bane","Dodge and Roll"],"picked":"Catalyst","floor":39},{"not_picked":["Bouncing Flask","Dagger Spray"],"picked":"Noxious Fumes","floor":41},{"not_picked":["Grand Finale","Acrobatics"],"picked":"Backflip","floor":42}],"player_experience":368366,"potions_floor_usage":[38,50,50,50],"damage_taken":[{"damage":2.0,"enemies":"Small Slimes","floor":1.0,"turns":3.0},{"damage":0.0,"enemies":"2 Louse","floor":4.0,"turns":3.0},{"damage":0.0,"enemies":"Gremlin Nob","floor":6.0,"turns":3.0},{"damage":0.0,"enemies":"Cultist","floor":8.0,"turns":3.0},{"damage":0.0,"enemies":"2 Fungi Beasts","floor":10.0,"turns":2.0},{"damage":12.0,"enemies":"Exordium Thugs","floor":12.0,"turns":4.0},{"damage":11.0,"enemies":"3 Sentries","floor":13.0,"turns":7.0},{"damage":10.0,"enemies":"Exordium Wildlife","floor":14.0,"turns":4.0},{"damage":4.0,"enemies":"The Guardian","floor":16.0,"turns":6.0},{"damage":1.0,"enemies":"Chosen","floor":18.0,"turns":3.0},{"damage":0.0,"enemies":"3 Byrds","floor":19.0,"turns":5.0},{"damage":12.0,"enemies":"Snake Plant","floor":21.0,"turns":4.0},{"damage":13.0,"enemies":"Slaver and Parasite","floor":24.0,"turns":7.0},{"damage":0.0,"enemies":"Centurion and Healer","floor":27.0,"turns":4.0},{"damage":0.0,"enemies":"Sentry and Sphere","floor":28.0,"turns":3.0},{"damage":0.0,"enemies":"3 Cultists","floor":30.0,"turns":5.0},{"damage":0.0,"enemies":"Centurion and Healer","floor":31.0,"turns":5.0},{"damage":13.0,"enemies":"Champ","floor":33.0,"turns":6.0},{"damage":34.0,"enemies":"3 Darklings","floor":35.0,"turns":7.0},{"damage":3,"enemies":"3 Shapes","floor":37,"turns":6},{"damage":9,"enemies":"Maw","floor":38,"turns":5},{"damage":0,"enemies":"4 Shapes","floor":39,"turns":8},{"damage":6,"enemies":"Giant Head","floor":41,"turns":7},{"damage":0,"enemies":"3 Darklings","floor":42,"turns":9},{"damage":0,"enemies":"Maw","floor":48,"turns":5},{"damage":8,"enemies":"Awakened One","floor":50,"turns":16}],"event_choices":[{"event_name":"Golden Wing","player_choice":"Card Removal","floor":2.0,"damage_taken":0.0},{"event_name":"Match and Keep!","player_choice":"0 cards matched","floor":3.0,"damage_taken":0.0},{"event_name":"The Cleric","player_choice":"Card Removal","floor":5.0,"damage_taken":0.0},{"event_name":"Ghosts","player_choice":"Ignored","floor":22.0,"damage_taken":0.0},{"event_name":"SensoryStone","player_choice":"Memory 1","floor":44,"damage_taken":0},{"event_name":"Purifier","player_choice":"One Purge","floor":46,"damage_taken":0},{"event_name":"The Moai Head","player_choice":"Heal","floor":47,"damage_taken":0}],"boss_relics":[],"potions_floor_spawned":[1,10,13,14,16,19,28,30,33,35,39,41,42],"seed_played":"-1344182375621523409","ascension_level":0,"is_trial":false}