{"path_per_floor":["M","?","?","?","$","R","$","R","T","$","M","M","M","?","R","B",null,"M","M","?","?","M","R","?","M","T","$"],"character_chosen":"THE_SILENT","items_purchased":["Malaise","Deadly Poison","Toxic Egg 2"],"gold_per_floor":[112,112,187,187,41,41,41,41,67,18,33,53,70,70,70,166,196,215,231,231,231,244,244,244,259,282,33,33],"floor_reached":28,"campfire_rested":1,"playtime":1081,"current_hp_per_floor":[62,62,51,37,37,37,37,37,37,37,36,36,23,16,37,23,63,44,32,32,32,29,29,29,16,16,16,0],"items_purged":["Defend_G"],"gold":33,"score":330,"play_id":"e7cf15e2-e81b-4d83-a40e-6796c028aa97","local_time":"20180419141724","is_prod":false,"is_daily":false,"chose_seed":false,"is_ascension_mode":true,"campfire_upgraded":3,"timestamp":1524161844,"path_taken":["M","?","?","?","?","R","$","R","T","$","M","?","M","?","R","BOSS","M","M","?","?","M","R","?","M","T","$","M"],"build_version":"2018-04-12","seed_source_timestamp":156100241850990,"purchased_purges":1,"victory":false,"master_deck":["Defend_G","Defend_G","Defend_G+1","Defend_G","Strike_G","Strike_G+1","Survivor","Neutralize+1","AscendersBane","Dagger Spray","Escape Plan+1","Malaise+1","Deadly Poison+1","Poisoned Stab","Catalyst","PiercingWail","Bullet Time","Footwork","Neutralize","Acrobatics"],"max_hp_per_floor":[70,70,70,70,70,70,70,70,70,70,70,70,70,70,70,70,75,75,75,75,75,75,75,75,75,75,75,75],"relics":["White Beast Statue","Dream Catcher","Nloth\u0027s Gift","Prayer Wheel","Toxic Egg 2"],"card_choices":[{"not_picked":["Backstab","Accuracy"],"picked":"Dagger Spray","floor":1},{"not_picked":["Concentrate","Sucker Punch"],"picked":"Poisoned Stab","floor":11},{"not_picked":["Predator","Poisoned Stab"],"picked":"Catalyst","floor":12},{"not_picked":["Dodge and Roll","Terror"],"picked":"PiercingWail","floor":15},{"not_picked":["Glass Knife","Phantasmal Killer"],"picked":"Bullet Time","floor":16},{"not_picked":["Calculated Gamble","Flying Knee"],"picked":"Footwork","floor":17},{"not_picked":["Predator","Slice"],"picked":"Acrobatics","floor":25}],"player_experience":375746,"potions_floor_usage":[11,13,18,18,19,22,28,28],"damage_taken":[{"damage":1,"enemies":"Small Slimes","floor":1,"turns":4},{"damage":1,"enemies":"Jaw Worm","floor":11,"turns":4},{"damage":0,"enemies":"2 Louse","floor":12,"turns":3},{"damage":13,"enemies":"Blue Slaver","floor":13,"turns":3},{"damage":14,"enemies":"The Guardian","floor":16,"turns":13},{"damage":19,"enemies":"2 Thieves","floor":18,"turns":5},{"damage":12,"enemies":"Chosen","floor":19,"turns":7},{"damage":3,"enemies":"Centurion and Healer","floor":22,"turns":11},{"damage":13,"enemies":"Snecko","floor":25,"turns":7},{"damage":17,"enemies":"3 Cultists","floor":28,"turns":4}],"event_choices":[{"event_name":"Living Wall","player_choice":"Change","floor":2,"damage_taken":0},{"event_name":"World of Goop","player_choice":"Gather Gold","floor":3,"damage_taken":0},{"event_name":"Shining Light","player_choice":"Entered Light","floor":4,"damage_taken":0},{"event_name":"Golden Wing","player_choice":"Card Removal","floor":14,"damage_taken":0},{"event_name":"Match and Keep!","player_choice":"1 cards matched","floor":20,"damage_taken":0},{"event_name":"N\u0027loth","player_choice":"Traded a Tiny House","floor":21,"damage_taken":0},{"event_name":"Back to Basics","player_choice":"Elegance","floor":24,"damage_taken":0}],"boss_relics":[{"not_picked":["Lizard Tail","Orrery"],"picked":"Tiny House"}],"potions_floor_spawned":[1,11,12,13,16,18,19,22,25],"seed_played":"178366064212264230","killed_by":"3 Cultists","ascension_level":12,"is_trial":false}