{"path_per_floor":["M","?","$","$","T","R","E","R","T","$","E","M","M","?","R","B",null,"M","M"],"character_chosen":"THE_SILENT","items_purchased":["Noxious Fumes"],"gold_per_floor":[112,112,37,2,2,2,33,33,59,59,88,107,126,301,301,402,402,415,434,434],"floor_reached":20,"campfire_rested":0,"playtime":776,"current_hp_per_floor":[63,49,49,49,49,49,49,49,49,49,49,49,49,49,49,54,66,60,35,0],"items_purged":["Defend_G"],"gold":434,"score":368,"play_id":"376309eb-f7cd-4905-8ec8-7b38a2d74bb0","local_time":"20180419135848","is_prod":false,"is_daily":false,"chose_seed":false,"is_ascension_mode":true,"campfire_upgraded":3,"timestamp":1524160728,"path_taken":["M","?","?","$","?","R","E","R","T","?","E","M","?","?","R","BOSS","M","?","?"],"build_version":"2018-04-12","seed_source_timestamp":155285192692199,"purchased_purges":1,"victory":false,"master_deck":["Defend_G","Defend_G","Defend_G+1","Defend_G","Strike_G","Strike_G","Strike_G","Strike_G+1","Strike_G","Survivor","Neutralize+1","AscendersBane","Dash","Noxious Fumes+1","Blur","Dodge and Roll","Infinite Blades+1","Dodge and Roll","Doubt","Adrenaline","Escape Plan"],"max_hp_per_floor":[70,70,70,70,70,70,70,70,70,70,70,70,70,70,70,70,70,70,70,70],"relics":["Ring of the Snake","NeowsBlessing","Pantograph","Happy Flower","Art of War","Tough Bandages","White Beast Statue"],"card_choices":[{"not_picked":["Acrobatics","Slice"],"picked":"Dash","floor":1},{"not_picked":["Cloak And Dagger","Endless Agony"],"picked":"Blur","floor":7},{"not_picked":["Flying Knee","Tactician"],"picked":"Dodge and Roll","floor":11},{"not_picked":["Poisoned Stab","Outmaneuver"],"picked":"Infinite Blades","floor":12},{"not_picked":["Quick Slash","Dagger Spray"],"picked":"Dodge and Roll","floor":13},{"not_picked":["Envenom","Wraith Form v2"],"picked":"Adrenaline","floor":16},{"not_picked":["Quick Slash","Sucker Punch"],"picked":"Escape Plan","floor":18}],"player_experience":374970,"potions_floor_usage":[16,20,20],"damage_taken":[{"damage":0,"enemies":"Small Slimes","floor":1,"turns":1},{"damage":0,"enemies":"3 Sentries","floor":7,"turns":1},{"damage":0,"enemies":"Lagavulin","floor":11,"turns":1},{"damage":0,"enemies":"Cultist","floor":12,"turns":3},{"damage":0,"enemies":"Jaw Worm","floor":13,"turns":4},{"damage":16,"enemies":"Hexaghost","floor":16,"turns":12},{"damage":6,"enemies":"Chosen","floor":18,"turns":8},{"damage":25,"enemies":"Spheric Guardian","floor":19,"turns":8},{"damage":42,"enemies":"Snecko","floor":20,"turns":6}],"event_choices":[{"event_name":"Shining Light","player_choice":"Entered Light","floor":2,"damage_taken":0},{"event_name":"Liars Game","player_choice":"agreed","floor":14,"damage_taken":0}],"boss_relics":[{"not_picked":["Calling Bell","Velvet Choker"],"picked":"White Beast Statue"}],"potions_floor_spawned":[11,12,16,18,19],"seed_played":"-2054381900590904773","killed_by":"Snecko","ascension_level":12,"is_trial":false}