{"path_per_floor":["M","?","$","?","M","E","R","$","T","M","$","M","R","M","R","B",null,"M","M","?","M","M","R","M","R","T","R","?","M","M","$","R","B",null,"M","T","M","?","M","R","?","R","T","?","M","$","M","M","R","B"],"character_chosen":"THE_SILENT","items_purchased":["Cloak And Dagger","Endless Agony","Regal Pillow","Whetstone","Blur"],"gold_per_floor":[115,115,23,198,215,248,248,17,17,27,27,37,37,54,54,152,152,166,178,178,189,204,204,215,215,215,215,140,152,164,9,9,113,113,133,133,152,152,171,171,171,171,171,171,182,3,18,31,31,31],"floor_reached":51,"campfire_rested":4,"playtime":3142,"current_hp_per_floor":[63,60,60,60,53,38,38,38,38,38,38,38,38,36,70,31,60,58,53,37,37,7,43,39,39,39,39,39,39,39,39,70,21,58,50,60,33,33,23,23,23,62,62,80,64,64,54,62,62,46],"items_purged":["Doubt","Strike_G"],"gold":31,"score":1012,"play_id":"fb10943a-80e5-48a0-a36b-f30b5a413cf3","local_time":"20180419151458","is_prod":false,"is_daily":false,"chose_seed":false,"is_ascension_mode":true,"campfire_upgraded":6,"timestamp":1524165298,"path_taken":["M","?","$","?","?","E","R","?","T","M","?","?","R","M","R","BOSS","M","M","?","M","?","R","M","R","T","R","?","M","M","$","R","BOSS","M","?","?","?","M","R","?","R","T","?","M","$","M","?","R","BOSS"],"build_version":"2018-04-12","seed_source_timestamp":157218513800987,"purchased_purges":2,"victory":true,"master_deck":["Defend_G","Defend_G","Defend_G","Strike_G+1","Survivor","Neutralize","AscendersBane","Dagger Spray","Cloak And Dagger+1","Endless Agony+1","Acrobatics","Cloak And Dagger+1","Wraith Form v2+1","Finisher","After Image+1","Escape Plan","Necronomicurse","Underhanded Strike","Riddle With Holes","Backflip","Night Terror+1","Glass Knife+1","Burst+1","Catalyst+1","Acrobatics+1","Writhe","Underhanded Strike","Blur"],"max_hp_per_floor":[70,70,70,70,70,70,70,70,70,70,70,70,70,70,70,70,70,70,70,70,70,70,70,70,70,70,70,70,70,70,70,70,70,70,70,80,80,80,80,80,80,80,80,80,80,80,80,80,80,80],"relics":["Lizard Tail","Shuriken","Tingsha","Regal Pillow","Toolbox","Philosopher\u0027s Stone","Necronomicon","Pantograph","Whetstone","Astrolabe","Pear","Gambling Chip"],"card_choices":[{"not_picked":["Slice","Quick Slash"],"picked":"Dagger Spray","floor":1},{"not_picked":["Setup","Bouncing Flask"],"picked":"Acrobatics","floor":5},{"not_picked":["Masterful Stab","Acrobatics"],"picked":"Cloak And Dagger","floor":6},{"not_picked":["Bouncing Flask","Prepared"],"picked":"Wraith Form v2","floor":10},{"not_picked":["Deadly Poison","Quick Slash"],"picked":"Finisher","floor":12},{"not_picked":["Envenom","Wraith Form v2"],"picked":"After Image","floor":16},{"not_picked":["Dagger Throw","PiercingWail"],"picked":"Escape Plan","floor":19},{"not_picked":["Flying Knee","Quick Slash"],"picked":"Underhanded Strike","floor":21},{"not_picked":["Poisoned Stab","Cloak And Dagger"],"picked":"Riddle With Holes","floor":22},{"not_picked":["Bane","Deflect"],"picked":"Backflip","floor":29},{"not_picked":["Tactician","Storm of Steel"],"picked":"Night Terror","floor":33},{"not_picked":["Poisoned Stab","Sucker Punch"],"picked":"Acrobatics","floor":35},{"not_picked":["Outmaneuver","Distraction"],"picked":"Underhanded Strike","floor":45}],"player_experience":376827,"potions_floor_usage":[14,22,22,30,33,47,47,48],"damage_taken":[{"damage":0,"enemies":"Small Slimes","floor":1,"turns":4},{"damage":7,"enemies":"Jaw Worm","floor":5,"turns":4},{"damage":15,"enemies":"3 Sentries","floor":6,"turns":9},{"damage":0,"enemies":"2 Louse","floor":10,"turns":2},{"damage":0,"enemies":"Exordium Wildlife","floor":12,"turns":2},{"damage":2,"enemies":"Exordium Thugs","floor":14,"turns":3},{"damage":39,"enemies":"The Guardian","floor":16,"turns":12},{"damage":2,"enemies":"Spheric Guardian","floor":18,"turns":4},{"damage":5,"enemies":"3 Byrds","floor":19,"turns":4},{"damage":0,"enemies":"Centurion and Healer","floor":21,"turns":6},{"damage":30,"enemies":"Chosen and Byrds","floor":22,"turns":5},{"damage":4,"enemies":"Snake Plant","floor":24,"turns":7},{"damage":0,"enemies":"Centurion and Healer","floor":29,"turns":5},{"damage":0,"enemies":"Snecko","floor":30,"turns":3},{"damage":49,"enemies":"Collector","floor":33,"turns":8},{"damage":8,"enemies":"3 Shapes","floor":35,"turns":6},{"damage":27,"enemies":"3 Darklings","floor":37,"turns":6},{"damage":10,"enemies":"Maw","floor":39,"turns":6},{"damage":16,"enemies":"Sphere and 2 Shapes","floor":45,"turns":4},{"damage":22,"enemies":"4 Shapes","floor":47,"turns":7},{"damage":1,"enemies":"Maw","floor":48,"turns":11},{"damage":34,"enemies":"Time Eater","floor":50,"turns":14}],"event_choices":[{"event_name":"Scrap Ooze","player_choice":"success","floor":2,"damage_taken":3},{"event_name":"Liars Game","player_choice":"agreed","floor":4,"damage_taken":0},{"event_name":"Cursed Tome","player_choice":"Obtained Book","floor":20,"damage_taken":0},{"event_name":"Beggar","player_choice":"Gave Gold","floor":28,"damage_taken":0},{"event_name":"The Lab","player_choice":"Got Potions","floor":38,"damage_taken":0},{"event_name":"Winding Halls","player_choice":"Writhe","floor":44,"damage_taken":0}],"boss_relics":[{"not_picked":["White Beast Statue","Snecko Eye"],"picked":"Philosopher\u0027s Stone"},{"not_picked":["Velvet Choker","Runic Dome"],"picked":"Astrolabe"}],"potions_floor_spawned":[10,12,18,19,29,30,35,45],"seed_played":"6030881643216363987","ascension_level":12,"is_trial":false}