{"path_per_floor":["M","$","?","?","?","E","R","M","T","M","E","$","T","M","R","B",null,"M","M","$","?","?","R","E","R","T","M","?","T","$","?","R","B",null,"M","M","?","?","$","R","?","M","T","M","R","M","E","?","R","B"],"character_chosen":"THE_SILENT","items_purchased":["Skewer","Accuracy","Juzu Bracelet","Ornamental Fan","Infinite Blades"],"gold_per_floor":[110,39,39,39,39,74,74,84,84,97,132,57,57,77,77,151,151,163,129,57,57,57,57,84,84,84,97,197,197,47,47,47,124,124,134,149,501,501,89,89,89,103,150,161,161,180,212,212,212,212],"floor_reached":51,"campfire_rested":1,"playtime":3943,"current_hp_per_floor":[63,63,60,60,60,60,60,62,62,64,45,45,45,49,71,68,73,74,57,57,57,57,57,55,55,55,60,60,60,60,60,60,19,63,71,75,80,70,70,70,60,76,76,84,84,81,86,86,86,86],"items_purged":["Strike_G","Strike_G"],"gold":212,"score":1327,"play_id":"2edce5ca-2068-4f7d-bded-82201b4a436b","local_time":"20180419183811","is_prod":false,"is_daily":false,"chose_seed":false,"is_ascension_mode":true,"campfire_upgraded":7,"timestamp":1524177491,"path_taken":["M","$","?","?","?","E","R","?","T","M","E","$","?","M","R","BOSS","M","M","$","?","?","R","E","R","T","?","?","?","$","?","R","BOSS","M","M","?","?","$","R","?","M","T","M","R","M","E","?","R","BOSS"],"build_version":"2018-04-12","seed_source_timestamp":168868525349152,"purchased_purges":4,"victory":true,"master_deck":["Defend_G","Defend_G","Defend_G","Defend_G","Defend_G","Strike_G","Strike_G","Survivor","Neutralize+1","AscendersBane","Expertise+1","Skewer+1","Dash+1","Infinite Blades+1","After Image+1","Storm of Steel+1","Malaise+1","Accuracy+1","Malaise+1","Venomology+1","Cloak And Dagger+1","Well Laid Plans+1","Master of Strategy+1","Deep Breath+1","Dramatic Entrance","Infinite Blades+1","Madness+1","Madness+1","Regret","Adrenaline+1","After Image+1"],"max_hp_per_floor":[70,70,70,70,70,70,70,72,72,74,74,74,74,74,74,74,74,76,76,76,76,76,76,78,78,78,78,78,78,78,78,78,78,78,78,78,80,80,80,80,80,82,82,84,84,86,86,86,86,86],"relics":["Ring of the Snake","NeowsBlessing","Sundial","Singing Bowl","Dead Branch","Bird Faced Urn","Toxic Egg 2","White Beast Statue","Mummified Hand","Calipers","Question Card","Juzu Bracelet","Cursed Key","Old Coin","Ornamental Fan","Happy Flower","Oddly Smooth Stone"],"card_choices":[{"not_picked":["Deflect","Dodge and Roll"],"picked":"Expertise","floor":1},{"not_picked":["Dodge and Roll","Infinite Blades"],"picked":"Dash","floor":6},{"not_picked":["Flying Knee","Dagger Spray"],"picked":"Infinite Blades","floor":11},{"not_picked":["Noxious Fumes","Choke"],"picked":"After Image","floor":14},{"not_picked":["Grand Finale","Burst"],"picked":"Storm of Steel","floor":16},{"not_picked":["Caltrops","Sucker Punch"],"picked":"Malaise","floor":19},{"not_picked":["Acrobatics","Sucker Punch"],"picked":"Malaise","floor":27},{"not_picked":["Unload","Tactician","Grand Finale"],"picked":"Venomology","floor":33},{"not_picked":["Slice","Dagger Throw","Bane"],"picked":"Cloak And Dagger","floor":35},{"not_picked":["Deflect","Bane","Skewer"],"picked":"Well Laid Plans","floor":36},{"not_picked":["Good Instincts","Finesse","Jack Of All Trades"],"picked":"Master of Strategy","floor":38},{"not_picked":["Dramatic Entrance","Secret Weapon","Transmutation"],"picked":"Deep Breath","floor":38},{"not_picked":["Good Instincts","Secret Weapon","Bandage Up"],"picked":"Dramatic Entrance","floor":38},{"not_picked":["A Thousand Cuts","Sucker Punch","Choke"],"picked":"Adrenaline","floor":47}],"player_experience":379969,"potions_floor_usage":[18,19,24,24,33,33,33,36,36,37,42,44,44,46,46,47,50,50,50,50],"damage_taken":[{"damage":0,"enemies":"Cultist","floor":1,"turns":1},{"damage":0,"enemies":"3 Sentries","floor":6,"turns":1},{"damage":0,"enemies":"Jaw Worm","floor":8,"turns":1},{"damage":0,"enemies":"Small Slimes","floor":10,"turns":3},{"damage":19,"enemies":"Gremlin Nob","floor":11,"turns":5},{"damage":0,"enemies":"Blue Slaver","floor":14,"turns":4},{"damage":8,"enemies":"Hexaghost","floor":16,"turns":13},{"damage":6,"enemies":"3 Byrds","floor":18,"turns":5},{"damage":19,"enemies":"2 Thieves","floor":19,"turns":5},{"damage":22,"enemies":"Gremlin Leader","floor":24,"turns":14},{"damage":5,"enemies":"Snake Plant","floor":27,"turns":9},{"damage":66,"enemies":"Automaton","floor":33,"turns":12},{"damage":0,"enemies":"Orb Walker","floor":35,"turns":5},{"damage":9,"enemies":"3 Darklings","floor":36,"turns":4},{"damage":0,"enemies":"Mysterious Sphere","floor":37,"turns":4},{"damage":0,"enemies":"Sphere and 2 Shapes","floor":42,"turns":5},{"damage":2,"enemies":"Maw","floor":44,"turns":6},{"damage":9,"enemies":"4 Shapes","floor":46,"turns":7},{"damage":0,"enemies":"Giant Head","floor":47,"turns":4},{"damage":0,"enemies":"Donu and Deca","floor":50,"turns":8}],"event_choices":[{"event_name":"Scrap Ooze","player_choice":"success","floor":3,"damage_taken":3},{"event_name":"Living Wall","player_choice":"Forget","floor":4,"damage_taken":0},{"event_name":"Accursed Blacksmith","player_choice":"Forge","floor":5,"damage_taken":0},{"event_name":"Drug Dealer","player_choice":"Ignored","floor":21,"damage_taken":0},{"event_name":"Vampires","player_choice":"Ignored","floor":22,"damage_taken":0},{"event_name":"Golden Shrine","player_choice":"Pray","floor":28,"damage_taken":0},{"event_name":"Addict","player_choice":"Ignored","floor":31,"damage_taken":0},{"event_name":"Mysterious Sphere","player_choice":"Fight","floor":37,"damage_taken":0},{"event_name":"SensoryStone","player_choice":"Memory 3","floor":38,"damage_taken":0},{"event_name":"Winding Halls","player_choice":"Embrace Madness","floor":41,"damage_taken":0},{"event_name":"Duplicator","player_choice":"One dupe","floor":48,"damage_taken":0}],"boss_relics":[{"not_picked":["Eternal Feather","Velvet Choker"],"picked":"White Beast Statue"},{"not_picked":["Snecko Eye","Philosopher\u0027s Stone"],"picked":"Cursed Key"}],"potions_floor_spawned":[10,14,18,19,24,27,33,35,36,37,42,44,46,47],"seed_played":"-5295624513015811634","ascension_level":13,"is_trial":false}