{"path_per_floor":["M","?","?","M","M","E","M","?","T","E","M","T","R","$","R","B",null,"M","?","M","M","?","R","M","M","T","$","R","$","M","M","R","B",null,"M","$","M","$","?","R","M","R","T","M","?","M"],"character_chosen":"THE_SILENT","items_purchased":["Dodge and Roll","Well Laid Plans","Toolbox","Caltrops","Backflip","Noxious Fumes","Outmaneuver","Noxious Fumes"],"gold_per_floor":[116,116,116,128,147,178,190,190,272,303,313,391,391,40,40,144,144,158,73,90,110,110,110,126,139,139,103,103,0,19,33,33,134,134,149,124,136,102,150,150,168,168,192,211,211,221],"floor_reached":47,"campfire_rested":2,"playtime":6088,"current_hp_per_floor":[58,58,58,56,56,40,31,31,31,32,32,32,32,32,53,41,70,58,58,62,39,39,60,58,58,58,58,58,58,58,49,49,12,84,74,74,71,71,59,59,29,29,36,20,25,23],"items_purged":[],"gold":221,"play_id":"6cd47081-be1e-468d-a862-ae8070dbeff1","is_prod":false,"is_daily":false,"campfire_rituals":0,"campfire_upgraded":2,"is_hardmode":false,"path_taken":["M","?","?","M","M","E","M","?","T","E","M","?","R","$","R","BOSS","M","?","M","?","?","R","M","M","T","$","R","?","M","M","R","BOSS","M","$","M","$","?","R","M","R","T","M","?","?","M"],"build_version":"2018-01-18-PROD4","purchased_purges":0,"victory":false,"master_deck":["Defend_G","Defend_G","Defend_G","Defend_G","Strike_G","Survivor","Neutralize","Backflip","Caltrops","Poisoned Stab","Die Die Die","Finisher","After Image","Outmaneuver","Distraction","Poisoned Stab","Heel Hook","Dodge and Roll","Well Laid Plans","Tools of the Trade","Catalyst","Tools of the Trade","Malaise","Backstab","Finisher","Escape Plan","Well Laid Plans","Dagger Throw","Blur","Flying Knee","Caltrops","Backflip","Noxious Fumes","Prepared","Adrenaline","A Thousand Cuts","Doubt","Well Laid Plans","Outmaneuver","Deadly Poison","Noxious Fumes","Heel Hook","Envenom","Deadly Poison","Riddle With Holes"],"max_hp_per_floor":[70,70,70,70,70,70,70,70,70,70,70,70,70,70,70,70,70,70,70,70,70,70,70,70,70,70,70,70,70,70,70,70,70,84,84,84,84,84,84,84,84,84,91,91,91,91],"relics":["Ring of the Snake","Mummified Hand","Prayer Wheel","Bottled Flame","Bag of Preparation","Bottled Lightning","Toolbox","Astrolabe","Omamori","Shovel","Lantern","Calling Bell","Mango","Bag of Marbles","Orichalcum","Ginger","Dream Catcher","Bronze Scales","Strawberry"],"campfire_meditates":0,"card_choices":[{"not_picked":["Bane","Dash"],"picked":"Backflip"},{"not_picked":["All Out Attack","Dagger Throw"],"picked":"Caltrops"},{"not_picked":["Dodge and Roll","Acrobatics"],"picked":"Poisoned Stab"},{"not_picked":["Deadly Poison","Prepared"],"picked":"Die Die Die"},{"not_picked":["Acrobatics","Backflip"],"picked":"Finisher"},{"not_picked":["Choke","Prepared"],"picked":"Outmaneuver"},{"not_picked":["PiercingWail","Sucker Punch"],"picked":"Distraction"},{"not_picked":["Acrobatics","Dagger Throw"],"picked":"Poisoned Stab"},{"not_picked":["Distraction","Bane"],"picked":"Heel Hook"},{"not_picked":["Corpse Explosion","Doppelganger"],"picked":"Tools of the Trade"},{"not_picked":["Leg Sweep","Sucker Punch"],"picked":"Backstab"},{"not_picked":["Dash","Dodge and Roll"],"picked":"Finisher"},{"not_picked":["All Out Attack","Acrobatics"],"picked":"Escape Plan"},{"not_picked":["Deadly Poison","Dagger Spray"],"picked":"Dagger Throw"},{"not_picked":["Dodge and Roll","Well Laid Plans"],"picked":"Blur"},{"not_picked":["Masterful Stab","Riddle With Holes"],"picked":"Flying Knee"},{"not_picked":["Sucker Punch","Dagger Spray"],"picked":"Prepared"},{"not_picked":["Escape Plan","Slice"],"picked":"Adrenaline"},{"not_picked":["Glass Knife","Tools of the Trade"],"picked":"A Thousand Cuts"},{"not_picked":["Dagger Throw","Skewer"],"picked":"Well Laid Plans"},{"not_picked":["Infinite Blades","Outmaneuver"],"picked":"Deadly Poison"},{"not_picked":["Dagger Spray","Poisoned Stab"],"picked":"Heel Hook"},{"not_picked":["Dagger Throw","Finisher"],"picked":"Envenom"},{"not_picked":["Backflip","Flechettes"],"picked":"Poisoned Stab"},{"not_picked":["Catalyst","Prepared"],"picked":"Deadly Poison"},{"not_picked":["Dagger Spray","Quick Slash"],"picked":"Riddle With Holes"}],"player_experience":16798,"potions_floor_usage":[10,10,10,16,33,33,41,41,44,47],"damage_taken":[{"damage":12,"enemies":"Jaw Worm","floor":1,"turns":7},{"damage":2,"enemies":"Blue Slaver","floor":4,"turns":8},{"damage":0,"enemies":"2 Louse","floor":5,"turns":4},{"damage":16,"enemies":"Gremlin Nob","floor":6,"turns":5},{"damage":9,"enemies":"2 Fungi Beasts","floor":7,"turns":4},{"damage":14,"enemies":"Lagavulin","floor":10,"turns":7},{"damage":0,"enemies":"Exordium Thugs","floor":11,"turns":3},{"damage":12,"enemies":"Hexaghost","floor":16,"turns":8},{"damage":12,"enemies":"2 Thieves","floor":18,"turns":3},{"damage":0,"enemies":"Chosen","floor":20,"turns":3},{"damage":23,"enemies":"3 Cultists","floor":21,"turns":5},{"damage":2,"enemies":"Snake Plant","floor":24,"turns":4},{"damage":0,"enemies":"Snecko","floor":25,"turns":7},{"damage":0,"enemies":"Centurion and Healer","floor":30,"turns":7},{"damage":9,"enemies":"Sentry and Sphere","floor":31,"turns":4},{"damage":52,"enemies":"Collector","floor":33,"turns":10},{"damage":10,"enemies":"3 Shapes","floor":35,"turns":4},{"damage":3,"enemies":"Orb Walker","floor":37,"turns":3},{"damage":12,"enemies":"Mysterious Sphere","floor":39,"turns":3},{"damage":39,"enemies":"Sphere and 2 Shapes","floor":41,"turns":7},{"damage":16,"enemies":"4 Shapes","floor":44,"turns":5},{"damage":2,"enemies":"3 Darklings","floor":46,"turns":4},{"damage":24,"enemies":"Sphere and 2 Shapes","floor":47,"turns":3}],"event_choices":[{"event_name":"Accursed Blacksmith","player_choice":"Rummage","floor":2,"damage_taken":0},{"event_name":"Purifier","player_choice":"One Purge","floor":3,"damage_taken":0},{"event_name":"Transmorgrifier","player_choice":"Transform","floor":8,"damage_taken":0},{"event_name":"Addict","player_choice":"Obtained Relic","floor":19,"damage_taken":0},{"event_name":"The Library","player_choice":"Read","floor":22,"damage_taken":0},{"event_name":"Mysterious Sphere","player_choice":"Fight","floor":39,"damage_taken":0},{"event_name":"Bonfire Elementals","player_choice":"COMMON","floor":45,"damage_taken":0}],"boss_relics":[{"not_picked":["Velvet Choker","Runic Dome"],"picked":"Astrolabe"},{"not_picked":["Question Card","Sozu"],"picked":"Calling Bell"}],"potions_floor_spawned":[4,6,7,10,18,31,33,35,39,46],"seed_played":"1890381288415086466","killed_by":"Sphere and 2 Shapes","is_trial":false}