{"path_per_floor":["M","?","?","M","?","R","M","R","T","M","M","E","M","$","R","B",null,"M","?","M","M","M","R","E","R","T"],"character_chosen":"THE_SILENT","items_purchased":["Oddly Smooth Stone","Backflip","Dagger Throw","Crippling Poison"],"gold_per_floor":[117,117,117,133,208,208,227,227,251,269,288,316,336,42,42,138,138,149,149,167,186,197,197,227,227,227],"floor_reached":27,"campfire_rested":3,"playtime":2346,"current_hp_per_floor":[68,68,68,64,53,53,53,53,53,53,41,26,20,20,41,12,70,56,56,56,34,22,43,17,38,38],"items_purged":[],"gold":227,"play_id":"df7bb181-9631-4fc7-b21e-1c6fbddf3509","is_prod":false,"is_daily":false,"campfire_rituals":0,"campfire_upgraded":2,"is_hardmode":false,"path_taken":["M","?","?","M","?","R","?","R","T","M","M","E","M","$","R","BOSS","M","?","M","M","M","R","E","R","T","M"],"build_version":"2018-01-18-PROD4","purchased_purges":0,"victory":false,"master_deck":["Defend_G","Defend_G","Defend_G","Defend_G","Defend_G","Strike_G","Strike_G","Strike_G","Strike_G","Strike_G","Survivor","Neutralize","Dagger Spray","Backstab","Poisoned Stab","Crippling Poison","Dodge and Roll","Noxious Fumes","All Out Attack","Backflip","Dagger Throw","Crippling Poison","Envenom","Footwork","Deadly Poison","Bouncing Flask","Distraction","Deadly Poison","Backflip"],"max_hp_per_floor":[70,70,70,70,70,70,70,70,70,70,70,70,70,70,70,70,70,70,70,70,70,70,70,70,70,70],"relics":["Ring of the Snake","Snake Skull","Toxic Egg","Oddly Smooth Stone","The Specimen","Dream Catcher","Ice Cream"],"campfire_meditates":0,"card_choices":[{"not_picked":["Caltrops","PiercingWail"],"picked":"Dagger Spray"},{"not_picked":["Outmaneuver","Endless Agony"],"picked":"Backstab"},{"not_picked":["Outmaneuver","PiercingWail"],"picked":"Poisoned Stab"},{"not_picked":["PiercingWail","Deflect"],"picked":"Crippling Poison"},{"not_picked":["Envenom","Crippling Poison"],"picked":"Dodge and Roll"},{"not_picked":["Acrobatics","Wraith Form"],"picked":"Noxious Fumes"},{"not_picked":["Outmaneuver","Finisher"],"picked":"All Out Attack"},{"not_picked":["Glass Knife","A Thousand Cuts"],"picked":"Envenom"},{"not_picked":["Dash","Dodge and Roll"],"picked":"Footwork"},{"not_picked":["Escape Plan","Masterful Stab"],"picked":"Deadly Poison"},{"not_picked":["Masterful Stab","Escape Plan"],"picked":"Bouncing Flask"},{"not_picked":["Escape Plan","Choke"],"picked":"Distraction"},{"not_picked":["Deflect","Dagger Throw"],"picked":"Deadly Poison"},{"not_picked":["Deflect","Flying Knee"],"picked":"Backflip"}],"player_experience":7412,"potions_floor_usage":[12,22,24,27,27],"damage_taken":[{"damage":2,"enemies":"Small Slimes","floor":1,"turns":5},{"damage":4,"enemies":"Blue Slaver","floor":4,"turns":7},{"damage":0,"enemies":"Cultist","floor":7,"turns":3},{"damage":0,"enemies":"2 Fungi Beasts","floor":10,"turns":3},{"damage":12,"enemies":"Exordium Wildlife","floor":11,"turns":6},{"damage":15,"enemies":"Lagavulin","floor":12,"turns":7},{"damage":6,"enemies":"Large Slime","floor":13,"turns":5},{"damage":29,"enemies":"Slime Boss","floor":16,"turns":9},{"damage":14,"enemies":"Spheric Guardian","floor":18,"turns":4},{"damage":0,"enemies":"Chosen","floor":20,"turns":5},{"damage":22,"enemies":"3 Cultists","floor":21,"turns":5},{"damage":12,"enemies":"Snake Plant","floor":22,"turns":4},{"damage":26,"enemies":"Slavers","floor":24,"turns":7},{"damage":38,"enemies":"Slaver and Parasite","floor":27,"turns":4}],"event_choices":[{"event_name":"Upgrade Shrine","player_choice":"Upgraded","floor":2,"damage_taken":0},{"event_name":"The Cleric","player_choice":"Leave","floor":3,"damage_taken":0},{"event_name":"World of Goop","player_choice":"Gather Gold","floor":5,"damage_taken":0},{"event_name":"Upgrade Shrine","player_choice":"Upgraded","floor":19,"damage_taken":0}],"boss_relics":[{"not_picked":["Runic Pyramid","Philosopher\u0027s Stone"],"picked":"The Specimen"}],"potions_floor_spawned":[1,11,20,21,24],"seed_played":"6688605127641803893","killed_by":"Slaver and Parasite","is_trial":false}