{"path_per_floor":["M","M","M","M","M","R","E","M","T","?","M","?","M","$","R","B",null,"M","M","?","M","M","R","E","R","T","R","M","M","M","$","R","B",null,"M","M","M","M","?","R"],"character_chosen":"THE_SILENT","items_purchased":["Quick Slash","Predator","Backflip","Paper Crane","Infinite Blades"],"gold_per_floor":[117,130,142,162,180,180,212,229,299,299,319,319,334,109,109,211,211,223,203,203,221,241,241,270,270,294,294,314,325,339,3,3,101,101,114,133,147,157,0,0],"floor_reached":41,"campfire_rested":3,"playtime":6233,"current_hp_per_floor":[68,65,63,53,53,53,52,48,48,48,48,48,42,42,63,50,70,70,61,61,59,41,41,28,53,53,53,53,45,54,54,54,44,84,47,43,46,23,23,48],"items_purged":["Regret"],"gold":0,"play_id":"39948acc-b548-4305-b2ee-6ecc22928280","is_prod":false,"is_daily":false,"campfire_rituals":0,"campfire_upgraded":4,"is_hardmode":false,"path_taken":["M","M","M","M","M","R","E","M","T","?","M","?","M","?","R","BOSS","M","M","?","?","M","R","E","R","T","R","M","M","M","$","R","BOSS","M","?","M","M","?","R","E"],"build_version":"2018-01-18-PROD4","purchased_purges":1,"victory":false,"master_deck":["Defend_G","Defend_G","Defend_G","Defend_G","Defend_G","Strike_G","Strike_G","Strike_G","Strike_G","Survivor","Neutralize","Well Laid Plans","Noxious Fumes","Noxious Fumes","Predator","Leg Sweep","Heel Hook","Quick Slash","Backflip","Flying Knee","Quick Slash","Predator","Backflip","After Image","Acrobatics","Blur","Footwork","Flying Knee","Bouncing Flask","Footwork","Dash","Flying Knee","Predator","Infinite Blades","After Image","Acrobatics","Deadly Poison","Heel Hook","Dodge and Roll"],"max_hp_per_floor":[70,70,70,70,70,70,70,70,70,70,70,70,70,70,70,70,70,70,70,70,70,70,70,84,84,84,84,84,84,84,84,84,84,84,84,84,84,84,84,84],"relics":["Ring of the Snake","Pen Nib","Thread and Needle","Toolbox","Meat on the Bone","Lizard Tail","Mango","Anchor","Paper Crane","White Beast Statue","Red Mask"],"campfire_meditates":0,"card_choices":[{"not_picked":["Dagger Spray","Bouncing Flask"],"picked":"Well Laid Plans"},{"not_picked":["Distraction","Dagger Throw"],"picked":"Noxious Fumes"},{"not_picked":["Dagger Throw","Deflect"],"picked":"Noxious Fumes"},{"not_picked":["Malaise","Sucker Punch"],"picked":"Predator"},{"not_picked":["Doppelganger","Riddle With Holes"],"picked":"Leg Sweep"},{"not_picked":["Quick Slash","Deflect"],"picked":"Heel Hook"},{"not_picked":["Escape Plan","Glass Knife"],"picked":"Quick Slash"},{"not_picked":["Acrobatics","Finisher"],"picked":"Backflip"},{"not_picked":["Eviscerate","Quick Slash"],"picked":"Flying Knee"},{"not_picked":["Venomology","A Thousand Cuts"],"picked":"After Image"},{"not_picked":["Endless Agony","Dash"],"picked":"Acrobatics"},{"not_picked":["Flying Knee","All Out Attack"],"picked":"Blur"},{"not_picked":["Heel Hook","Outmaneuver"],"picked":"Flying Knee"},{"not_picked":["Crippling Poison","Dagger Spray"],"picked":"Bouncing Flask"},{"not_picked":["Masterful Stab","Backstab"],"picked":"Footwork"},{"not_picked":["Slice","Dagger Throw"],"picked":"Dash"},{"not_picked":["Blur","Quick Slash"],"picked":"Flying Knee"},{"not_picked":["Prepared","Acrobatics"],"picked":"Predator"},{"not_picked":["Wraith Form","Doppelganger"],"picked":"After Image"},{"not_picked":["Prepared","Malaise"],"picked":"Acrobatics"},{"not_picked":["Eviscerate","Quick Slash"],"picked":"Deadly Poison"},{"not_picked":["Escape Plan","Acrobatics"],"picked":"Heel Hook"},{"not_picked":["Dagger Spray","Choke"],"picked":"Dodge and Roll"}],"player_experience":9758,"potions_floor_usage":[16,16,16,24,30,33,33,38,38,41],"damage_taken":[{"damage":2,"enemies":"2 Louse","floor":1,"turns":5},{"damage":3,"enemies":"Blue Slaver","floor":2,"turns":5},{"damage":2,"enemies":"Jaw Worm","floor":3,"turns":4},{"damage":10,"enemies":"Large Slime","floor":4,"turns":7},{"damage":0,"enemies":"Exordium Wildlife","floor":5,"turns":4},{"damage":1,"enemies":"Lagavulin","floor":7,"turns":8},{"damage":4,"enemies":"Gremlin Gang","floor":8,"turns":5},{"damage":0,"enemies":"Red Slaver","floor":11,"turns":3},{"damage":6,"enemies":"Looter","floor":13,"turns":4},{"damage":17,"enemies":"Hexaghost","floor":16,"turns":9},{"damage":0,"enemies":"Chosen","floor":18,"turns":5},{"damage":9,"enemies":"2 Thieves","floor":19,"turns":4},{"damage":2,"enemies":"Chosen and Byrds","floor":21,"turns":8},{"damage":30,"enemies":"3 Cultists","floor":22,"turns":6},{"damage":80,"enemies":"Gremlin Leader","floor":24,"turns":8},{"damage":0,"enemies":"Centurion and Healer","floor":28,"turns":8},{"damage":20,"enemies":"Sentry and Sphere","floor":29,"turns":6},{"damage":0,"enemies":"Snecko","floor":30,"turns":6},{"damage":25,"enemies":"Automaton","floor":33,"turns":14},{"damage":37,"enemies":"3 Darklings","floor":35,"turns":7},{"damage":16,"enemies":"3 Shapes","floor":36,"turns":5},{"damage":9,"enemies":"3 Darklings","floor":37,"turns":6},{"damage":35,"enemies":"Sphere and 2 Shapes","floor":38,"turns":9},{"damage":52,"enemies":"Giant Head","floor":41,"turns":7}],"event_choices":[{"event_name":"Bonfire Elementals","player_choice":"BASIC","floor":10,"damage_taken":0},{"event_name":"Big Fish","player_choice":"Box","floor":12,"damage_taken":0},{"event_name":"The Library","player_choice":"Read","floor":20,"damage_taken":0},{"event_name":"Tomb of Lord Red Mask","player_choice":"Paid","floor":39,"damage_taken":0}],"boss_relics":[{"not_picked":["The Specimen","Runic Dome"],"picked":"Lizard Tail"},{"not_picked":["Velvet Choker","Runic Pyramid"],"picked":"White Beast Statue"}],"potions_floor_spawned":[2,3,8,13,16,24,28,30,35,36,37,38],"seed_played":"-2274853232825853780","killed_by":"Giant Head","is_trial":false}