{"path_per_floor":["M","M","M","M","$","E","R","$","T","R","E","M","R","?","R","B",null,"M","M","$","?","M","R","E","M","T","M"],"character_chosen":"THE_SILENT","items_purchased":["Well Laid Plans","Crippling Poison"],"gold_per_floor":[113,129,148,165,165,197,197,197,197,197,224,240,240,305,305,410,410,426,445,338,338,349,349,381,395,395,415],"floor_reached":28,"campfire_rested":1,"playtime":3306,"current_hp_per_floor":[68,66,63,61,61,44,44,44,58,58,34,27,27,1,26,32,84,72,69,69,69,64,64,56,12,12,5],"items_purged":[],"gold":415,"play_id":"45fc9fb3-1a75-43c8-b018-9da1188722af","is_prod":false,"is_daily":false,"campfire_rituals":0,"campfire_upgraded":4,"is_hardmode":false,"path_taken":["M","M","M","M","$","E","R","$","T","R","E","M","R","?","R","BOSS","M","M","$","?","M","R","E","M","T","M","?"],"build_version":"2018-01-18-PROD4","purchased_purges":0,"victory":false,"master_deck":["Defend_G","Defend_G","Defend_G","Defend_G","Defend_G","Strike_G","Strike_G","Strike_G","Strike_G","Strike_G","Survivor","Neutralize","Distraction","Noxious Fumes","Crippling Poison","Bane","Doppelganger","Poisoned Stab","Bane","Backflip","Bullet Time","Flying Knee","Acrobatics","Well Laid Plans","Crippling Poison","Heel Hook","Riddle With Holes","Bouncing Flask","Prepared","Dodge and Roll"],"max_hp_per_floor":[70,70,70,70,70,70,70,70,84,84,84,84,84,84,84,84,84,84,84,84,84,84,84,84,84,84,84],"relics":["Ring of the Snake","Pantograph","Mango","Prayer Wheel","Bronze Scales","Snecko Eye","War Paint","Tingsha"],"campfire_meditates":0,"card_choices":[{"not_picked":["Dagger Spray","Underhanded Strike"],"picked":"Distraction"},{"not_picked":["Deflect","PiercingWail"],"picked":"Noxious Fumes"},{"not_picked":["Deadly Poison","Quick Slash"],"picked":"Crippling Poison"},{"not_picked":["Flechettes","Caltrops"],"picked":"Bane"},{"not_picked":["Choke","Deadly Poison"],"picked":"Doppelganger"},{"not_picked":["Escape Plan","Deflect"],"picked":"Poisoned Stab"},{"not_picked":["Dagger Throw","Bouncing Flask"],"picked":"Bane"},{"not_picked":["Poisoned Stab","Slice"],"picked":"Backflip"},{"not_picked":["Glass Knife","Die Die Die"],"picked":"Bullet Time"},{"not_picked":["Prepared","Dagger Spray"],"picked":"Flying Knee"},{"not_picked":["Deadly Poison","Outmaneuver"],"picked":"Acrobatics"},{"not_picked":["Slice","Blur"],"picked":"Heel Hook"},{"not_picked":["Backstab","Endless Agony"],"picked":"Riddle With Holes"},{"not_picked":["Flying Knee","Backstab"],"picked":"Bouncing Flask"},{"not_picked":["Blade Dance","Quick Slash"],"picked":"Prepared"},{"not_picked":["Dagger Spray","Deadly Poison"],"picked":"Dodge and Roll"}],"player_experience":34434,"potions_floor_usage":[24,24,28],"damage_taken":[{"damage":2.0,"enemies":"Cultist","floor":1.0,"turns":6.0},{"damage":2.0,"enemies":"Small Slimes","floor":2.0,"turns":5.0},{"damage":3.0,"enemies":"Jaw Worm","floor":3.0,"turns":5.0},{"damage":2.0,"enemies":"2 Fungi Beasts","floor":4.0,"turns":4.0},{"damage":17.0,"enemies":"Lagavulin","floor":6.0,"turns":8.0},{"damage":24.0,"enemies":"Gremlin Nob","floor":11.0,"turns":4.0},{"damage":7.0,"enemies":"Lots of Slimes","floor":12.0,"turns":4.0},{"damage":26.0,"enemies":"Lagavulin Event","floor":14.0,"turns":6.0},{"damage":19.0,"enemies":"Slime Boss","floor":16.0,"turns":8.0},{"damage":12.0,"enemies":"2 Thieves","floor":18.0,"turns":4.0},{"damage":3.0,"enemies":"Shell Parasite","floor":19.0,"turns":4.0},{"damage":5,"enemies":"Centurion and Healer","floor":22,"turns":5},{"damage":8,"enemies":"Book of Stabbing","floor":24,"turns":5},{"damage":44,"enemies":"Chosen and Byrds","floor":25,"turns":5},{"damage":7,"enemies":"Snake Plant","floor":27,"turns":3},{"damage":10,"enemies":"Slaver and Parasite","floor":28,"turns":1}],"event_choices":[{"event_name":"Dead Adventurer","player_choice":"Searched \u00272\u0027 times","floor":14.0,"damage_taken":0.0},{"event_name":"Drug Dealer","player_choice":"Ignored","floor":21,"damage_taken":0}],"boss_relics":[],"potions_floor_spawned":[3,4,6,14,19,24],"seed_played":"1056501512799113402","killed_by":"Slaver and Parasite","is_trial":false}