{"path_per_floor":["M","M","$","?","M","R","E","R","T","M","M","?","E","M","R","B",null,"M","$","M","M","?","R","E","?","T","R","?","M","$","M","R","B",null,"M","$","?","$","T"],"character_chosen":"THE_SILENT","items_purchased":["Noxious Fumes","Deadly Poison","Anchor","Acrobatics","Noxious Fumes","Catalyst","Bag of Preparation"],"gold_per_floor":[116,136,45,45,56,56,82,82,82,95,107,107,136,148,148,250,250,268,68,80,98,98,98,131,131,182,182,182,193,39,59,59,159,159,170,16,16,16,16],"floor_reached":40,"campfire_rested":4,"playtime":13657,"current_hp_per_floor":[68,61,61,54,53,53,27,48,48,34,25,25,15,15,36,30,70,52,52,48,24,24,24,11,11,11,32,32,21,21,5,26,13,70,7,7,7,7,7],"items_purged":[],"gold":16,"play_id":"fa86fd33-6bb0-4c05-b154-f423c31f6bc3","is_prod":false,"is_daily":false,"is_ascension_mode":true,"campfire_upgraded":2,"path_taken":["M","M","$","?","M","R","E","R","T","M","M","?","E","M","R","BOSS","M","$","M","M","?","R","E","?","T","R","?","M","?","M","R","BOSS","M","$","?","$","?","E"],"build_version":"2018-02-01-PROD3","purchased_purges":0,"victory":false,"master_deck":["Defend_G","Defend_G","Defend_G","Defend_G","Defend_G","Strike_G","Strike_G","Strike_G","Strike_G","Survivor","Neutralize","Poisoned Stab","PiercingWail","Noxious Fumes+1","Deadly Poison+1","Prepared+1","Envenom","Prepared","Sucker Punch","Tools of the Trade","Poisoned Stab+1","Acrobatics","Outmaneuver","Caltrops+1","Dagger Spray+1","Envenom","Caltrops","Flying Knee+1","Noxious Fumes","Catalyst","Leg Sweep+1","A Thousand Cuts","Escape Plan"],"max_hp_per_floor":[70,70,70,70,70,70,70,70,70,70,70,70,70,70,70,70,70,70,70,70,70,70,70,70,70,70,70,70,70,70,70,70,70,70,70,70,70,70,70],"relics":["Ring of the Snake","Tingsha","Mummified Hand","War Paint","Ornamental Fan","Sozu","Anchor","Letter Opener","Happy Flower","Art of War","Eternal Feather","Bag of Preparation","Girya"],"card_choices":[{"not_picked":["Riddle With Holes","Cloak And Dagger"],"picked":"Poisoned Stab"},{"not_picked":["Deflect","Predator"],"picked":"PiercingWail"},{"not_picked":["Footwork","PiercingWail"],"picked":"Prepared"},{"not_picked":["Dodge and Roll","Underhanded Strike"],"picked":"Envenom"},{"not_picked":["A Thousand Cuts","Choke"],"picked":"Prepared"},{"not_picked":["Blur","PiercingWail"],"picked":"Sucker Punch"},{"not_picked":["Burst","Tactician"],"picked":"Tools of the Trade"},{"not_picked":["Deflect","Cloak And Dagger"],"picked":"Poisoned Stab"},{"not_picked":["Blade Dance","All Out Attack"],"picked":"Outmaneuver"},{"not_picked":["Blade Dance","Endless Agony"],"picked":"Caltrops"},{"not_picked":["Sucker Punch","Burst"],"picked":"Dagger Spray"},{"not_picked":["Acrobatics","Heel Hook"],"picked":"Flying Knee"},{"not_picked":["Accuracy","Dagger Spray"],"picked":"Leg Sweep"},{"not_picked":["Glass Knife","Bullet Time"],"picked":"A Thousand Cuts"},{"not_picked":["Deflect","Outmaneuver"],"picked":"Escape Plan"}],"player_experience":189316,"potions_floor_usage":[],"damage_taken":[{"damage":2.0,"enemies":"2 Louse","floor":1.0,"turns":3.0},{"damage":7.0,"enemies":"Blue Slaver","floor":2.0,"turns":5.0},{"damage":1.0,"enemies":"Cultist","floor":5.0,"turns":3.0},{"damage":26.0,"enemies":"Gremlin Nob","floor":7.0,"turns":5.0},{"damage":14.0,"enemies":"Lots of Slimes","floor":10.0,"turns":5.0},{"damage":9.0,"enemies":"3 Louse","floor":11.0,"turns":4.0},{"damage":10.0,"enemies":"3 Sentries","floor":13.0,"turns":7.0},{"damage":0.0,"enemies":"Large Slime","floor":14.0,"turns":4.0},{"damage":6.0,"enemies":"Hexaghost","floor":16.0,"turns":8.0},{"damage":18.0,"enemies":"2 Thieves","floor":18.0,"turns":4.0},{"damage":4.0,"enemies":"Shell Parasite","floor":20.0,"turns":5.0},{"damage":24.0,"enemies":"Sentry and Sphere","floor":21.0,"turns":5.0},{"damage":13.0,"enemies":"Gremlin Leader","floor":24.0,"turns":5.0},{"damage":11.0,"enemies":"Chosen and Byrds","floor":29.0,"turns":4.0},{"damage":16.0,"enemies":"Centurion and Healer","floor":31.0,"turns":6.0},{"damage":13.0,"enemies":"Champ","floor":33.0,"turns":8.0},{"damage":63.0,"enemies":"3 Darklings","floor":35.0,"turns":5.0},{"damage":9,"enemies":"2 Orb Walkers","floor":40,"turns":2}],"event_choices":[{"event_name":"Scrap Ooze","player_choice":"success","floor":4.0,"damage_taken":7.0},{"event_name":"Bonfire Elementals","player_choice":"BASIC","floor":12.0,"damage_taken":0.0},{"event_name":"The Mausoleum","player_choice":"Yes","floor":22.0,"damage_taken":0.0},{"event_name":"Forgotten Altar","player_choice":"Smashed Altar","floor":25.0,"damage_taken":0.0},{"event_name":"Match and Keep!","player_choice":"2 cards matched","floor":28.0,"damage_taken":0.0},{"event_name":"Purifier","player_choice":"One Purge","floor":37.0,"damage_taken":0.0}],"boss_relics":[],"potions_floor_spawned":[1,11,13,18,29,33],"seed_played":"4001648552341114969","killed_by":"2 Orb Walkers","ascension_level":2,"is_trial":false}