{"path_per_floor":["M","M","M","M","M","R","M","?","T","?","R","M","R","M","R","B",null,"M","M","?","?","$","R","E","M","T","$","$","R","M"],"character_chosen":"THE_SILENT","items_purchased":["Prepared","Mango"],"gold_per_floor":[116,133,153,137,151,151,168,168,191,191,191,204,204,217,217,321,321,341,361,561,561,132,132,159,171,171,171,171,171,181],"floor_reached":31,"campfire_rested":1,"playtime":3610,"current_hp_per_floor":[68,68,68,62,62,62,21,21,21,21,42,42,42,42,42,13,70,70,66,66,66,80,80,46,29,29,29,29,29,3],"items_purged":["Decay"],"gold":181,"play_id":"f8fea955-7505-4aa9-b376-3506adb468f2","is_prod":false,"is_daily":false,"is_ascension_mode":false,"campfire_upgraded":5,"path_taken":["M","M","M","M","M","R","M","?","T","?","R","?","R","M","R","BOSS","M","?","?","?","$","R","E","M","T","?","$","R","M","?"],"build_version":"2018-01-25-PROD3","purchased_purges":1,"victory":false,"master_deck":["Defend_G","Defend_G","Defend_G","Defend_G","Defend_G+1","Strike_G","Strike_G","Strike_G","Strike_G","Strike_G","Survivor+1","Neutralize+1","Sucker Punch+1","Escape Plan","Bane+1","Leg Sweep+1","Noxious Fumes+1","Backflip","Dagger Spray","Backflip","Envenom+1","Riddle With Holes+1","Distraction+1","Prepared","Acrobatics+1","Dagger Throw","Outmaneuver+1"],"max_hp_per_floor":[70,70,70,70,70,70,70,70,70,70,70,70,70,70,70,70,70,70,70,70,70,84,84,84,84,84,84,84,84,84],"relics":["Ring of the Snake","War Paint","Snecko Eye","Mango","Ginger","Sundial"],"card_choices":[{"not_picked":["Eviscerate","Slice"],"picked":"Sucker Punch"},{"not_picked":["Deflect","Deadly Poison"],"picked":"Escape Plan"},{"not_picked":["Slice","Dodge and Roll"],"picked":"Bane"},{"not_picked":["Prepared","Malaise"],"picked":"Leg Sweep"},{"not_picked":["After Image","Caltrops"],"picked":"Noxious Fumes"},{"not_picked":["Endless Agony","Dodge and Roll"],"picked":"Backflip"},{"not_picked":["Skewer","Deflect"],"picked":"Dagger Spray"},{"not_picked":["Bullet Time","Blur"],"picked":"Backflip"},{"not_picked":["Storm of Steel","Doppelganger"],"picked":"Envenom"},{"not_picked":["Skewer","Backflip"],"picked":"Riddle With Holes"},{"not_picked":["Deflect","Deadly Poison"],"picked":"Distraction"},{"not_picked":["Underhanded Strike","All Out Attack"],"picked":"Acrobatics"},{"not_picked":["Catalyst","Infinite Blades"],"picked":"Dagger Throw"},{"not_picked":["Underhanded Strike","All Out Attack"],"picked":"Outmaneuver"}],"player_experience":79943,"potions_floor_usage":[24,30,30],"damage_taken":[{"damage":2,"enemies":"Blue Slaver","floor":1,"turns":6},{"damage":0,"enemies":"2 Louse","floor":2,"turns":3},{"damage":0,"enemies":"Small Slimes","floor":3,"turns":3},{"damage":6,"enemies":"Exordium Thugs","floor":4,"turns":6},{"damage":0,"enemies":"Looter","floor":5,"turns":4},{"damage":41,"enemies":"Gremlin Gang","floor":7,"turns":5},{"damage":0,"enemies":"2 Fungi Beasts","floor":12,"turns":4},{"damage":0,"enemies":"Red Slaver","floor":14,"turns":4},{"damage":29,"enemies":"Slime Boss","floor":16,"turns":11},{"damage":0,"enemies":"3 Byrds","floor":18,"turns":5},{"damage":4,"enemies":"Chosen","floor":19,"turns":4},{"damage":34,"enemies":"Gremlin Leader","floor":24,"turns":8},{"damage":17,"enemies":"Snecko","floor":25,"turns":4},{"damage":26,"enemies":"Centurion and Healer","floor":30,"turns":6},{"damage":5,"enemies":"Snake Plant","floor":31,"turns":1}],"event_choices":[{"event_name":"Living Wall","player_choice":"Grow","floor":8,"damage_taken":0},{"event_name":"Upgrade Shrine","player_choice":"Upgraded","floor":10,"damage_taken":0},{"event_name":"Wheel of Change","player_choice":"Gold","floor":20,"damage_taken":0},{"event_name":"Forgotten Altar","player_choice":"Smashed Altar","floor":21,"damage_taken":0}],"boss_relics":[{"not_picked":["Ectoplasm","Runic Dome"],"picked":"Snecko Eye"}],"potions_floor_spawned":[1,12,14,19,30],"seed_played":"-131664049817280118","killed_by":"Snake Plant","ascension_level":0,"is_trial":false}