{"path_per_floor":["M","M","?","M","M","R","E","T","T","$","R","M","M","E","R","B",null,"M","M","?","$","M","R"],"character_chosen":"THE_SILENT","items_purchased":["Prepared","Poisoned Stab","Meat on the Bone"],"gold_per_floor":[111,123,123,141,166,166,210,284,284,155,155,170,190,229,229,352,352,376,360,360,49,72,72],"floor_reached":24,"campfire_rested":1,"playtime":2742,"current_hp_per_floor":[70,70,70,67,67,67,55,55,55,55,55,49,49,35,35,24,70,70,56,56,56,37,58],"items_purged":["Injury"],"gold":72,"play_id":"81dde121-1c15-47ad-9b5f-bd076e850b04","is_prod":false,"is_daily":false,"is_ascension_mode":false,"campfire_upgraded":3,"path_taken":["M","M","?","M","M","R","E","?","T","$","R","M","M","E","R","BOSS","M","M","?","$","M","R","E"],"build_version":"2018-01-25-PROD3","purchased_purges":1,"victory":false,"master_deck":["Defend_G","Defend_G+1","Defend_G","Defend_G","Defend_G+1","Strike_G","Strike_G","Strike_G","Strike_G","Strike_G","Survivor","Neutralize+1","Poisoned Stab","Acrobatics","Footwork+1","Poisoned Stab","Poisoned Stab","Prepared+1","Outmaneuver","Poisoned Stab","Well Laid Plans","Tools of the Trade","PiercingWail","Poisoned Stab"],"max_hp_per_floor":[70,70,70,70,70,70,70,70,70,70,70,70,70,70,70,70,70,70,70,70,70,70,70],"relics":["Ring of the Snake","Golden Idol","War Paint","Kunai","Darkstone Periapt","Lantern","Cursed Key","Meat on the Bone"],"card_choices":[{"not_picked":["Acrobatics","Catalyst"],"picked":"Poisoned Stab"},{"not_picked":["Envenom","Deflect"],"picked":"Acrobatics"},{"not_picked":["Deadly Poison","Backflip"],"picked":"Footwork"},{"not_picked":["Eviscerate","Backflip"],"picked":"Poisoned Stab"},{"not_picked":["PiercingWail","Leg Sweep"],"picked":"Poisoned Stab"},{"not_picked":["Deflect","Dodge and Roll"],"picked":"Outmaneuver"},{"not_picked":["Cloak And Dagger","All Out Attack"],"picked":"Poisoned Stab"},{"not_picked":["Acrobatics","Dodge and Roll"],"picked":"Well Laid Plans"},{"not_picked":["Burst","Unload"],"picked":"Tools of the Trade"},{"not_picked":["Riddle With Holes","Quick Slash"],"picked":"PiercingWail"}],"player_experience":108475,"potions_floor_usage":[14,24,24,24],"damage_taken":[{"damage":0,"enemies":"Small Slimes","floor":1,"turns":4},{"damage":0,"enemies":"2 Louse","floor":2,"turns":2},{"damage":3,"enemies":"Cultist","floor":4,"turns":5},{"damage":0,"enemies":"3 Louse","floor":5,"turns":6},{"damage":12,"enemies":"Lagavulin","floor":7,"turns":8},{"damage":6,"enemies":"Exordium Thugs","floor":12,"turns":5},{"damage":0,"enemies":"2 Fungi Beasts","floor":13,"turns":4},{"damage":14,"enemies":"Gremlin Nob","floor":14,"turns":4},{"damage":11,"enemies":"The Guardian","floor":16,"turns":9},{"damage":0,"enemies":"3 Byrds","floor":18,"turns":5},{"damage":14,"enemies":"2 Thieves","floor":19,"turns":4},{"damage":19,"enemies":"3 Cultists","floor":22,"turns":7},{"damage":77,"enemies":"Gremlin Leader","floor":24,"turns":6}],"event_choices":[{"event_name":"Golden Idol","player_choice":"Take Wound","floor":3,"damage_taken":0},{"event_name":"Drug Dealer","player_choice":"Ignored","floor":20,"damage_taken":0}],"boss_relics":[{"not_picked":["Runic Pyramid","Astrolabe"],"picked":"Cursed Key"}],"potions_floor_spawned":[2,5,13,19],"seed_played":"-4033312599075326963","killed_by":"Gremlin Leader","ascension_level":0,"is_trial":false}