{"path_per_floor":["M","?","M","$","M","R","M","?","T","M","M","R","?","?","R","B",null,"M","?","M","?","?","R","M","$","T","E","R","?"],"character_chosen":"THE_SILENT","items_purchased":[],"gold_per_floor":[114,114,125,125,138,138,158,108,108,123,138,138,138,138,138,243,243,227,227,241,241,241,241,260,185,185,212,212,212],"floor_reached":30,"campfire_rested":1,"playtime":1976,"current_hp_per_floor":[66,66,61,61,60,60,53,53,53,55,48,48,48,53,53,17,75,60,60,54,54,54,54,27,27,27,3,25,9],"items_purged":["Decay"],"gold":212,"score":262,"play_id":"3065f763-da89-4482-9aa8-a3ed103e5fb7","is_prod":false,"is_daily":false,"is_ascension_mode":true,"campfire_upgraded":4,"path_taken":["M","?","M","$","M","R","M","?","T","?","M","R","?","?","R","BOSS","M","?","M","?","?","R","M","$","T","E","R","?","E"],"build_version":"2018-02-12-PROD1","purchased_purges":1,"victory":false,"master_deck":["Defend_G","Defend_G","Defend_G","Defend_G","Strike_G","Strike_G","Strike_G","Strike_G","Survivor","Neutralize","Backflip","Backflip","Skewer+1","PiercingWail+1","Terror+1","Leg Sweep+1","Tools of the Trade","Prepared","Endless Agony+1","Well Laid Plans"],"max_hp_per_floor":[70,70,70,70,70,70,70,70,70,70,70,70,70,75,75,75,75,75,75,75,75,75,75,75,75,75,75,75,75],"relics":["Ring of the Snake","Blood Vial","Question Card","Girya","Snake Skull","Nilry\u0027s Codex"],"card_choices":[{"not_picked":["Dodge and Roll","Quick Slash"],"picked":"Backflip"},{"not_picked":["Outmaneuver","Dodge and Roll"],"picked":"Backflip"},{"not_picked":["Choke","Dodge and Roll"],"picked":"Skewer"},{"not_picked":["Outmaneuver","Sucker Punch"],"picked":"PiercingWail"},{"not_picked":["Blur","Corpse Explosion"],"picked":"Terror"},{"not_picked":["Outmaneuver","Backflip"],"picked":"Leg Sweep"},{"not_picked":["Storm of Steel","Phantasmal Killer"],"picked":"Tools of the Trade"},{"not_picked":["Dagger Throw","Dagger Spray","Cloak And Dagger"],"picked":"Prepared"},{"not_picked":["Dagger Throw","PiercingWail","Dagger Spray"],"picked":"Well Laid Plans"}],"player_experience":231348,"potions_floor_usage":[],"damage_taken":[{"damage":4.0,"enemies":"Jaw Worm","floor":1.0,"turns":3.0},{"damage":5.0,"enemies":"Blue Slaver","floor":3.0,"turns":5.0},{"damage":1.0,"enemies":"Small Slimes","floor":5.0,"turns":4.0},{"damage":7.0,"enemies":"Exordium Wildlife","floor":7.0,"turns":5.0},{"damage":0.0,"enemies":"3 Louse","floor":10.0,"turns":3.0},{"damage":9.0,"enemies":"Gremlin Gang","floor":11.0,"turns":6.0},{"damage":38.0,"enemies":"Hexaghost","floor":16.0,"turns":16.0},{"damage":15.0,"enemies":"2 Thieves","floor":18.0,"turns":4.0},{"damage":8.0,"enemies":"Shell Parasite","floor":20.0,"turns":4.0},{"damage":29.0,"enemies":"Cultist and Chosen","floor":24.0,"turns":8.0},{"damage":26.0,"enemies":"Slavers","floor":27.0,"turns":12.0},{"damage":19,"enemies":"Gremlin Leader","floor":30,"turns":4}],"event_choices":[{"event_name":"Bonfire Elementals","player_choice":"BASIC","floor":2.0,"damage_taken":0.0},{"event_name":"The Cleric","player_choice":"Card Removal","floor":8.0,"damage_taken":0.0},{"event_name":"Living Wall","player_choice":"Grow","floor":13.0,"damage_taken":0.0},{"event_name":"Big Fish","player_choice":"Donut","floor":14.0,"damage_taken":0.0},{"event_name":"The Library","player_choice":"Read","floor":19.0,"damage_taken":0.0},{"event_name":"Forgotten Altar","player_choice":"Smashed Altar","floor":21.0,"damage_taken":0.0},{"event_name":"Drug Dealer","player_choice":"Ignored","floor":22.0,"damage_taken":0.0},{"event_name":"Cursed Tome","player_choice":"Obtained Book","floor":29.0,"damage_taken":0.0}],"boss_relics":[],"potions_floor_spawned":[5,11,20,27],"seed_played":"-2151037180744933649","killed_by":"Gremlin Leader","ascension_level":2,"is_trial":false}