{"path_per_floor":["M","M","$","?","M","E","R","M","T","R","?","?","M","$","R","B",null,"M","?","T","M","?","R","$","R","T","M","M","$","?","$","R","B",null,"M","?","?","?","M","R","M","$","T"],"character_chosen":"THE_SILENT","items_purchased":["Strength Potion","Dagger Throw","Footwork"],"gold_per_floor":[116,128,128,128,138,170,170,190,190,190,190,190,210,60,60,162,162,72,72,72,72,72,72,72,72,72,72,72,4,4,4,4,4,4,4,4,4,0,0,0,0,0,0],"floor_reached":44,"campfire_rested":3,"playtime":2602,"current_hp_per_floor":[58,53,53,53,50,1,37,29,29,65,65,58,28,28,64,26,70,50,50,50,55,55,55,55,55,55,40,46,46,46,46,46,25,70,62,53,53,53,54,54,31,31,31],"items_purged":["Normality"],"gold":0,"score":433,"play_id":"a286bcf9-8097-441d-87f7-d5f3ceb81721","is_prod":false,"is_daily":false,"is_ascension_mode":true,"campfire_upgraded":4,"path_taken":["M","M","$","?","M","E","R","M","T","R","?","?","?","$","R","BOSS","M","?","?","M","?","R","$","R","T","M","M","$","?","?","R","BOSS","M","?","?","?","M","R","M","?","T","E"],"build_version":"2018-02-15-PROD1","purchased_purges":1,"victory":false,"master_deck":["Defend_G+1","Defend_G+1","Defend_G+1","Defend_G+1","Defend_G+1","Strike_G+1","Strike_G+1","Strike_G+1","Strike_G+1","Strike_G+1","Survivor","Neutralize","Underhanded Strike","Underhanded Strike","Outmaneuver+1","Footwork+1","Backflip","Dash","Dagger Throw","Venomology+1","Backstab","Footwork+1","Footwork","Burst","Prepared","Setup+1","Footwork+1","Calculated Gamble","Acrobatics","Madness","Madness+1","Masterful Stab","Calculated Gamble+1"],"max_hp_per_floor":[70,70,70,70,70,70,70,70,70,70,70,70,70,70,70,70,70,70,70,70,70,70,70,70,70,70,70,70,70,70,70,70,70,70,70,70,70,70,70,70,70,70,70],"relics":["Ring of the Snake","Mummified Hand","Regal Pillow","Matryoshka","Happy Flower","Ectoplasm","Tiny Chest","Ice Cream","Oddly Smooth Stone","Pen Nib","Orrery","Red Mask","War Paint"],"card_choices":[{"not_picked":["Crippling Poison","Eviscerate"],"picked":"Underhanded Strike"},{"not_picked":["Reflex","Caltrops"],"picked":"Underhanded Strike"},{"not_picked":["Bane","Deadly Poison"],"picked":"Outmaneuver"},{"not_picked":["Corpse Explosion","PiercingWail"],"picked":"Footwork"},{"not_picked":["Outmaneuver","Heel Hook"],"picked":"Backflip"},{"not_picked":["Dagger Throw","Deadly Poison"],"picked":"Dash"},{"not_picked":["Doppelganger","Die Die Die"],"picked":"Venomology"},{"not_picked":["Bane","Flying Knee"],"picked":"Backstab"},{"not_picked":["Wraith Form","Skewer"],"picked":"Footwork"},{"not_picked":["Envenom","Corpse Explosion"],"picked":"Burst"},{"not_picked":["Dagger Spray","Dodge and Roll"],"picked":"Prepared"},{"not_picked":["Sucker Punch","Predator"],"picked":"Setup"},{"not_picked":["Storm of Steel","Reflex"],"picked":"Footwork"},{"not_picked":["Catalyst","Prepared"],"picked":"Calculated Gamble"},{"not_picked":["Poisoned Stab","Slice"],"picked":"Acrobatics"},{"not_picked":["Slice","Backstab"],"picked":"Masterful Stab"},{"not_picked":["Bane","Noxious Fumes"],"picked":"Calculated Gamble"}],"player_experience":262030,"potions_floor_usage":[44,44],"damage_taken":[{"damage":12.0,"enemies":"Jaw Worm","floor":1.0,"turns":4.0},{"damage":5.0,"enemies":"Cultist","floor":2.0,"turns":4.0},{"damage":3.0,"enemies":"2 Louse","floor":5.0,"turns":3.0},{"damage":49.0,"enemies":"3 Sentries","floor":6.0,"turns":16.0},{"damage":8.0,"enemies":"Exordium Wildlife","floor":8.0,"turns":7.0},{"damage":30.0,"enemies":"Exordium Thugs","floor":13.0,"turns":7.0},{"damage":38.0,"enemies":"Hexaghost","floor":16.0,"turns":16.0},{"damage":20.0,"enemies":"2 Thieves","floor":18.0,"turns":5.0},{"damage":10.0,"enemies":"3 Byrds","floor":21.0,"turns":9.0},{"damage":15.0,"enemies":"Snake Plant","floor":27.0,"turns":5.0},{"damage":3.0,"enemies":"Snecko","floor":28.0,"turns":4.0},{"damage":21.0,"enemies":"Automaton","floor":33.0,"turns":19.0},{"damage":8.0,"enemies":"Orb Walker","floor":35.0,"turns":4.0},{"damage":14.0,"enemies":"3 Darklings","floor":39.0,"turns":12.0},{"damage":23.0,"enemies":"Sphere and 2 Shapes","floor":41.0,"turns":9.0},{"damage":60,"enemies":"Giant Head","floor":44,"turns":8}],"event_choices":[{"event_name":"Accursed Blacksmith","player_choice":"Rummage","floor":4.0,"damage_taken":0.0},{"event_name":"Match and Keep!","player_choice":"0 cards matched","floor":11.0,"damage_taken":0.0},{"event_name":"Scrap Ooze","player_choice":"success","floor":12.0,"damage_taken":7.0},{"event_name":"Back to Basics","player_choice":"Simplicity","floor":19.0,"damage_taken":0.0},{"event_name":"Addict","player_choice":"Ignored","floor":22.0,"damage_taken":0.0},{"event_name":"Beggar","player_choice":"Ignored","floor":30.0,"damage_taken":0.0},{"event_name":"Winding Halls","player_choice":"Embrace Madness","floor":36.0,"damage_taken":0.0},{"event_name":"Mysterious Sphere","player_choice":"Ignore","floor":37.0,"damage_taken":0.0},{"event_name":"Tomb of Lord Red Mask","player_choice":"Paid","floor":38.0,"damage_taken":0.0}],"boss_relics":[],"potions_floor_spawned":[5,6,16,18,21,27,33,35,39],"seed_played":"3584065673469627051","killed_by":"Giant Head","ascension_level":3,"is_trial":false}