{"path_per_floor":["M","M","$","?","M","R","M","M","T","R","M","?","$","M","R","B",null,"M","?","?","M","M","R","?","R","T","?","?","$","?","M","R","B",null,"M","?","?","?","$","R"],"character_chosen":"THE_SILENT","items_purchased":["Noxious Fumes","Bottled Tornado","Matryoshka"],"gold_per_floor":[211,224,155,155,166,166,177,197,197,197,212,212,212,223,223,328,328,338,338,338,356,369,369,369,369,369,459,459,208,208,225,225,322,322,337,337,587,587,270,270],"floor_reached":41,"campfire_rested":3,"playtime":1827,"current_hp_per_floor":[65,59,59,59,59,59,41,22,22,43,39,39,39,36,36,7,70,65,65,65,38,19,19,19,55,55,39,39,39,39,33,69,31,70,69,69,69,69,69,69],"items_purged":["Regret"],"gold":270,"score":378,"play_id":"48d7bb25-fb7d-4b57-9041-29326ed89003","is_prod":false,"is_daily":false,"is_ascension_mode":true,"campfire_upgraded":4,"path_taken":["M","M","$","?","?","R","M","?","T","R","M","?","?","M","R","BOSS","M","?","?","M","M","R","?","R","T","?","?","$","?","M","R","BOSS","M","?","?","?","$","R","E"],"build_version":"2018-02-22-PROD2","purchased_purges":1,"victory":false,"master_deck":["Defend_G+1","Defend_G+1","Defend_G+1","Defend_G+1","Defend_G+1","Strike_G+1","Strike_G+1","Strike_G+1","Strike_G+1","Strike_G+1","Survivor","Neutralize","Heel Hook","Noxious Fumes+1","Noxious Fumes+1","Deflect","Malaise","Poisoned Stab","Leg Sweep+1","Bullet Time","PiercingWail+1","Bane","Escape Plan","Adrenaline","Escape Plan","Distraction+1","Noxious Fumes+1","Catalyst+1"],"max_hp_per_floor":[70,70,70,70,70,70,70,70,70,70,70,70,70,70,70,70,70,70,70,70,70,70,70,70,70,70,70,70,70,70,70,70,70,70,70,70,70,70,70,70],"relics":["Ring of the Snake","Juzu Bracelet","The Specimen","Regal Pillow","Du-Vu Doll","Bottled Tornado","Bag of Preparation","Orrery","Matryoshka"],"card_choices":[{"not_picked":["Outmaneuver","Riddle With Holes"],"picked":"Heel Hook"},{"not_picked":["Dagger Spray","Flechettes"],"picked":"Noxious Fumes"},{"not_picked":["Acrobatics","Slice"],"picked":"Deflect"},{"not_picked":["All Out Attack","Accuracy"],"picked":"Malaise"},{"not_picked":["Caltrops","Crippling Poison"],"picked":"Poisoned Stab"},{"not_picked":["Flying Knee","Heel Hook"],"picked":"Leg Sweep"},{"not_picked":["Wraith Form","Phantasmal Killer"],"picked":"Bullet Time"},{"not_picked":["Backflip","Expertise"],"picked":"PiercingWail"},{"not_picked":["Cloak And Dagger","Acrobatics"],"picked":"Flying Knee"},{"not_picked":["Slice","Deflect"],"picked":"Bane"},{"not_picked":["Reflex","Flechettes"],"picked":"Escape Plan"},{"not_picked":["Wraith Form","Tactician"],"picked":"Adrenaline"},{"not_picked":["Quick Slash","Flying Knee"],"picked":"Escape Plan"},{"not_picked":["Cloak And Dagger","Deadly Poison"],"picked":"Distraction"},{"not_picked":["Flying Knee","Cloak And Dagger"],"picked":"Noxious Fumes"},{"not_picked":["Sucker Punch","Bane"],"picked":"Catalyst"}],"player_experience":269338,"potions_floor_usage":[41,41,41],"damage_taken":[{"damage":5.0,"enemies":"Small Slimes","floor":1.0,"turns":3.0},{"damage":6.0,"enemies":"Cultist","floor":2.0,"turns":3.0},{"damage":0.0,"enemies":"2 Louse","floor":5.0,"turns":3.0},{"damage":18.0,"enemies":"Gremlin Gang","floor":7.0,"turns":6.0},{"damage":19.0,"enemies":"Lots of Slimes","floor":8.0,"turns":5.0},{"damage":4.0,"enemies":"Blue Slaver","floor":11.0,"turns":5.0},{"damage":3.0,"enemies":"Large Slime","floor":14.0,"turns":5.0},{"damage":29.0,"enemies":"The Guardian","floor":16.0,"turns":9.0},{"damage":5.0,"enemies":"3 Byrds","floor":18.0,"turns":5.0},{"damage":27.0,"enemies":"Chosen","floor":21.0,"turns":7.0},{"damage":19.0,"enemies":"Snake Plant","floor":22.0,"turns":7.0},{"damage":6.0,"enemies":"Centurion and Healer","floor":31.0,"turns":5.0},{"damage":38.0,"enemies":"Automaton","floor":33.0,"turns":9.0},{"damage":1.0,"enemies":"Orb Walker","floor":35.0,"turns":4.0},{"damage":89,"enemies":"Giant Head","floor":41,"turns":9}],"event_choices":[{"event_name":"The Lab","player_choice":"Got Potions","floor":4.0,"damage_taken":0.0},{"event_name":"Shining Light","player_choice":"Ignored","floor":12.0,"damage_taken":0.0},{"event_name":"Accursed Blacksmith","player_choice":"Rummage","floor":19.0,"damage_taken":0.0},{"event_name":"Addict","player_choice":"Ignored","floor":20.0,"damage_taken":0.0},{"event_name":"Back to Basics","player_choice":"Simplicity","floor":24.0,"damage_taken":0.0},{"event_name":"Knowing Skull","player_choice":"GOLD ","floor":27.0,"damage_taken":0.0},{"event_name":"Drug Dealer","player_choice":"Ignored","floor":28.0,"damage_taken":0.0},{"event_name":"The Mausoleum","player_choice":"Yes","floor":30.0,"damage_taken":0.0},{"event_name":"Fountain of Cleansing","player_choice":"Removed Curse","floor":36.0,"damage_taken":0.0},{"event_name":"Golden Shrine","player_choice":"Desecrate","floor":37.0,"damage_taken":0.0}],"boss_relics":[],"potions_floor_spawned":[1,2,11,14,21,33,35],"seed_played":"3042928844317369870","killed_by":"Giant Head","ascension_level":3,"is_trial":false}