{"path_per_floor":["M","M","$","M","M","R","E","R","T","?","R","E","M","?","R","B",null,"M","?","?","M","?","R","E","$","T","M","M","R","$","?","R"],"character_chosen":"THE_SILENT","items_purchased":[],"gold_per_floor":[112,122,47,60,78,78,104,104,128,128,128,160,172,122,122,218,218,232,232,157,171,171,171,202,202,202,217,231,231,131,131,131,131],"floor_reached":33,"campfire_rested":2,"playtime":1480,"current_hp_per_floor":[66,65,65,65,64,64,28,28,28,28,49,49,41,41,41,13,70,70,54,54,47,47,47,6,6,6,6,14,14,14,14,35,0],"items_purged":["Doubt","Strike_G"],"gold":131,"score":358,"play_id":"c9a1290a-06b0-4b74-8ff8-a3673fb67430","local_time":"20180323215505","is_prod":false,"is_daily":false,"is_ascension_mode":true,"campfire_upgraded":2,"timestamp":1521831305,"path_taken":["M","?","$","M","M","R","E","R","T","?","R","E","M","?","R","BOSS","M","?","?","?","?","R","E","?","T","?","M","R","$","?","R","BOSS"],"build_version":"2018-03-22v2","purchased_purges":2,"victory":false,"master_deck":["Defend_G+1","Defend_G+1","Defend_G+1","Defend_G+1","Defend_G+1","Strike_G+1","Strike_G+1","Survivor","Neutralize+1","Footwork","Dodge and Roll","Noxious Fumes+1","Adrenaline","Dagger Spray","Noxious Fumes","Footwork+1"],"max_hp_per_floor":[70,70,70,70,70,70,70,70,70,70,70,70,70,70,70,70,70,70,70,70,70,70,70,70,70,70,70,70,70,70,70,70,70],"relics":["Ring of the Snake","Girya","Tingsha","Happy Flower","Vajra","Sozu","Nilry\u0027s Codex","Bag of Preparation","Ornamental Fan"],"card_choices":[{"not_picked":["Dagger Throw","Deadly Poison"],"picked":"Footwork","floor":1},{"not_picked":["Skewer","Acrobatics"],"picked":"Dodge and Roll","floor":2},{"not_picked":["Blade Dance","Deflect"],"picked":"Noxious Fumes","floor":5},{"not_picked":["Quick Slash","Accuracy"],"picked":"Adrenaline","floor":12},{"not_picked":["PiercingWail","Slice"],"picked":"Dagger Spray","floor":13},{"not_picked":["Dodge and Roll","Acrobatics"],"picked":"Noxious Fumes","floor":18},{"not_picked":["Setup","Dagger Throw"],"picked":"Footwork","floor":24}],"player_experience":431794,"potions_floor_usage":[7,28,33,33],"damage_taken":[{"damage":4,"enemies":"Cultist","floor":1,"turns":5},{"damage":1,"enemies":"2 Louse","floor":2,"turns":4},{"damage":0,"enemies":"Small Slimes","floor":4,"turns":7},{"damage":1,"enemies":"Blue Slaver","floor":5,"turns":6},{"damage":36,"enemies":"Gremlin Nob","floor":7,"turns":6},{"damage":0,"enemies":"Lagavulin","floor":12,"turns":8},{"damage":8,"enemies":"3 Louse","floor":13,"turns":3},{"damage":28,"enemies":"Slime Boss","floor":16,"turns":12},{"damage":0,"enemies":"Shell Parasite","floor":18,"turns":7},{"damage":7,"enemies":"Spheric Guardian","floor":21,"turns":5},{"damage":41,"enemies":"Gremlin Leader","floor":24,"turns":7},{"damage":0,"enemies":"3 Cultists","floor":27,"turns":4},{"damage":1,"enemies":"Snecko","floor":28,"turns":7},{"damage":48,"enemies":"Champ","floor":33,"turns":12}],"event_choices":[{"event_name":"Shining Light","player_choice":"Ignored","floor":10,"damage_taken":0},{"event_name":"The Cleric","player_choice":"Card Removal","floor":14,"damage_taken":0},{"event_name":"Cursed Tome","player_choice":"Obtained Book","floor":19,"damage_taken":0},{"event_name":"Beggar","player_choice":"Gave Gold","floor":20,"damage_taken":0},{"event_name":"N\u0027loth","player_choice":"Ignored","floor":22,"damage_taken":0},{"event_name":"Back to Basics","player_choice":"Simplicity","floor":31,"damage_taken":0}],"boss_relics":[{"not_picked":["Philosopher\u0027s Stone","Ectoplasm"],"picked":"Sozu"}],"potions_floor_spawned":[1,4,7,13,21,24,27],"seed_played":"3520956427452274492","killed_by":"Champ","ascension_level":4,"is_trial":false}