{"path_per_floor":["M","$","M","M","$","R","?","M","T","?","R","M","?","?","R","B",null,"M","?","?","M"],"character_chosen":"THE_SILENT","items_purchased":["PiercingWail"],"gold_per_floor":[113,38,49,60,38,38,38,55,55,55,55,75,75,25,25,124,124,143,143,143,158],"floor_reached":22,"campfire_rested":0,"playtime":3387,"current_hp_per_floor":[70,70,68,62,62,62,62,59,59,45,45,45,45,45,45,14,70,55,55,55,36],"items_purged":["Strike_G"],"gold":158,"score":174,"play_id":"5870765f-9dc4-44bf-a724-98fcca30eada","local_time":"20180319134045","is_prod":false,"is_daily":false,"is_ascension_mode":false,"campfire_upgraded":3,"timestamp":1521456045,"path_taken":["M","$","M","M","$","R","?","M","T","?","R","M","?","?","R","BOSS","M","?","?","M","M"],"build_version":"2018-03-15v3","purchased_purges":1,"victory":false,"master_deck":["Defend_G","Defend_G+1","Defend_G","Defend_G","Defend_G","Strike_G+1","Strike_G","Strike_G","Survivor","Neutralize+1","Flying Knee","Flying Knee","Deadly Poison+1","PiercingWail","Poisoned Stab+1","Footwork+1","Adrenaline","Underhanded Strike+1"],"max_hp_per_floor":[70,70,70,70,70,70,70,70,70,70,70,70,70,70,70,70,70,70,70,70,70],"relics":["Runic Pyramid","Frozen Egg 2"],"card_choices":[{"not_picked":["Endless Agony","Riddle With Holes"],"picked":"Flying Knee"},{"not_picked":["Finisher","Prepared"],"picked":"Flying Knee"},{"not_picked":["Acrobatics","Prepared"],"picked":"Deadly Poison"},{"not_picked":["Choke","Cloak And Dagger"],"picked":"Poisoned Stab"},{"not_picked":["Poisoned Stab","Quick Slash"],"picked":"Footwork"},{"not_picked":["After Image","Grand Finale"],"picked":"Adrenaline"},{"not_picked":["Sucker Punch","Backflip"],"picked":"Underhanded Strike"}],"player_experience":357120,"potions_floor_usage":[16,21],"damage_taken":[{"damage":0,"enemies":"2 Louse","floor":1,"turns":4},{"damage":2,"enemies":"Small Slimes","floor":3,"turns":4},{"damage":6,"enemies":"Jaw Worm","floor":4,"turns":5},{"damage":3,"enemies":"Blue Slaver","floor":8,"turns":4},{"damage":0,"enemies":"Exordium Wildlife","floor":12,"turns":5},{"damage":31,"enemies":"Slime Boss","floor":16,"turns":17},{"damage":15,"enemies":"Chosen","floor":18,"turns":7},{"damage":19,"enemies":"Shell Parasite","floor":21,"turns":7},{"damage":43,"enemies":"Chosen and Byrds","floor":22,"turns":6}],"event_choices":[{"event_name":"Dead Adventurer","player_choice":"Searched \u00270\u0027 times","floor":7,"damage_taken":0},{"event_name":"Shining Light","player_choice":"Entered Light","floor":10,"damage_taken":0},{"event_name":"Scrap Ooze","player_choice":"unsuccessful","floor":13,"damage_taken":0},{"event_name":"The Cleric","player_choice":"Card Removal","floor":14,"damage_taken":0},{"event_name":"The Mausoleum","player_choice":"No","floor":19,"damage_taken":0},{"event_name":"Drug Dealer","player_choice":"Ignored","floor":20,"damage_taken":0}],"boss_relics":[{"not_picked":["Velvet Choker","Runic Dome","Calling Bell"]}],"potions_floor_spawned":[3,8],"seed_played":"8343239677850161019","killed_by":"Chosen and Byrds","ascension_level":0,"is_trial":false}