{"path_per_floor":["M","M","?","$","?","E","R","?","T","?","E","M","E","M","R","B",null,"M","?","M","$"],"character_chosen":"THE_SILENT","items_purchased":["Dash","Malaise","Lantern"],"gold_per_floor":[113,126,126,45,45,73,73,248,274,224,250,267,298,314,314,409,409,391,391,409,179,179],"floor_reached":22,"campfire_rested":1,"playtime":1353,"current_hp_per_floor":[70,70,63,63,63,65,65,65,65,65,50,52,26,23,44,20,70,55,55,35,35,0],"items_purged":[],"gold":179,"score":272,"play_id":"2bba0303-46c9-4648-9d31-c7d553341525","local_time":"20180323223433","is_prod":false,"is_daily":false,"is_ascension_mode":true,"campfire_upgraded":1,"timestamp":1521833673,"path_taken":["M","M","?","$","?","E","R","?","T","?","E","?","E","M","R","BOSS","M","?","M","$","M"],"build_version":"2018-03-22v2","purchased_purges":0,"victory":false,"master_deck":["Defend_G","Defend_G","Defend_G","Defend_G","Defend_G","Strike_G","Strike_G","Strike_G","Strike_G","Strike_G","Survivor","Neutralize+1","Backflip","Dash","Dash","Poisoned Stab","Backflip+1","Well Laid Plans","Flying Knee","Burst+1","Calculated Gamble+1","Endless Agony","Malaise+1"],"max_hp_per_floor":[70,70,70,70,70,70,70,70,70,70,70,70,70,70,70,70,70,70,70,70,70,70],"relics":["Ring of the Snake","NeowsBlessing","Blood Vial","Dream Catcher","Omamori","Prayer Wheel","Toxic Egg 2","White Beast Statue","Lantern"],"card_choices":[{"not_picked":["PiercingWail","Blur"],"picked":"Backflip","floor":2},{"not_picked":["Prepared","Quick Slash"],"picked":"Dash","floor":11},{"not_picked":["Tactician","Catalyst"],"picked":"Poisoned Stab","floor":12},{"not_picked":["Corpse Explosion","Accuracy"],"picked":"Backflip","floor":13},{"not_picked":["Setup","Predator"],"picked":"Well Laid Plans","floor":14},{"not_picked":["Dodge and Roll","Deflect"],"picked":"Flying Knee","floor":15},{"not_picked":["Venomology","Phantasmal Killer"],"picked":"Burst","floor":16},{"not_picked":["Prepared","Deflect"],"picked":"Calculated Gamble","floor":18},{"not_picked":["Underhanded Strike","Backstab"],"picked":"Endless Agony","floor":20}],"player_experience":434015,"potions_floor_usage":[14,14,16,22],"damage_taken":[{"damage":0,"enemies":"Small Slimes","floor":1,"turns":1},{"damage":0,"enemies":"2 Louse","floor":2,"turns":1},{"damage":0,"enemies":"Lagavulin","floor":6,"turns":1},{"damage":17,"enemies":"3 Sentries","floor":11,"turns":12},{"damage":0,"enemies":"Cultist","floor":12,"turns":3},{"damage":28,"enemies":"Lagavulin","floor":13,"turns":8},{"damage":14,"enemies":"Exordium Thugs","floor":14,"turns":5},{"damage":26,"enemies":"The Guardian","floor":16,"turns":14},{"damage":15,"enemies":"2 Thieves","floor":18,"turns":4},{"damage":22,"enemies":"3 Byrds","floor":20,"turns":9},{"damage":48,"enemies":"3 Cultists","floor":22,"turns":5}],"event_choices":[{"event_name":"Scrap Ooze","player_choice":"success","floor":3,"damage_taken":7},{"event_name":"The Lab","player_choice":"Got Potions","floor":5,"damage_taken":0},{"event_name":"Liars Game","player_choice":"agreed","floor":8,"damage_taken":0},{"event_name":"The Cleric","player_choice":"Card Removal","floor":10,"damage_taken":0},{"event_name":"Drug Dealer","player_choice":"Ignored","floor":19,"damage_taken":0}],"boss_relics":[{"not_picked":["Eternal Feather","Runic Pyramid"],"picked":"White Beast Statue"}],"potions_floor_spawned":[1,12,13,14,18,20],"seed_played":"468297240662544045","killed_by":"3 Cultists","ascension_level":4,"is_trial":false}