{"path_per_floor":["M","?","M","$","?","R","M","R","T","$","M","?","M","$","R","B",null,"M","M","T","M","$","R","?","M","T","R","M","M","?","M","R"],"character_chosen":"THE_SILENT","items_purchased":["Noxious Fumes","Footwork"],"gold_per_floor":[110,110,129,129,79,79,97,97,97,29,48,48,61,61,61,161,161,175,185,185,205,59,59,59,69,69,69,81,91,91,110,110],"floor_reached":33,"campfire_rested":2,"playtime":1971,"current_hp_per_floor":[67,67,64,64,64,64,64,64,64,64,51,56,51,51,51,34,75,71,54,54,38,38,38,38,7,7,29,25,12,12,4,26],"items_purged":["Strike_G"],"gold":110,"score":239,"play_id":"44fa926a-c558-4c7b-bd8b-db195359f3be","local_time":"20180320110621","is_prod":false,"is_daily":false,"is_ascension_mode":false,"campfire_upgraded":4,"timestamp":1521533181,"path_taken":["M","?","?","?","?","R","M","R","T","$","M","?","M","$","R","BOSS","M","M","?","M","$","R","?","M","T","R","M","M","?","M","R","BOSS"],"build_version":"2018-03-15v3","purchased_purges":1,"victory":false,"master_deck":["Defend_G","Defend_G","Defend_G","Defend_G","Defend_G","Strike_G","Strike_G","Strike_G","Survivor","Neutralize+1","Poisoned Stab+1","Backflip","Noxious Fumes+1","Backflip","Night Terror+1","Poisoned Stab","Noxious Fumes","Distraction+1","Footwork"],"max_hp_per_floor":[70,70,70,70,70,70,70,70,70,70,70,75,75,75,75,75,75,75,75,75,75,75,75,75,75,75,75,75,75,75,75,75],"relics":["The Specimen"],"card_choices":[{"not_picked":["Backflip","Crippling Poison"],"picked":"Poisoned Stab"},{"not_picked":["PiercingWail","Prepared"],"picked":"Backflip"},{"not_picked":["Flying Knee","Underhanded Strike"],"picked":"Backflip"},{"not_picked":["After Image","Grand Finale"],"picked":"Night Terror"},{"not_picked":["Masterful Stab","Dagger Spray"],"picked":"Poisoned Stab"},{"not_picked":["Eviscerate","Deflect"],"picked":"Noxious Fumes"},{"not_picked":["Prepared","Backflip"],"picked":"Distraction"}],"player_experience":374047,"potions_floor_usage":[33],"damage_taken":[{"damage":3.0,"enemies":"Jaw Worm","floor":1.0,"turns":4.0},{"damage":3.0,"enemies":"Small Slimes","floor":3.0,"turns":3.0},{"damage":0.0,"enemies":"Cultist","floor":7.0,"turns":4.0},{"damage":13.0,"enemies":"Lots of Slimes","floor":11.0,"turns":5.0},{"damage":5.0,"enemies":"Exordium Wildlife","floor":13.0,"turns":6.0},{"damage":17.0,"enemies":"The Guardian","floor":16.0,"turns":11.0},{"damage":4.0,"enemies":"3 Byrds","floor":18.0,"turns":6.0},{"damage":17.0,"enemies":"Spheric Guardian","floor":19.0,"turns":6.0},{"damage":16.0,"enemies":"Centurion and Healer","floor":21.0,"turns":8.0},{"damage":31.0,"enemies":"3 Cultists","floor":25.0,"turns":6.0},{"damage":4.0,"enemies":"Snecko","floor":28.0,"turns":7.0},{"damage":13.0,"enemies":"Cultist and Chosen","floor":29.0,"turns":6.0},{"damage":8.0,"enemies":"Snake Plant","floor":31.0,"turns":7.0},{"damage":31,"enemies":"Collector","floor":33,"turns":5}],"event_choices":[{"event_name":"Scrap Ooze","player_choice":"unsuccessful","floor":2.0,"damage_taken":0.0},{"event_name":"The Cleric","player_choice":"Card Removal","floor":5.0,"damage_taken":0.0},{"event_name":"Big Fish","player_choice":"Donut","floor":12.0,"damage_taken":0.0},{"event_name":"Beggar","player_choice":"Ignored","floor":24.0,"damage_taken":0.0},{"event_name":"Vampires","player_choice":"Ignored","floor":30.0,"damage_taken":0.0}],"boss_relics":[],"potions_floor_spawned":[7,16,18,21,31],"seed_played":"3885079653590228598","killed_by":"Collector","ascension_level":0,"is_trial":false}