{"path_per_floor":["M","M","M","$","M","R","M","R","T","R","M","M","M","M","R","B",null,"M","$","M","?","M","R","E","?","T","$","?","M","R","M","R","B",null,"M","M","?","?","M","R","E","M","T","M","R","M","R","$","R"],"character_chosen":"THE_SILENT","items_purchased":["Footwork","Deadly Poison","Deflect","Bronze Scales","Noxious Fumes","Shuriken","Bottled Tornado"],"gold_per_floor":[111,127,143,16,28,28,48,48,116,116,132,143,158,174,174,273,273,285,38,58,58,71,71,105,355,382,2,2,19,19,29,29,132,162,175,186,186,186,201,201,229,244,244,257,257,272,272,12,12,12],"floor_reached":50,"campfire_rested":5,"playtime":2527,"current_hp_per_floor":[70,68,68,68,60,60,58,58,58,58,39,38,38,38,59,4,70,50,50,47,34,30,52,45,45,52,52,52,41,41,40,64,39,87,75,64,64,64,56,56,30,26,26,24,50,50,76,76,76,0],"items_purged":["Strike_G","Regret"],"gold":12,"score":515,"play_id":"8433b1af-81fa-4b68-855b-90242d432c92","local_time":"20180401141029","is_prod":false,"is_daily":false,"is_ascension_mode":false,"campfire_upgraded":6,"timestamp":1522581029,"path_taken":["M","M","?","$","M","R","M","R","T","R","M","M","M","M","R","BOSS","M","$","M","?","M","R","E","?","T","$","?","M","R","M","R","BOSS","M","M","?","?","M","R","E","M","T","M","R","M","R","$","R","BOSS"],"build_version":"2018-03-29v2","purchased_purges":2,"victory":false,"master_deck":["Defend_G+1","Defend_G","Defend_G","Defend_G","Defend_G","Strike_G","Strike_G","Strike_G","Survivor","Neutralize+1","Outmaneuver+1","Expertise+1","Backflip","Poisoned Stab","Footwork+1","Deadly Poison+1","Flying Knee","Blur","PiercingWail+1","All Out Attack","Die Die Die","Deflect+1","Prepared+1","Sucker Punch+1","Noxious Fumes+1","Footwork","Cloak And Dagger+1","PiercingWail+1","Flechettes+1","Bouncing Flask+1","Blade Dance+1","Distraction+1","Acrobatics+1"],"max_hp_per_floor":[70,70,70,70,70,70,70,70,70,70,70,70,70,70,70,70,70,70,70,70,75,75,75,75,75,82,82,82,82,82,82,82,82,87,87,87,87,87,87,87,87,87,87,87,87,87,87,87,87,87],"relics":["Ring of the Snake","Toxic Egg 2","Sozu","Bronze Scales","Art of War","Strawberry","Shuriken","Tiny House","Lantern","Frozen Egg 2","Bottled Tornado"],"card_choices":[{"not_picked":["Crippling Poison","Dodge and Roll"],"picked":"Outmaneuver","floor":0.0},{"not_picked":["Outmaneuver","Prepared"],"picked":"Expertise","floor":1.0},{"not_picked":["Leg Sweep","Quick Slash"],"picked":"Backflip","floor":2.0},{"not_picked":["Acrobatics","Infinite Blades"],"picked":"Poisoned Stab","floor":3.0},{"not_picked":["Infinite Blades","Accuracy"],"picked":"Flying Knee","floor":5.0},{"not_picked":["Outmaneuver","Crippling Poison"],"picked":"Blur","floor":7.0},{"not_picked":["Blade Dance","Masterful Stab"],"picked":"PiercingWail","floor":11.0},{"not_picked":["Flying Knee","Skewer"],"picked":"All Out Attack","floor":14.0},{"not_picked":["Wraith Form","Glass Knife"],"picked":"Die Die Die","floor":16.0},{"not_picked":["Dagger Throw","Infinite Blades"],"picked":"Prepared","floor":20.0},{"not_picked":["Deflect","Well Laid Plans"],"picked":"Sucker Punch","floor":22.0},{"not_picked":["PiercingWail","Cloak And Dagger"],"picked":"Footwork","floor":29.0},{"not_picked":["Poisoned Stab","Quick Slash"],"picked":"Cloak And Dagger","floor":31.0},{"not_picked":["Backflip","Underhanded Strike"],"picked":"PiercingWail","floor":34.0},{"not_picked":["Flying Knee","Choke"],"picked":"Flechettes","floor":35.0},{"not_picked":["Caltrops","Outmaneuver"],"picked":"Bouncing Flask","floor":36.0},{"not_picked":["Dodge and Roll","Slice"],"picked":"Distraction","floor":39.0},{"not_picked":["Blur","Skewer"],"picked":"Acrobatics","floor":44.0}],"player_experience":536703,"potions_floor_usage":[],"damage_taken":[{"damage":0.0,"enemies":"Cultist","floor":1.0,"turns":4.0},{"damage":2.0,"enemies":"2 Louse","floor":2.0,"turns":4.0},{"damage":0.0,"enemies":"Small Slimes","floor":3.0,"turns":5.0},{"damage":8.0,"enemies":"Red Slaver","floor":5.0,"turns":5.0},{"damage":2.0,"enemies":"Blue Slaver","floor":7.0,"turns":4.0},{"damage":19.0,"enemies":"Gremlin Gang","floor":11.0,"turns":6.0},{"damage":1.0,"enemies":"2 Fungi Beasts","floor":12.0,"turns":3.0},{"damage":0.0,"enemies":"3 Louse","floor":13.0,"turns":3.0},{"damage":0.0,"enemies":"Looter","floor":14.0,"turns":3.0},{"damage":55.0,"enemies":"Slime Boss","floor":16.0,"turns":17.0},{"damage":20.0,"enemies":"Chosen","floor":18.0,"turns":7.0},{"damage":3.0,"enemies":"Spheric Guardian","floor":20.0,"turns":5.0},{"damage":4.0,"enemies":"Centurion and Healer","floor":22.0,"turns":9.0},{"damage":7.0,"enemies":"Book of Stabbing","floor":24.0,"turns":5.0},{"damage":11.0,"enemies":"Sentry and Sphere","floor":29.0,"turns":7.0},{"damage":1.0,"enemies":"Snake Plant","floor":31.0,"turns":4.0},{"damage":25.0,"enemies":"Automaton","floor":33.0,"turns":11.0},{"damage":12.0,"enemies":"Orb Walker","floor":35.0,"turns":4.0},{"damage":11.0,"enemies":"3 Shapes","floor":36.0,"turns":4.0},{"damage":8.0,"enemies":"Maw","floor":39.0,"turns":7.0},{"damage":26.0,"enemies":"2 Orb Walkers","floor":41.0,"turns":6.0},{"damage":4.0,"enemies":"4 Shapes","floor":42.0,"turns":4.0},{"damage":2.0,"enemies":"3 Darklings","floor":44.0,"turns":4.0},{"damage":0.0,"enemies":"Sphere and 2 Shapes","floor":46.0,"turns":5.0},{"damage":81,"enemies":"Awakened One","floor":50,"turns":14}],"event_choices":[{"event_name":"Forgotten Altar","player_choice":"Shed Blood","floor":21.0,"damage_taken":0.0},{"event_name":"Golden Shrine","player_choice":"Desecrate","floor":25.0,"damage_taken":0.0},{"event_name":"Drug Dealer","player_choice":"Ignored","floor":28.0,"damage_taken":0.0},{"event_name":"Transmorgrifier","player_choice":"Transform","floor":37.0,"damage_taken":0.0},{"event_name":"Tomb of Lord Red Mask","player_choice":"Ignored","floor":38.0,"damage_taken":0.0}],"boss_relics":[],"potions_floor_spawned":[2,3,7,14,20,31,33,35,44,46],"seed_played":"8080788094915812703","killed_by":"Awakened One","ascension_level":0,"is_trial":false}