{"path_per_floor":["M","?","$","?","M","R","E","R","T","R","?","$","?","$","R","B",null,"M","M","?","$","?","R","M","R","T","M","M","?"],"character_chosen":"THE_SILENT","items_purchased":["Escape Plan","Meat on the Bone","Paper Crane","Catalyst"],"gold_per_floor":[414,414,117,117,133,133,166,166,234,234,264,264,264,6,6,101,101,117,131,131,52,52,52,65,65,89,109,120,120,120],"floor_reached":30,"campfire_rested":0,"playtime":1838,"current_hp_per_floor":[59,59,59,59,59,59,40,40,40,40,40,40,40,40,40,15,51,44,44,44,44,44,44,44,44,44,42,43,27,0],"items_purged":[],"gold":120,"score":358,"play_id":"397a50a8-860b-48fe-a3cc-35850abaf58a","local_time":"20180331204005","is_prod":false,"is_daily":false,"is_ascension_mode":true,"campfire_upgraded":6,"timestamp":1522518005,"path_taken":["M","?","$","?","M","R","E","R","T","R","?","$","?","$","R","BOSS","M","M","?","$","?","R","M","R","T","M","M","?","E"],"build_version":"2018-03-29v2","purchased_purges":1,"victory":false,"master_deck":["Defend_G","Defend_G","Defend_G","Defend_G","Defend_G","Strike_G","Strike_G","Strike_G","Strike_G","Survivor+1","Neutralize+1","AscendersBane","Deflect+1","Escape Plan","Backstab+1","Deadly Poison+1","Adrenaline","Malaise+1","Catalyst+1","Flying Knee","Pain","Dagger Spray+1","Poisoned Stab+1"],"max_hp_per_floor":[63,63,63,63,63,63,63,63,63,63,63,63,63,63,63,63,63,63,63,63,63,63,63,63,63,63,63,63,63,63],"relics":["Ring of the Snake","Old Coin","Meat on the Bone","Dodecahedron","Art of War","Tough Bandages","Anchor","Paper Crane","Cursed Key","Regal Pillow","Nilry\u0027s Codex"],"card_choices":[{"not_picked":["Quick Slash","Reflex"],"picked":"Deflect","floor":1.0},{"not_picked":["Deflect","Deadly Poison"],"picked":"Backstab","floor":5.0},{"not_picked":["Quick Slash","Cloak And Dagger"],"picked":"Deadly Poison","floor":7.0},{"not_picked":["Wraith Form","Corpse Explosion"],"picked":"Adrenaline","floor":16},{"not_picked":["Dagger Spray","Prepared"],"picked":"Malaise","floor":18},{"not_picked":["Prepared","Bane"],"picked":"Flying Knee","floor":24},{"not_picked":["Flying Knee","Finisher"],"picked":"Dagger Spray","floor":27},{"not_picked":["Die Die Die","Quick Slash"],"picked":"Poisoned Stab","floor":28}],"player_experience":521401,"potions_floor_usage":[],"damage_taken":[{"damage":4.0,"enemies":"Small Slimes","floor":1.0,"turns":6.0},{"damage":0.0,"enemies":"Cultist","floor":5.0,"turns":4.0},{"damage":19.0,"enemies":"3 Sentries","floor":7.0,"turns":11.0},{"damage":37,"enemies":"Hexaghost","floor":16,"turns":12},{"damage":7,"enemies":"Shell Parasite","floor":18,"turns":6},{"damage":0,"enemies":"Chosen","floor":19,"turns":7},{"damage":0,"enemies":"Slaver and Parasite","floor":24,"turns":11},{"damage":14,"enemies":"Centurion and Healer","floor":27,"turns":10},{"damage":11,"enemies":"Snake Plant","floor":28,"turns":6},{"damage":27,"enemies":"Gremlin Leader","floor":30,"turns":4}],"event_choices":[{"event_name":"Upgrade Shrine","player_choice":"Upgraded","floor":2.0,"damage_taken":0.0},{"event_name":"Accursed Blacksmith","player_choice":"Rummage","floor":4.0,"damage_taken":0.0},{"event_name":"Dead Adventurer","player_choice":"Searched \u00273\u0027 times","floor":11,"damage_taken":0},{"event_name":"Bonfire Elementals","player_choice":"BASIC","floor":13,"damage_taken":0},{"event_name":"Drug Dealer","player_choice":"Ignored","floor":20,"damage_taken":0},{"event_name":"Addict","player_choice":"Ignored","floor":22,"damage_taken":0},{"event_name":"Cursed Tome","player_choice":"Obtained Book","floor":29,"damage_taken":0}],"boss_relics":[{"not_picked":["Ectoplasm","The Specimen"],"picked":"Cursed Key"}],"potions_floor_spawned":[16,18,27],"seed_played":"-1360551668723229970","killed_by":"Gremlin Leader","ascension_level":12,"is_trial":false}