{"path_per_floor":["M","M","$","?","?","R","M","E","T","R","E","M","M","$","R","B",null,"M","?","M","$","M","E","?","R","T","M","?","M","$","M","R"],"character_chosen":"THE_SILENT","items_purchased":["Footwork","Caltrops","Singing Bowl","Bottled Lightning"],"gold_per_floor":[212,227,193,193,193,193,203,229,229,229,255,269,282,58,58,134,134,147,147,166,166,178,203,203,203,229,249,249,266,14,27,27,27],"floor_reached":33,"campfire_rested":3,"playtime":2111,"current_hp_per_floor":[62,58,58,58,58,58,58,25,25,50,50,49,45,45,45,22,70,64,64,41,41,28,19,19,47,47,44,28,21,21,22,50,0],"items_purged":[],"gold":27,"score":523,"play_id":"e4f16b17-3aa5-4f45-b5cb-eba74d108a53","local_time":"20180402232135","is_prod":false,"is_daily":false,"is_ascension_mode":true,"campfire_upgraded":2,"timestamp":1522700495,"path_taken":["M","M","$","?","?","R","M","E","T","R","E","M","M","$","R","BOSS","M","?","M","?","?","E","?","R","T","M","?","M","$","M","R","BOSS"],"build_version":"2018-03-29v2","purchased_purges":0,"victory":false,"master_deck":["Defend_G","Defend_G","Defend_G","Defend_G","Defend_G","Strike_G","Strike_G","Strike_G","Strike_G","Strike_G","Survivor","Neutralize+1","AscendersBane","Footwork","Footwork","Distraction","Die Die Die","Backflip","Terror+1","Caltrops+1","Dash+1","Malaise+1"],"max_hp_per_floor":[70,70,70,70,70,70,70,84,84,84,84,84,84,84,84,86,86,88,88,90,90,92,94,94,94,94,94,94,94,94,96,96,96],"relics":["Ring of the Snake","Mango","Dead Branch","Pantograph","Singing Bowl","Black Star","Tough Bandages","Kunai","Ancient Tea Set","Enchiridion","Bottled Lightning"],"card_choices":[{"not_picked":["Prepared","Flying Knee"],"picked":"Footwork","floor":1.0},{"not_picked":["Acrobatics","Prepared"],"picked":"Distraction","floor":7.0},{"not_picked":["Infinite Blades","Reflex"],"picked":"Die Die Die","floor":8.0},{"not_picked":["Acrobatics","Dagger Throw"],"picked":"Backflip","floor":11.0},{"not_picked":["Acrobatics","Sucker Punch"],"picked":"Terror","floor":12.0},{"not_picked":["Backflip","Night Terror"],"picked":"Dash","floor":27},{"not_picked":["Terror","Acrobatics"],"picked":"Malaise","floor":29}],"player_experience":560762,"potions_floor_usage":[29,31,33],"damage_taken":[{"damage":1.0,"enemies":"Cultist","floor":1.0,"turns":4.0},{"damage":4.0,"enemies":"Jaw Worm","floor":2.0,"turns":6.0},{"damage":0.0,"enemies":"2 Louse","floor":7.0,"turns":4.0},{"damage":47.0,"enemies":"Lagavulin","floor":8.0,"turns":16.0},{"damage":0.0,"enemies":"3 Sentries","floor":11.0,"turns":9.0},{"damage":1.0,"enemies":"Looter","floor":12.0,"turns":4.0},{"damage":4.0,"enemies":"Red Slaver","floor":13.0,"turns":4.0},{"damage":50.0,"enemies":"Hexaghost","floor":16.0,"turns":8.0},{"damage":8.0,"enemies":"3 Byrds","floor":18.0,"turns":4.0},{"damage":25.0,"enemies":"Spheric Guardian","floor":20.0,"turns":6.0},{"damage":15.0,"enemies":"Snecko","floor":22.0,"turns":9.0},{"damage":11.0,"enemies":"Book of Stabbing","floor":23.0,"turns":8.0},{"damage":3,"enemies":"Snake Plant","floor":27,"turns":6},{"damage":7,"enemies":"Centurion and Healer","floor":29,"turns":15},{"damage":1,"enemies":"Chosen and Byrds","floor":31,"turns":8},{"damage":78,"enemies":"Collector","floor":33,"turns":19}],"event_choices":[{"event_name":"Liars Game","player_choice":"disagreed","floor":4.0,"damage_taken":0.0},{"event_name":"The Lab","player_choice":"Got Potions","floor":5.0,"damage_taken":0.0},{"event_name":"Upgrade Shrine","player_choice":"Upgraded","floor":19.0,"damage_taken":0.0},{"event_name":"The Mausoleum","player_choice":"No","floor":24,"damage_taken":0},{"event_name":"Cursed Tome","player_choice":"Obtained Book","floor":28,"damage_taken":0}],"boss_relics":[],"potions_floor_spawned":[7,11,12,18,27,29],"seed_played":"-7430281443686735247","killed_by":"Collector","ascension_level":13,"is_trial":false}