{"path_per_floor":["M","$","?","?","?","E","M","R","T","E","M","R","?","M","R","B",null,"M","$","M","$","T","?","R","M","T","E","M","M","R","E","R","B",null,"M","?","?","$","?","R","E","M","T","R","E","R","M","E","R","B"],"character_chosen":"THE_SILENT","items_purchased":["Caltrops","Noxious Fumes","Bronze Scales","Bottled Lightning"],"gold_per_floor":[109,37,37,37,37,63,82,82,107,132,147,147,147,167,167,271,271,289,214,227,1,1,1,1,14,14,43,59,70,70,97,97,197,197,208,208,260,12,12,12,44,64,64,64,99,99,109,139,139,139],"floor_reached":51,"campfire_rested":3,"playtime":7050,"current_hp_per_floor":[70,70,70,75,75,49,49,49,49,14,14,14,7,7,29,39,66,65,65,65,65,65,65,65,50,50,50,30,30,52,62,62,45,75,75,75,75,75,75,75,75,75,75,75,75,75,65,65,85,85],"items_purged":["Strike_G"],"gold":139,"score":1186,"play_id":"f415205b-968f-4300-9284-cfe6c83bc939","local_time":"20180326131549","is_prod":false,"is_daily":false,"is_ascension_mode":true,"campfire_upgraded":6,"timestamp":1522059349,"path_taken":["M","$","?","?","?","E","M","R","T","E","M","R","?","?","R","BOSS","M","$","M","$","?","?","R","M","T","E","M","M","R","E","R","BOSS","M","?","?","$","?","R","E","M","T","R","E","R","?","E","R","BOSS"],"build_version":"2018-03-22v2","purchased_purges":1,"victory":true,"master_deck":["Defend_G","Defend_G","Defend_G","Defend_G","Defend_G","Strike_G+1","Survivor","Neutralize+1","Adrenaline+1","Caltrops+1","Dagger Spray","Backflip","Backflip","Backstab+1","Noxious Fumes+1","Adrenaline+1","Dodge and Roll+1","Dodge and Roll+1","Noxious Fumes+1","Escape Plan+1","Blur+1","Backflip+1","Escape Plan","Burst+1","Escape Plan+1","Noxious Fumes+1","PiercingWail"],"max_hp_per_floor":[70,70,70,75,75,75,75,75,75,75,75,75,75,75,75,75,75,75,75,75,75,75,75,75,75,75,75,75,75,75,85,85,85,85,85,85,85,85,85,85,85,85,85,85,85,85,85,85,85,85],"relics":["Ring of the Snake","Centennial Puzzle","Happy Flower","Girya","The Specimen","Bronze Scales","Snake Skull","Prayer Wheel","Paper Crane","Pear","Cursed Key","Torii","Bottled Lightning","The Courier","Whetstone","Anchor"],"card_choices":[{"not_picked":["Underhanded Strike","Infinite Blades"],"picked":"Adrenaline","floor":1.0},{"not_picked":["Dagger Throw","Distraction"],"picked":"Dagger Spray","floor":6.0},{"not_picked":["Poisoned Stab","Predator"],"picked":"Backflip","floor":7.0},{"not_picked":["Dodge and Roll","Underhanded Strike"],"picked":"Backflip","floor":10.0},{"not_picked":["PiercingWail","Masterful Stab"],"picked":"Backstab","floor":11.0},{"not_picked":["Dodge and Roll","Dash"],"picked":"Noxious Fumes","floor":14.0},{"not_picked":["A Thousand Cuts","Tactician"],"picked":"Adrenaline","floor":16.0},{"not_picked":["Bane","Quick Slash"],"picked":"Dodge and Roll","floor":18.0},{"not_picked":["Poisoned Stab","Quick Slash"],"picked":"Dodge and Roll","floor":20.0},{"not_picked":["Acrobatics","Accuracy"],"picked":"Escape Plan","floor":25},{"not_picked":["Blade Dance","Bane"],"picked":"Blur","floor":28},{"not_picked":["Caltrops","Riddle With Holes"],"picked":"Backflip","floor":29},{"not_picked":["Deadly Poison","Crippling Poison"],"picked":"Escape Plan","floor":31},{"not_picked":["Tools of the Trade","Unload"],"picked":"Burst","floor":33},{"not_picked":["Noxious Fumes","Prepared"],"picked":"Escape Plan","floor":35},{"not_picked":["Riddle With Holes","Poisoned Stab"],"picked":"Noxious Fumes","floor":41},{"not_picked":["Quick Slash","Underhanded Strike"],"picked":"PiercingWail","floor":45}],"player_experience":454537,"potions_floor_usage":[27,50],"damage_taken":[{"damage":0.0,"enemies":"2 Louse","floor":1.0,"turns":4.0},{"damage":26.0,"enemies":"3 Sentries","floor":6.0,"turns":11.0},{"damage":0.0,"enemies":"Cultist","floor":7.0,"turns":4.0},{"damage":35.0,"enemies":"Gremlin Nob","floor":10.0,"turns":5.0},{"damage":0.0,"enemies":"Small Slimes","floor":11.0,"turns":3.0},{"damage":0.0,"enemies":"Exordium Wildlife","floor":14.0,"turns":2.0},{"damage":5.0,"enemies":"The Guardian","floor":16.0,"turns":12.0},{"damage":1.0,"enemies":"Shell Parasite","floor":18.0,"turns":7.0},{"damage":0.0,"enemies":"Chosen","floor":20.0,"turns":6.0},{"damage":15,"enemies":"Snecko","floor":25,"turns":5},{"damage":0,"enemies":"Gremlin Leader","floor":27,"turns":6},{"damage":20,"enemies":"Slaver and Parasite","floor":28,"turns":4},{"damage":0,"enemies":"Snake Plant","floor":29,"turns":4},{"damage":0,"enemies":"Book of Stabbing","floor":31,"turns":5},{"damage":17,"enemies":"Automaton","floor":33,"turns":8},{"damage":0,"enemies":"Orb Walker","floor":35,"turns":5},{"damage":0,"enemies":"Mysterious Sphere","floor":37,"turns":5},{"damage":0,"enemies":"Giant Head","floor":41,"turns":12},{"damage":0,"enemies":"3 Shapes","floor":42,"turns":4},{"damage":0,"enemies":"Nemesis","floor":45,"turns":9},{"damage":10,"enemies":"Sphere and 2 Shapes","floor":47,"turns":5},{"damage":0,"enemies":"2 Orb Walkers","floor":48,"turns":4},{"damage":0,"enemies":"Donu and Deca","floor":50,"turns":9}],"event_choices":[{"event_name":"Bonfire Elementals","player_choice":"BASIC","floor":3.0,"damage_taken":0.0},{"event_name":"Big Fish","player_choice":"Donut","floor":4.0,"damage_taken":0.0},{"event_name":"Living Wall","player_choice":"Grow","floor":5.0,"damage_taken":0.0},{"event_name":"Wheel of Change","player_choice":"Damage","floor":13.0,"damage_taken":0.0},{"event_name":"Vampires","player_choice":"Ignored","floor":23,"damage_taken":0},{"event_name":"Wheel of Change","player_choice":"Card Removal","floor":36,"damage_taken":0},{"event_name":"Mysterious Sphere","player_choice":"Fight","floor":37,"damage_taken":0},{"event_name":"Purifier","player_choice":"One Purge","floor":39,"damage_taken":0}],"boss_relics":[{"not_picked":["Runic Dome","White Beast Statue"],"picked":"Cursed Key"}],"potions_floor_spawned":[1,11,14,27,31,33,37,41,48],"seed_played":"5092958253361144300","ascension_level":5,"is_trial":false}