{"path_per_floor":["M","M","$","?","?","E","M","R","T","R","E","R","E","M","R","B",null,"M","?","M","$","?","E","R","M","T","?","M","R","$","M","R","B",null,"M","?","M","M","M","R","M","M","T","M","M","M","E","$","R","B"],"character_chosen":"THE_SILENT","items_purchased":["Well Laid Plans","Expertise","Bottled Tornado","Calculated Gamble","Trip","Whetstone"],"gold_per_floor":[110,128,21,21,21,47,65,65,90,90,121,121,154,170,170,266,266,277,277,292,50,50,84,84,99,99,99,116,116,78,97,97,192,192,207,207,219,237,250,250,267,277,301,314,330,349,375,45,45,45],"floor_reached":51,"campfire_rested":3,"playtime":7785,"current_hp_per_floor":[60,57,57,57,57,57,54,54,54,54,45,45,24,24,45,32,61,57,70,51,51,51,26,47,47,47,47,45,45,45,45,45,20,58,55,55,55,55,53,53,50,50,50,39,39,38,38,38,59,18],"items_purged":["Masterful Stab"],"gold":45,"score":1045,"play_id":"7befba9a-3948-46eb-9150-12c714919869","local_time":"20180329131224","is_prod":false,"is_daily":false,"is_ascension_mode":true,"campfire_upgraded":6,"timestamp":1522318344,"path_taken":["M","M","$","?","?","E","M","R","T","R","E","R","E","M","R","BOSS","M","?","M","$","?","E","R","M","T","?","M","R","$","M","R","BOSS","M","?","?","M","M","R","M","M","T","M","M","M","E","$","R","BOSS"],"build_version":"2018-03-22v2","purchased_purges":1,"victory":true,"master_deck":["Defend_G+1","Defend_G+1","Defend_G+1","Strike_G+1","Survivor+1","Neutralize+1","Grand Finale+1","Dash+1","Leg Sweep","Well Laid Plans+1","Expertise+1","PiercingWail","Backflip","Adrenaline+1","Doppelganger+1","Night Terror+1","Blur+1","Footwork","Noxious Fumes+1","Backflip","Calculated Gamble+1","Grand Finale+1","Prepared+1","Trip"],"max_hp_per_floor":[70,70,70,70,70,70,70,70,70,70,70,70,70,70,70,70,70,70,70,70,70,70,70,70,70,70,70,70,70,70,70,70,70,70,70,70,70,70,70,70,70,70,70,70,70,70,70,70,70,70],"relics":["Ring of the Snake","Lantern","Bronze Scales","Ancient Tea Set","Happy Flower","Astrolabe","Bottled Tornado","Snake Skull","Shuriken","Philosopher\u0027s Stone","Prayer Wheel","War Paint","Whetstone"],"card_choices":[{"not_picked":["Acrobatics","Dodge and Roll"],"picked":"Dash","floor":1.0},{"not_picked":["Infinite Blades","Flying Knee"],"picked":"Leg Sweep","floor":2.0},{"not_picked":["Acrobatics","Dagger Throw"],"picked":"PiercingWail","floor":6.0},{"not_picked":["Concentrate","Prepared"],"picked":"Backflip","floor":7.0},{"not_picked":["Wraith Form","Corpse Explosion"],"picked":"Adrenaline","floor":16.0},{"not_picked":["Flying Knee","Bane"],"picked":"Footwork","floor":20.0},{"not_picked":["Acrobatics","Outmaneuver"],"picked":"Noxious Fumes","floor":23.0},{"not_picked":["Blur","Venomology"],"picked":"Backflip","floor":25.0},{"not_picked":["Glass Knife","Burst"],"picked":"Grand Finale","floor":33.0},{"not_picked":["Quick Slash","Outmaneuver"],"picked":"Prepared","floor":46.0}],"player_experience":490842,"potions_floor_usage":[50,50],"damage_taken":[{"damage":3.0,"enemies":"2 Louse","floor":1.0,"turns":4.0},{"damage":3.0,"enemies":"Cultist","floor":2.0,"turns":6.0},{"damage":0.0,"enemies":"3 Sentries","floor":6.0,"turns":2.0},{"damage":3.0,"enemies":"Small Slimes","floor":7.0,"turns":4.0},{"damage":9.0,"enemies":"Gremlin Nob","floor":11.0,"turns":4.0},{"damage":21.0,"enemies":"Lagavulin","floor":13.0,"turns":11.0},{"damage":0.0,"enemies":"Blue Slaver","floor":14.0,"turns":6.0},{"damage":13.0,"enemies":"Slime Boss","floor":16.0,"turns":9.0},{"damage":4.0,"enemies":"Shell Parasite","floor":18.0,"turns":3.0},{"damage":19.0,"enemies":"Chosen","floor":20.0,"turns":10.0},{"damage":25.0,"enemies":"Slavers","floor":23.0,"turns":4.0},{"damage":0.0,"enemies":"Snake Plant","floor":25.0,"turns":3.0},{"damage":2.0,"enemies":"Cultist and Chosen","floor":28.0,"turns":6.0},{"damage":0.0,"enemies":"Centurion and Healer","floor":31.0,"turns":3.0},{"damage":25.0,"enemies":"Champ","floor":33.0,"turns":13.0},{"damage":3.0,"enemies":"3 Shapes","floor":35.0,"turns":3.0},{"damage":0.0,"enemies":"3 Darklings","floor":37.0,"turns":3.0},{"damage":0.0,"enemies":"Sphere and 2 Shapes","floor":38.0,"turns":3.0},{"damage":2.0,"enemies":"Maw","floor":39.0,"turns":8.0},{"damage":3.0,"enemies":"4 Shapes","floor":41.0,"turns":3.0},{"damage":0.0,"enemies":"3 Darklings","floor":42.0,"turns":3.0},{"damage":11.0,"enemies":"Sphere and 2 Shapes","floor":44.0,"turns":6.0},{"damage":0.0,"enemies":"Maw","floor":45.0,"turns":5.0},{"damage":1.0,"enemies":"4 Shapes","floor":46.0,"turns":4.0},{"damage":0.0,"enemies":"2 Orb Walkers","floor":47.0,"turns":2.0},{"damage":41,"enemies":"Awakened One","floor":50,"turns":6}],"event_choices":[{"event_name":"Purifier","player_choice":"One Purge","floor":4.0,"damage_taken":0.0},{"event_name":"Transmorgrifier","player_choice":"Transform","floor":5.0,"damage_taken":0.0},{"event_name":"The Library","player_choice":"Heal","floor":19.0,"damage_taken":0.0},{"event_name":"Back to Basics","player_choice":"Simplicity","floor":22.0,"damage_taken":0.0},{"event_name":"Bonfire Elementals","player_choice":"BASIC","floor":27.0,"damage_taken":0.0},{"event_name":"Tomb of Lord Red Mask","player_choice":"Ignored","floor":36.0,"damage_taken":0.0}],"boss_relics":[],"potions_floor_spawned":[2,6,7,11,20,23,31,33,39,41,44,46],"seed_played":"-7483331306248515842","ascension_level":9,"is_trial":false}