{"path_per_floor":["M","M","M","M","?","R","E","R","T","?","M","$","M","M","R","B",null,"M","?","$","?","M","E","R","E","T","M","M","T","R","M","R","B",null,"M","M","M","M","$","E","R","E","T","R","M","?","M","M","R","B"],"character_chosen":"THE_SILENT","items_purchased":["Footwork","Block Potion","Bouncing Flask","War Paint"],"gold_per_floor":[117,135,155,165,165,165,191,191,191,191,205,3,19,33,33,128,128,138,53,53,53,67,100,100,129,129,143,163,163,163,174,174,274,274,291,302,312,328,97,127,127,158,158,158,170,170,182,192,192,192],"floor_reached":51,"campfire_rested":0,"playtime":3674,"current_hp_per_floor":[63,63,63,63,60,60,30,30,30,30,28,28,24,28,28,22,58,46,46,46,46,49,54,54,21,21,29,37,37,37,45,45,38,62,63,68,70,59,59,59,59,60,60,60,72,72,74,76,76,76],"items_purged":["Strike_G"],"gold":192,"score":983,"play_id":"578e76cc-3e35-40b8-a606-05da660b97f4","local_time":"20180327152020","is_prod":false,"is_daily":false,"is_ascension_mode":true,"campfire_upgraded":9,"timestamp":1522153220,"path_taken":["M","?","M","M","?","R","E","R","T","?","M","$","?","M","R","BOSS","M","?","$","?","M","E","R","E","T","M","M","?","R","M","R","BOSS","M","M","M","M","$","E","R","E","T","R","M","?","?","M","R","BOSS"],"build_version":"2018-03-22v2","purchased_purges":2,"victory":true,"master_deck":["Defend_G+1","Defend_G+1","Defend_G+1","Defend_G+1","Defend_G+1","Strike_G+1","Strike_G+1","Strike_G+1","Survivor","Neutralize+1","Leg Sweep+1","Riddle With Holes+1","Malaise+1","Backstab","Noxious Fumes+1","Footwork+1","Die Die Die","Infinite Blades","Bullet Time","Backflip","Leg Sweep+1","Calculated Gamble+1","Heel Hook+1","Noxious Fumes+1","Sucker Punch+1","Catalyst+1","Escape Plan","Night Terror","Concentrate+1","PiercingWail+1","Footwork+1","Bouncing Flask+1"],"max_hp_per_floor":[70,70,70,70,70,70,70,70,70,70,70,70,70,70,70,70,70,70,70,70,70,70,70,70,70,70,70,70,70,70,70,70,70,70,70,70,70,70,70,70,70,70,70,70,72,72,74,76,76,76],"relics":["Ring of the Snake","Mummified Hand","Art of War","Bird Faced Urn","Orrery","Paper Crane","Orichalcum","Dodecahedron","Du-Vu Doll","Happy Flower","Snecko Eye","War Paint","Tingsha","Bag of Preparation","Singing Bowl"],"card_choices":[{"not_picked":["Poisoned Stab","Deflect"],"picked":"Leg Sweep","floor":1},{"not_picked":["Cloak And Dagger","Distraction"],"picked":"Riddle With Holes","floor":2},{"not_picked":["PiercingWail","Dagger Throw"],"picked":"Malaise","floor":4},{"not_picked":["Tools of the Trade","Dagger Spray"],"picked":"Backstab","floor":7},{"not_picked":["Deadly Poison","Endless Agony"],"picked":"Noxious Fumes","floor":11},{"not_picked":["Blade Dance","Sucker Punch"],"picked":"Die Die Die","floor":13},{"not_picked":["Acrobatics","Dagger Spray"],"picked":"Infinite Blades","floor":14},{"not_picked":["Venomology","Storm of Steel"],"picked":"Bullet Time","floor":16},{"not_picked":["Flying Knee","Underhanded Strike"],"picked":"Backflip","floor":17},{"not_picked":["Storm of Steel","Dodge and Roll"],"picked":"Leg Sweep","floor":17},{"not_picked":["Poisoned Stab","Dodge and Roll"],"picked":"Calculated Gamble","floor":17},{"not_picked":["Expertise","Dagger Throw"],"picked":"Heel Hook","floor":18},{"not_picked":["Acrobatics","Dodge and Roll"],"picked":"Noxious Fumes","floor":23},{"not_picked":["Cloak And Dagger","Phantasmal Killer"],"picked":"Sucker Punch","floor":27},{"not_picked":["Calculated Gamble","Backflip"],"picked":"Catalyst","floor":28},{"not_picked":["Flying Knee","Heel Hook"],"picked":"Escape Plan","floor":31},{"not_picked":["Unload","Tactician"],"picked":"Night Terror","floor":33},{"not_picked":["Bane","Underhanded Strike"],"picked":"Concentrate","floor":36},{"not_picked":["Dagger Throw","Accuracy"],"picked":"PiercingWail","floor":37},{"not_picked":["Quick Slash","Crippling Poison"],"picked":"Footwork","floor":38}],"player_experience":474575,"potions_floor_usage":[7,18,22,37,50,50],"damage_taken":[{"damage":0,"enemies":"Cultist","floor":1,"turns":3},{"damage":0,"enemies":"2 Louse","floor":2,"turns":2},{"damage":0,"enemies":"Jaw Worm","floor":3,"turns":6},{"damage":0,"enemies":"2 Fungi Beasts","floor":4,"turns":4},{"damage":30,"enemies":"Gremlin Nob","floor":7,"turns":6},{"damage":2,"enemies":"Large Slime","floor":11,"turns":8},{"damage":8,"enemies":"3 Louse","floor":13,"turns":4},{"damage":0,"enemies":"Exordium Thugs","floor":14,"turns":4},{"damage":12,"enemies":"Hexaghost","floor":16,"turns":12},{"damage":18,"enemies":"2 Thieves","floor":18,"turns":4},{"damage":3,"enemies":"Chosen","floor":22,"turns":5},{"damage":1,"enemies":"Book of Stabbing","floor":23,"turns":8},{"damage":41,"enemies":"Gremlin Leader","floor":25,"turns":8},{"damage":0,"enemies":"Centurion and Healer","floor":27,"turns":7},{"damage":0,"enemies":"Slaver and Parasite","floor":28,"turns":7},{"damage":0,"enemies":"Snake Plant","floor":31,"turns":5},{"damage":15,"enemies":"Automaton","floor":33,"turns":11},{"damage":13,"enemies":"3 Darklings","floor":35,"turns":5},{"damage":1,"enemies":"3 Shapes","floor":36,"turns":4},{"damage":3,"enemies":"Maw","floor":37,"turns":6},{"damage":11,"enemies":"Sphere and 2 Shapes","floor":38,"turns":5},{"damage":10,"enemies":"Giant Head","floor":40,"turns":8},{"damage":9,"enemies":"2 Orb Walkers","floor":42,"turns":5},{"damage":0,"enemies":"4 Shapes","floor":45,"turns":6},{"damage":0,"enemies":"3 Darklings","floor":47,"turns":4},{"damage":0,"enemies":"Sphere and 2 Shapes","floor":48,"turns":5},{"damage":2,"enemies":"Donu and Deca","floor":50,"turns":9}],"event_choices":[{"event_name":"Scrap Ooze","player_choice":"success","floor":5,"damage_taken":3},{"event_name":"Shining Light","player_choice":"Ignored","floor":10,"damage_taken":0},{"event_name":"Addict","player_choice":"Obtained Relic","floor":19,"damage_taken":0},{"event_name":"Back to Basics","player_choice":"Simplicity","floor":21,"damage_taken":0}],"boss_relics":[{"not_picked":["Question Card","Calling Bell"],"picked":"Orrery"},{"not_picked":["Philosopher\u0027s Stone","Runic Pyramid"],"picked":"Snecko Eye"}],"potions_floor_spawned":[1,4,7,13,16,18,22,23,35,38,40,42,47],"seed_played":"-3106572985092466143","ascension_level":7,"is_trial":false}