{"path_per_floor":["M","?","M","?","T","R","M","R","T","M","$","E","M","M","R","B",null,"M","M","?","?","$","R","E","R","T","M","M","M","M","$","R","B",null,"M","M","$","?","M","R","M","R","T","M","M","$","?","M","R"],"character_chosen":"THE_SILENT","items_purchased":["Noxious Fumes","Deadly Poison","Paper Crane","Bottled Lightning"],"gold_per_floor":[110,110,125,125,125,125,135,135,160,170,8,37,55,66,66,143,143,162,177,377,377,128,128,162,162,189,202,220,236,253,153,153,226,226,246,258,258,258,269,269,285,285,285,297,312,56,56,76,76,76],"floor_reached":50,"campfire_rested":3,"playtime":3240,"current_hp_per_floor":[63,63,63,63,63,63,63,63,63,62,62,47,44,41,41,14,56,54,43,43,43,43,43,35,35,42,33,27,27,14,14,37,14,61,61,50,50,69,42,65,50,50,50,50,26,26,26,13,36,0],"items_purged":["Strike_G","Strike_G"],"gold":76,"score":772,"play_id":"a6ea37bd-4e46-421b-b906-36efa482ed34","local_time":"20180402171217","is_prod":false,"is_daily":false,"is_ascension_mode":true,"campfire_upgraded":6,"timestamp":1522678337,"path_taken":["M","?","M","?","?","R","?","R","T","M","$","E","M","M","R","BOSS","M","M","?","?","?","R","E","R","T","M","?","M","?","$","R","BOSS","M","M","$","?","M","R","M","R","T","M","M","$","?","M","R","BOSS"],"build_version":"2018-03-29v2","purchased_purges":2,"victory":false,"master_deck":["Defend_G","Defend_G","Defend_G","Defend_G","Survivor","Neutralize+1","AscendersBane","All Out Attack+1","PiercingWail","Deflect+1","Backstab","Noxious Fumes+1","Deadly Poison+1","Leg Sweep","Poisoned Stab","Footwork+1","Die Die Die","Backstab","Footwork","Adrenaline+1","Blur","Backflip","Adrenaline","Blade Dance+1","Malaise+1","Choke+1","Prepared+1","Outmaneuver"],"max_hp_per_floor":[70,70,70,70,70,70,70,70,70,70,70,70,70,70,70,70,70,70,70,70,70,70,70,70,70,77,77,77,77,77,77,77,77,77,77,77,77,77,77,77,77,77,77,77,77,77,77,77,77,77],"relics":["Ring of the Snake","Omamori","Prayer Wheel","Pen Nib","Sozu","Paper Crane","Art of War","Strawberry","Astrolabe","Shovel","Bottled Lightning"],"card_choices":[{"not_picked":["Terror","Flying Knee"],"picked":"All Out Attack","floor":1.0},{"not_picked":["Phantasmal Killer","Infinite Blades"],"picked":"PiercingWail","floor":3.0},{"not_picked":["Bane","Finisher"],"picked":"Deflect","floor":7.0},{"not_picked":["Catalyst","Setup"],"picked":"Backstab","floor":10.0},{"not_picked":["Crippling Poison","Flying Knee"],"picked":"Leg Sweep","floor":12.0},{"not_picked":["Underhanded Strike","Slice"],"picked":"Poisoned Stab","floor":13.0},{"not_picked":["All Out Attack","Backflip"],"picked":"Footwork","floor":14.0},{"not_picked":["Tools of the Trade","Grand Finale"],"picked":"Die Die Die","floor":16.0},{"not_picked":["Skewer","Acrobatics"],"picked":"Backstab","floor":19.0},{"not_picked":["Escape Plan","Reflex"],"picked":"Footwork","floor":26.0},{"not_picked":["Acrobatics","Quick Slash"],"picked":"Adrenaline","floor":27.0},{"not_picked":["Footwork","Dagger Throw"],"picked":"Blur","floor":29.0},{"not_picked":["Underhanded Strike","Outmaneuver"],"picked":"Backflip","floor":30.0},{"not_picked":["Venomology","Doppelganger"],"picked":"Adrenaline","floor":33.0},{"not_picked":["Underhanded Strike","Malaise"],"picked":"Prepared","floor":39.0},{"not_picked":["Dagger Throw","Sucker Punch"],"picked":"Outmaneuver","floor":41.0}],"player_experience":557522,"potions_floor_usage":[],"damage_taken":[{"damage":0.0,"enemies":"Jaw Worm","floor":1.0,"turns":5.0},{"damage":0.0,"enemies":"Cultist","floor":3.0,"turns":4.0},{"damage":0.0,"enemies":"Small Slimes","floor":7.0,"turns":4.0},{"damage":1.0,"enemies":"Blue Slaver","floor":10.0,"turns":4.0},{"damage":15.0,"enemies":"3 Sentries","floor":12.0,"turns":6.0},{"damage":3.0,"enemies":"Exordium Thugs","floor":13.0,"turns":5.0},{"damage":3.0,"enemies":"Looter","floor":14.0,"turns":2.0},{"damage":27.0,"enemies":"Slime Boss","floor":16.0,"turns":11.0},{"damage":2.0,"enemies":"Shell Parasite","floor":18.0,"turns":6.0},{"damage":11.0,"enemies":"2 Thieves","floor":19.0,"turns":4.0},{"damage":8.0,"enemies":"Book of Stabbing","floor":24.0,"turns":6.0},{"damage":9.0,"enemies":"Snecko","floor":27.0,"turns":6.0},{"damage":6.0,"enemies":"Chosen and Byrds","floor":28.0,"turns":8.0},{"damage":0.0,"enemies":"Centurion and Healer","floor":29.0,"turns":9.0},{"damage":13.0,"enemies":"Cultist and Chosen","floor":30.0,"turns":8.0},{"damage":23.0,"enemies":"Champ","floor":33.0,"turns":20.0},{"damage":0.0,"enemies":"3 Shapes","floor":35.0,"turns":9.0},{"damage":11.0,"enemies":"3 Darklings","floor":36.0,"turns":4.0},{"damage":27.0,"enemies":"Sphere and 2 Shapes","floor":39.0,"turns":8.0},{"damage":15.0,"enemies":"4 Shapes","floor":41.0,"turns":4.0},{"damage":0.0,"enemies":"Maw","floor":44.0,"turns":9.0},{"damage":24.0,"enemies":"3 Darklings","floor":45.0,"turns":5.0},{"damage":13.0,"enemies":"4 Shapes","floor":48.0,"turns":7.0},{"damage":41,"enemies":"Donu and Deca","floor":50,"turns":12}],"event_choices":[{"event_name":"Bonfire Elementals","player_choice":"BASIC","floor":2.0,"damage_taken":0.0},{"event_name":"Shining Light","player_choice":"Ignored","floor":4.0,"damage_taken":0.0},{"event_name":"The Joust","player_choice":"Bet on Owner","floor":20.0,"damage_taken":0.0},{"event_name":"Match and Keep!","player_choice":"0 cards matched","floor":21.0,"damage_taken":0.0},{"event_name":"Winding Halls","player_choice":"Writhe","floor":38.0,"damage_taken":0.0},{"event_name":"The Lab","player_choice":"Got Potions","floor":47.0,"damage_taken":0.0}],"boss_relics":[],"potions_floor_spawned":[1,10,12,16,24,28,30,39,41,45],"seed_played":"7309052239453834065","killed_by":"Donu and Deca","ascension_level":13,"is_trial":false}