{"path_per_floor":["M","M","$","M","M","R","?","?","T","R","?","M","M","?","R","B",null,"M","M","?","M","?","R","$","R","T","R","M","R","M","M","R","B",null,"M","M","$","?","M","R","?"],"character_chosen":"THE_SILENT","items_purchased":["Backflip","Footwork","Escape Plan"],"gold_per_floor":[110,125,30,44,54,54,54,54,54,54,54,72,88,88,88,186,186,206,225,225,239,239,239,89,89,116,116,129,129,141,153,153,257,257,268,278,278,278,296,296,296,296],"floor_reached":42,"campfire_rested":1,"playtime":2170,"current_hp_per_floor":[63,61,61,61,44,44,30,30,30,30,30,35,35,35,35,33,61,61,58,58,53,53,53,53,53,53,53,53,53,53,46,67,23,58,34,18,18,61,33,33,33,0],"items_purged":["Strike_G"],"gold":296,"score":546,"play_id":"6e0de89c-9ada-4893-ad5b-8a03c634efa1","local_time":"20180327174358","is_prod":false,"is_daily":false,"is_ascension_mode":true,"campfire_upgraded":8,"timestamp":1522161838,"path_taken":["M","M","$","M","M","R","?","?","T","R","?","?","M","?","R","BOSS","M","M","?","M","?","R","$","R","T","R","?","R","M","M","R","BOSS","M","M","$","?","?","R","?","M"],"build_version":"2018-03-22v2","purchased_purges":1,"victory":false,"master_deck":["Defend_G+1","Defend_G","Defend_G","Defend_G+1","Defend_G","Survivor+1","Footwork+1","Caltrops+1","Backflip+1","Footwork+1","A Thousand Cuts+1","Malaise+1","Crippling Poison+1","Dodge and Roll+1","Dash+1","Outmaneuver+1","Writhe","Adrenaline+1","Escape Plan","PiercingWail+1","Leg Sweep+1","A Thousand Cuts+1","Dodge and Roll+1","Deflect+1","Dodge and Roll+1"],"max_hp_per_floor":[70,70,70,70,70,70,70,70,70,70,70,70,70,70,70,70,70,70,70,70,70,70,70,70,70,70,70,70,70,70,70,70,70,70,70,70,70,61,61,61,61,61],"relics":["Ring of the Snake","Oddly Smooth Stone","War Paint","Astrolabe","Tingsha","Prayer Wheel","The Specimen"],"card_choices":[{"not_picked":["Leg Sweep","Blade Dance"],"picked":"Footwork","floor":1},{"not_picked":["Dagger Throw","Concentrate"],"picked":"Caltrops","floor":2},{"not_picked":["Die Die Die","Tactician"],"picked":"A Thousand Cuts","floor":16},{"not_picked":["Outmaneuver","Deadly Poison"],"picked":"Dash","floor":18},{"not_picked":["Blade Dance","Quick Slash"],"picked":"Outmaneuver","floor":19},{"not_picked":["Sucker Punch","Setup"],"picked":"Adrenaline","floor":21},{"not_picked":["Prepared","Sucker Punch"],"picked":"PiercingWail","floor":30},{"not_picked":["Quick Slash","Bane"],"picked":"Leg Sweep","floor":31},{"not_picked":["Tools of the Trade","Night Terror"],"picked":"A Thousand Cuts","floor":33},{"not_picked":["Dagger Throw","PiercingWail"],"picked":"Dodge and Roll","floor":35},{"not_picked":["Flying Knee","Heel Hook"],"picked":"Deflect","floor":36},{"not_picked":["All Out Attack","Endless Agony"],"picked":"Dodge and Roll","floor":39}],"player_experience":478249,"potions_floor_usage":[12,16,16,33,35,42,42],"damage_taken":[{"damage":0,"enemies":"2 Louse","floor":1,"turns":3},{"damage":2,"enemies":"Jaw Worm","floor":2,"turns":5},{"damage":0,"enemies":"Cultist","floor":4,"turns":5},{"damage":17,"enemies":"2 Fungi Beasts","floor":5,"turns":5},{"damage":10,"enemies":"Lots of Slimes","floor":12,"turns":6},{"damage":0,"enemies":"Large Slime","floor":13,"turns":7},{"damage":2,"enemies":"Slime Boss","floor":16,"turns":14},{"damage":0,"enemies":"Shell Parasite","floor":18,"turns":8},{"damage":3,"enemies":"Chosen","floor":19,"turns":10},{"damage":5,"enemies":"Snake Plant","floor":21,"turns":5},{"damage":0,"enemies":"Snecko","floor":28,"turns":7},{"damage":0,"enemies":"3 Cultists","floor":30,"turns":5},{"damage":7,"enemies":"Snake Plant","floor":31,"turns":6},{"damage":44,"enemies":"Automaton","floor":33,"turns":22},{"damage":24,"enemies":"3 Shapes","floor":35,"turns":5},{"damage":16,"enemies":"3 Darklings","floor":36,"turns":8},{"damage":28,"enemies":"4 Shapes","floor":39,"turns":11},{"damage":34,"enemies":"Sphere and 2 Shapes","floor":42,"turns":3}],"event_choices":[{"event_name":"Shining Light","player_choice":"Entered Light","floor":7,"damage_taken":0},{"event_name":"Upgrade Shrine","player_choice":"Upgraded","floor":8,"damage_taken":0},{"event_name":"Golden Wing","player_choice":"Ignored","floor":11,"damage_taken":0},{"event_name":"Bonfire Elementals","player_choice":"BASIC","floor":14,"damage_taken":0},{"event_name":"The Mausoleum","player_choice":"Yes","floor":20,"damage_taken":0},{"event_name":"Vampires","player_choice":"Ignored","floor":22,"damage_taken":0},{"event_name":"The Moai Head","player_choice":"Heal","floor":38,"damage_taken":0}],"boss_relics":[{"not_picked":["Lizard Tail","Snecko Eye"],"picked":"Astrolabe"},{"not_picked":["White Beast Statue","Pandora\u0027s Box"],"picked":"The Specimen"}],"potions_floor_spawned":[1,2,5,12,19,30,33,36],"seed_played":"460483542854988539","killed_by":"Sphere and 2 Shapes","ascension_level":8,"is_trial":false}