{"path_per_floor":["M","M","?","M","$","R","?","R","T","R","M","M","M","$","R","B",null,"M","?","$","M","M","R","T","$","T","M","R","?","?","M","R"],"character_chosen":"THE_SILENT","items_purchased":["Deadly Poison","Kunai","PiercingWail","Footwork"],"gold_per_floor":[365,378,378,397,322,322,322,322,347,347,362,372,388,339,339,413,413,432,432,129,149,167,167,191,156,179,198,198,123,123,143,143,143],"floor_reached":33,"campfire_rested":1,"playtime":1380,"current_hp_per_floor":[57,57,57,56,56,56,43,43,43,43,43,43,37,37,37,17,52,40,40,40,30,30,30,37,37,37,30,51,51,38,28,28,0],"items_purged":["Strike_G"],"gold":143,"score":391,"play_id":"d20dbc14-884d-4e7a-a882-a1735ceaa501","local_time":"20180404095459","is_prod":false,"is_daily":false,"is_ascension_mode":true,"campfire_upgraded":6,"timestamp":1522824899,"path_taken":["M","M","?","M","$","R","?","R","T","R","M","M","M","$","R","BOSS","M","?","$","M","?","R","?","?","T","M","R","?","?","M","R","BOSS"],"build_version":"2018-03-29v2","purchased_purges":3,"victory":false,"master_deck":["Defend_G","Defend_G","Defend_G","Defend_G","Defend_G","Strike_G","Strike_G+1","Strike_G","Survivor+1","Neutralize+1","AscendersBane","Blur+1","Dash+1","Caltrops+1","Catalyst+1","Poisoned Stab","Deadly Poison+1","After Image","PiercingWail","Infinite Blades+1","Footwork"],"max_hp_per_floor":[63,63,63,63,63,63,63,63,63,63,63,63,63,63,63,63,63,63,63,63,63,63,63,70,70,70,72,72,72,77,79,79,79],"relics":["Ring of the Snake","Bag of Marbles","Sozu","Kunai","Strawberry","Singing Bowl"],"card_choices":[{"not_picked":["Heel Hook","Catalyst"],"picked":"Blur","floor":1},{"not_picked":["PiercingWail","Terror"],"picked":"Dash","floor":2},{"not_picked":["Underhanded Strike","Dodge and Roll"],"picked":"Caltrops","floor":4},{"not_picked":["PiercingWail","Masterful Stab"],"picked":"Catalyst","floor":11},{"not_picked":["Predator","Setup"],"picked":"Poisoned Stab","floor":12},{"not_picked":["Grand Finale","Phantasmal Killer"],"picked":"After Image","floor":16},{"not_picked":["Deflect","Prepared"],"picked":"Infinite Blades","floor":22}],"player_experience":300211,"potions_floor_usage":[13,33],"damage_taken":[{"damage":6,"enemies":"Cultist","floor":1,"turns":4},{"damage":0,"enemies":"Jaw Worm","floor":2,"turns":7},{"damage":1,"enemies":"2 Louse","floor":4,"turns":4},{"damage":0,"enemies":"Blue Slaver","floor":11,"turns":4},{"damage":0,"enemies":"Large Slime","floor":12,"turns":7},{"damage":6,"enemies":"Exordium Thugs","floor":13,"turns":5},{"damage":20,"enemies":"The Guardian","floor":16,"turns":9},{"damage":12,"enemies":"3 Byrds","floor":18,"turns":3},{"damage":10,"enemies":"Spheric Guardian","floor":21,"turns":5},{"damage":0,"enemies":"Centurion and Healer","floor":22,"turns":8},{"damage":9,"enemies":"Snake Plant","floor":27,"turns":4},{"damage":12,"enemies":"Cultist and Chosen","floor":31,"turns":8},{"damage":43,"enemies":"Champ","floor":33,"turns":16}],"event_choices":[{"event_name":"Living Wall","player_choice":"Grow","floor":3,"damage_taken":0},{"event_name":"Shining Light","player_choice":"Entered Light","floor":7,"damage_taken":0},{"event_name":"The Mausoleum","player_choice":"No","floor":19,"damage_taken":0},{"event_name":"Beggar","player_choice":"Gave Gold","floor":29,"damage_taken":0},{"event_name":"Forgotten Altar","player_choice":"Shed Blood","floor":30,"damage_taken":0}],"boss_relics":[{"not_picked":["Pandora\u0027s Box","White Beast Statue"],"picked":"Sozu"}],"potions_floor_spawned":[1,2,4,12,21,22],"seed_played":"-7130864618485154099","killed_by":"Champ","ascension_level":13,"is_trial":false}