{"path_per_floor":["M","?","?","?","M","R","E","M","T","R","$","R","M","M","R","B",null,"M","?","$","?","?","R","$","?","T","$","M","M","?","M","R","B",null,"M","?","M","?","M","R","?","M","T","$","?","M","R","M","R","B"],"character_chosen":"THE_SILENT","items_purchased":["Shuriken","Infinite Blades","Noxious Fumes","Ancient Tea Set"],"gold_per_floor":[119,119,119,194,204,204,230,245,245,245,170,170,180,192,192,269,269,289,289,14,14,14,14,14,14,14,14,24,37,37,47,47,123,123,140,140,155,155,175,175,175,191,244,19,19,31,31,46,46,46],"floor_reached":51,"campfire_rested":3,"playtime":2934,"current_hp_per_floor":[63,56,56,45,45,45,36,36,36,36,36,36,36,34,34,22,58,43,43,43,30,30,30,30,30,30,30,34,31,15,2,24,15,60,54,54,51,51,20,42,42,29,29,29,48,48,48,48,70,41],"items_purged":["Strike_G"],"gold":46,"score":1073,"play_id":"26607c48-f51a-4904-b332-d7d753afb5ac","local_time":"20180404232229","is_prod":false,"is_daily":false,"is_ascension_mode":true,"campfire_upgraded":6,"timestamp":1522873349,"path_taken":["M","?","?","?","M","R","E","?","T","R","$","R","M","M","R","BOSS","M","?","$","?","?","R","$","?","T","$","?","M","?","M","R","BOSS","M","?","?","?","?","R","?","?","T","$","?","?","R","M","R","BOSS"],"build_version":"2018-03-29v2","purchased_purges":2,"victory":true,"master_deck":["Survivor","Neutralize+1","AscendersBane","Deadly Poison+1","Malaise+1","Adrenaline","Catalyst+1","Caltrops+1","Glass Knife","Cloak And Dagger","Endless Agony","Flying Knee","Acrobatics+1","Sucker Punch","Blur","Outmaneuver","Underhanded Strike","Dagger Throw","Deadly Poison","Infinite Blades","Malaise+1","Outmaneuver+1","Escape Plan","Deflect","Adrenaline","Acrobatics","Outmaneuver+1","Jack Of All Trades","Dash+1","Noxious Fumes","Writhe","Prepared+1","Well Laid Plans","Predator"],"max_hp_per_floor":[70,70,70,70,70,70,70,70,70,70,70,70,70,70,70,70,70,70,70,70,75,75,75,75,75,75,75,75,75,75,75,75,75,75,75,75,75,75,75,75,75,75,75,75,75,75,75,75,75,75],"relics":["Ring of the Snake","Oddly Smooth Stone","Lantern","Dodecahedron","Tingsha","Pandora\u0027s Box","Snake Skull","Shuriken","Toolbox","Nilry\u0027s Codex","Sozu","Dream Catcher","Ancient Tea Set"],"card_choices":[{"not_picked":["Acrobatics","Underhanded Strike"],"picked":"Deadly Poison","floor":1.0},{"not_picked":["Deadly Poison","Reflex"],"picked":"Malaise","floor":5.0},{"not_picked":["Slice","Backflip"],"picked":"Adrenaline","floor":7.0},{"not_picked":["Underhanded Strike","Flechettes"],"picked":"Catalyst","floor":8.0},{"not_picked":["Accuracy","Bane"],"picked":"Dagger Spray","floor":13.0},{"not_picked":["Deflect","Distraction"],"picked":"Caltrops","floor":14.0},{"not_picked":["Wraith Form","Corpse Explosion"],"picked":"Glass Knife","floor":16.0},{"not_picked":["Accuracy","Deflect"],"picked":"Deadly Poison","floor":18.0},{"not_picked":["Sucker Punch","Endless Agony"],"picked":"Outmaneuver","floor":28.0},{"not_picked":["Sucker Punch","Cloak And Dagger"],"picked":"Escape Plan","floor":29.0},{"not_picked":["Backstab","Burst"],"picked":"Deflect","floor":31.0},{"not_picked":["Tactician","Bullet Time"],"picked":"Adrenaline","floor":33.0},{"not_picked":["Flying Knee","Leg Sweep"],"picked":"Acrobatics","floor":35.0},{"not_picked":["Dagger Throw","Blade Dance"],"picked":"Outmaneuver","floor":37.0},{"not_picked":["Backstab","Acrobatics"],"picked":"Dash","floor":42},{"not_picked":["Setup","Accuracy"],"picked":"Prepared","floor":46},{"not_picked":["Masterful Stab","Prepared"],"picked":"Well Laid Plans","floor":48},{"not_picked":["Quick Slash","Skewer"],"picked":"Predator","floor":49}],"player_experience":304644,"potions_floor_usage":[50,50],"damage_taken":[{"damage":0.0,"enemies":"2 Louse","floor":1.0,"turns":3.0},{"damage":0.0,"enemies":"Small Slimes","floor":5.0,"turns":5.0},{"damage":9.0,"enemies":"3 Sentries","floor":7.0,"turns":10.0},{"damage":0.0,"enemies":"Cultist","floor":8.0,"turns":4.0},{"damage":0.0,"enemies":"Large Slime","floor":13.0,"turns":6.0},{"damage":2.0,"enemies":"Exordium Thugs","floor":14.0,"turns":6.0},{"damage":12.0,"enemies":"The Guardian","floor":16.0,"turns":9.0},{"damage":15.0,"enemies":"Shell Parasite","floor":18.0,"turns":4.0},{"damage":0.0,"enemies":"Spheric Guardian","floor":28.0,"turns":3.0},{"damage":3.0,"enemies":"3 Cultists","floor":29.0,"turns":4.0},{"damage":13.0,"enemies":"Cultist and Chosen","floor":31.0,"turns":5.0},{"damage":9.0,"enemies":"Champ","floor":33.0,"turns":13.0},{"damage":6.0,"enemies":"Orb Walker","floor":35.0,"turns":3.0},{"damage":3.0,"enemies":"3 Shapes","floor":37.0,"turns":4.0},{"damage":31.0,"enemies":"Sphere and 2 Shapes","floor":39.0,"turns":7.0},{"damage":13,"enemies":"Maw","floor":42,"turns":5},{"damage":0,"enemies":"4 Shapes","floor":46,"turns":5},{"damage":0,"enemies":"Sphere and 2 Shapes","floor":48,"turns":7},{"damage":29,"enemies":"Time Eater","floor":50,"turns":6}],"event_choices":[{"event_name":"Scrap Ooze","player_choice":"success","floor":2.0,"damage_taken":7.0},{"event_name":"The Lab","player_choice":"Got Potions","floor":3.0,"damage_taken":0.0},{"event_name":"World of Goop","player_choice":"Gather Gold","floor":4.0,"damage_taken":0.0},{"event_name":"Wheel of Change","player_choice":"Relic","floor":19.0,"damage_taken":0.0},{"event_name":"Forgotten Altar","player_choice":"Shed Blood","floor":21.0,"damage_taken":0.0},{"event_name":"Beggar","player_choice":"Ignored","floor":22.0,"damage_taken":0.0},{"event_name":"Duplicator","player_choice":"One dupe","floor":25.0,"damage_taken":0.0},{"event_name":"Cursed Tome","player_choice":"Obtained Book","floor":30.0,"damage_taken":0.0},{"event_name":"Tomb of Lord Red Mask","player_choice":"Ignored","floor":36.0,"damage_taken":0.0},{"event_name":"Match and Keep!","player_choice":"1 cards matched","floor":38.0,"damage_taken":0.0},{"event_name":"Purifier","player_choice":"One Purge","floor":41,"damage_taken":0},{"event_name":"Winding Halls","player_choice":"Writhe","floor":45,"damage_taken":0}],"boss_relics":[],"potions_floor_spawned":[7,8,13,29,33,35,46],"seed_played":"8816307435868825586","ascension_level":13,"is_trial":false}