{"path_per_floor":["M","$","M","?","?","R","?","R","T","$","M","M","$","M","R","B",null,"M","$","?","$","?","E","M","R","T","M","?","M","?","M","R","B",null,"M","?","?","T","$","R","E","$","T","M","M","M","$","M","R","B"],"character_chosen":"THE_SILENT","items_purchased":["Footwork","Noxious Fumes","Toxic Egg 2","Deadly Poison","Art of War","Bag of Preparation","Footwork"],"gold_per_floor":[113,44,55,305,305,305,329,329,355,70,82,101,4,24,24,99,129,144,144,69,69,69,102,116,116,142,159,159,169,169,186,186,265,265,279,331,331,331,179,179,208,208,256,268,288,299,14,24,24,24],"floor_reached":51,"campfire_rested":3,"playtime":2483,"current_hp_per_floor":[52,52,52,52,52,52,37,37,44,44,39,33,33,33,33,19,65,55,55,55,55,55,36,26,53,53,51,51,62,46,46,46,21,40,19,16,16,16,16,29,17,17,17,12,12,12,12,10,23,16],"items_purged":["Strike_G","Grand Finale"],"gold":24,"score":1222,"play_id":"edd7ee82-88ae-4536-97fd-d7697648cb98","local_time":"20180408220841","is_prod":false,"is_daily":false,"is_ascension_mode":true,"campfire_upgraded":4,"timestamp":1523214521,"path_taken":["M","$","M","?","?","R","?","R","T","$","M","M","$","M","R","BOSS","M","$","?","?","?","E","M","R","T","?","?","M","?","M","R","BOSS","M","?","?","?","$","R","E","?","T","?","M","M","$","M","R","BOSS"],"build_version":"2018-04-05v2","purchased_purges":3,"victory":true,"master_deck":["Defend_G","Defend_G","Defend_G","Defend_G","Survivor","Neutralize+1","AscendersBane","Caltrops+1","Footwork","Outmaneuver","Cloak And Dagger","Noxious Fumes+1","Backflip+1","Deadly Poison+1","Leg Sweep+1","After Image+1","Escape Plan+1","Catalyst+1","Decay","Adrenaline+1","Deflect+1","Calculated Gamble+1","Ghostly+1","Ghostly+1","Ghostly+1","Ghostly+1","Ghostly+1","Backflip+1","Doppelganger+1","Finisher+1","Setup+1","Catalyst+1","Prepared+1","Outmaneuver+1","Catalyst+1","Footwork","Footwork","Blur+1"],"max_hp_per_floor":[66,66,66,66,66,66,66,66,73,73,73,73,73,73,73,73,78,78,78,78,78,78,92,92,92,92,92,92,92,46,46,46,46,46,46,46,46,46,46,46,46,46,46,46,46,46,46,46,46,46],"relics":["White Beast Statue","Spirit Poop","Odd Mushroom","Strawberry","Toxic Egg 2","Tiny House","Mango","Dream Catcher","Astrolabe","The Specimen","Du-Vu Doll","Art of War","Ninja Scroll","Oddly Smooth Stone","Bag of Preparation"],"card_choices":[{"not_picked":["Burst","Cloak And Dagger"],"picked":"Caltrops","floor":1},{"not_picked":["Crippling Poison","Finisher"],"picked":"Outmaneuver","floor":3},{"not_picked":["Dagger Spray","Deflect"],"picked":"Cloak And Dagger","floor":7},{"not_picked":["Bouncing Flask","Dagger Spray"],"picked":"Backflip","floor":11},{"not_picked":["Caltrops","Outmaneuver"],"picked":"Leg Sweep","floor":14},{"not_picked":["Venomology","Wraith Form"],"picked":"After Image","floor":16},{"not_picked":["Slice","Distraction"],"picked":"Escape Plan","floor":17},{"not_picked":["Sucker Punch","Dagger Spray"],"picked":"Catalyst","floor":18},{"not_picked":["Bane","Riddle With Holes"],"picked":"Adrenaline","floor":23},{"not_picked":["Flechettes","Finisher"],"picked":"Deflect","floor":24},{"not_picked":["Bouncing Flask","Flying Knee"],"picked":"Calculated Gamble","floor":27},{"not_picked":["Blade Dance","Accuracy"],"picked":"Backflip","floor":31},{"not_picked":["Grand Finale","Bullet Time"],"picked":"Doppelganger","floor":33},{"not_picked":["Well Laid Plans","Choke"],"picked":"Catalyst","floor":35},{"not_picked":["Dagger Throw","Dodge and Roll"],"picked":"Prepared","floor":36},{"not_picked":["Caltrops","Backstab"],"picked":"Outmaneuver","floor":40},{"not_picked":["Expertise","Accuracy"],"picked":"Catalyst","floor":44},{"not_picked":["Dagger Throw","Underhanded Strike"],"picked":"Footwork","floor":46},{"not_picked":["Dodge and Roll","Backflip"],"picked":"Blur","floor":48}],"player_experience":324742,"potions_floor_usage":[7,18,23,23,23,29,29,33,33,35,36,46,48,50,50,50],"damage_taken":[{"damage":7,"enemies":"2 Louse","floor":1,"turns":4},{"damage":0,"enemies":"Cultist","floor":3,"turns":4},{"damage":15,"enemies":"The Mushroom Lair","floor":7,"turns":7},{"damage":5,"enemies":"Small Slimes","floor":11,"turns":4},{"damage":6,"enemies":"Red Slaver","floor":12,"turns":6},{"damage":0,"enemies":"Blue Slaver","floor":14,"turns":4},{"damage":14,"enemies":"The Guardian","floor":16,"turns":9},{"damage":10,"enemies":"Spheric Guardian","floor":18,"turns":5},{"damage":45,"enemies":"Slavers","floor":23,"turns":7},{"damage":10,"enemies":"3 Byrds","floor":24,"turns":6},{"damage":2,"enemies":"Snake Plant","floor":27,"turns":7},{"damage":1,"enemies":"Chosen and Byrds","floor":29,"turns":5},{"damage":0,"enemies":"3 Cultists","floor":31,"turns":7},{"damage":25,"enemies":"Collector","floor":33,"turns":11},{"damage":21,"enemies":"3 Darklings","floor":35,"turns":7},{"damage":3,"enemies":"Mysterious Sphere","floor":36,"turns":9},{"damage":12,"enemies":"Giant Head","floor":41,"turns":9},{"damage":5,"enemies":"3 Shapes","floor":44,"turns":4},{"damage":0,"enemies":"Maw","floor":45,"turns":5},{"damage":0,"enemies":"4 Shapes","floor":46,"turns":6},{"damage":2,"enemies":"Sphere and 2 Shapes","floor":48,"turns":7},{"damage":7,"enemies":"Time Eater","floor":50,"turns":7}],"event_choices":[{"event_name":"Golden Shrine","player_choice":"Desecrate","floor":4,"damage_taken":0},{"event_name":"Bonfire Elementals","player_choice":"CURSE","floor":5,"damage_taken":0},{"event_name":"Mushrooms","player_choice":"Fought Mushrooms","floor":7,"damage_taken":0},{"event_name":"Beggar","player_choice":"Gave Gold","floor":20,"damage_taken":0},{"event_name":"Forgotten Altar","player_choice":"Smashed Altar","floor":22,"damage_taken":0},{"event_name":"The Lab","player_choice":"Got Potions","floor":28,"damage_taken":0},{"event_name":"Ghosts","player_choice":"Became a Ghost","floor":30,"damage_taken":0},{"event_name":"Mysterious Sphere","player_choice":"Fight","floor":36,"damage_taken":0}],"boss_relics":[{"not_picked":["Black Star","Sozu"],"picked":"Tiny House"},{"not_picked":["Velvet Choker","Orrery"],"picked":"Astrolabe"}],"potions_floor_spawned":[1,3,7,11,12,14,16,18,23,24,27,29,31,33,35,36,41,44,45,46,48],"seed_played":"2497000472556399794","ascension_level":14,"is_trial":false}