{"path_per_floor":["M","M","?","M","?","R","E","R","T","$","M","?","R","M","R"],"character_chosen":"THE_SILENT","items_purchased":["Snake Skull","Crippling Poison"],"gold_per_floor":[119,137,137,151,151,151,180,180,207,16,36,36,36,52,52,52],"floor_reached":16,"campfire_rested":1,"playtime":592,"current_hp_per_floor":[70,70,58,58,58,58,20,20,20,20,15,15,36,31,31,0],"items_purged":[],"gold":52,"score":100,"play_id":"30e2dc1c-ff99-42bf-a973-ce0804ce3286","local_time":"20180409155806","is_prod":false,"is_daily":false,"is_ascension_mode":false,"campfire_upgraded":3,"timestamp":1523278686,"path_taken":["M","M","?","?","?","R","E","R","T","$","M","?","R","?","R","BOSS"],"build_version":"2018-04-05v2","purchased_purges":0,"victory":false,"master_deck":["Defend_G","Defend_G","Defend_G","Defend_G","Defend_G","Strike_G","Strike_G","Strike_G","Strike_G","Strike_G","Survivor","Neutralize+1","Outmaneuver","Dagger Throw","Backflip","Cloak And Dagger+1","Crippling Poison+1","Riddle With Holes+1","Flying Knee"],"max_hp_per_floor":[70,70,70,70,70,70,70,70,70,70,70,70,70,70,70,70],"relics":["Ring of the Snake","NeowsBlessing","Art of War","Question Card","Omamori","Snake Skull"],"card_choices":[{"not_picked":["Catalyst","Riddle With Holes"],"picked":"Outmaneuver","floor":1.0},{"not_picked":["Dagger Spray","Endless Agony"],"picked":"Dagger Throw","floor":2.0},{"not_picked":["Setup","Quick Slash"],"picked":"Backflip","floor":4.0},{"not_picked":["Storm of Steel","Doppelganger"],"picked":"Cloak And Dagger","floor":7.0},{"not_picked":["PiercingWail","Slice","Acrobatics"],"picked":"Riddle With Holes","floor":11},{"not_picked":["Cloak And Dagger","Outmaneuver","Finisher"],"picked":"Flying Knee","floor":14}],"player_experience":327637,"potions_floor_usage":[],"damage_taken":[{"damage":0.0,"enemies":"Jaw Worm","floor":1.0,"turns":1.0},{"damage":0.0,"enemies":"Cultist","floor":2.0,"turns":1.0},{"damage":0.0,"enemies":"2 Louse","floor":4.0,"turns":2.0},{"damage":38.0,"enemies":"Lagavulin","floor":7.0,"turns":11.0},{"damage":5,"enemies":"Exordium Wildlife","floor":11,"turns":7},{"damage":5,"enemies":"2 Fungi Beasts","floor":14,"turns":3},{"damage":31,"enemies":"Hexaghost","floor":16,"turns":11}],"event_choices":[{"event_name":"Scrap Ooze","player_choice":"success","floor":3.0,"damage_taken":12.0},{"event_name":"The Cleric","player_choice":"Leave","floor":5.0,"damage_taken":0.0},{"event_name":"Living Wall","player_choice":"Grow","floor":12,"damage_taken":0}],"boss_relics":[],"potions_floor_spawned":[1,4],"seed_played":"4","killed_by":"Hexaghost","ascension_level":0,"is_trial":false}