{"path_per_floor":["M","?","?","M","$","R","E","R","T","E","R","M","M","E","R","B",null,"M","?","$","?","M","R","E","R","T","R","M","?","?","$","R","B",null,"M","?","M","$","M","R","?","$","T","M","?","T","M","E","R","B"],"character_chosen":"THE_SILENT","items_purchased":["Noxious Fumes","Toxic Egg 2","PiercingWail","Distraction","Regen Potion"],"gold_per_floor":[109,109,259,276,201,201,232,232,259,286,286,299,310,336,336,414,414,433,383,94,94,113,113,139,139,139,139,152,152,152,13,13,90,90,101,101,112,112,124,124,124,24,81,93,93,93,109,136,136,136],"floor_reached":51,"campfire_rested":4,"playtime":3814,"current_hp_per_floor":[59,59,59,51,51,51,19,38,38,29,48,48,48,47,47,12,53,56,56,56,56,40,40,35,35,35,35,33,33,12,12,31,2,50,49,49,49,49,48,48,48,48,48,46,46,46,46,28,47,36],"items_purged":["Doubt","Strike_G"],"gold":136,"score":1153,"play_id":"15bc5e03-54f3-4552-9e0a-a433e723e262","local_time":"20180411113004","is_prod":false,"is_daily":false,"is_ascension_mode":true,"campfire_upgraded":6,"timestamp":1523435404,"path_taken":["M","?","?","M","$","R","E","R","T","E","R","M","M","E","R","BOSS","M","?","$","?","M","R","E","R","T","R","M","?","?","$","R","BOSS","M","?","M","$","M","R","?","$","T","M","?","?","M","E","R","BOSS"],"build_version":"2018-04-05v2","purchased_purges":5,"victory":true,"master_deck":["Defend_G","Defend_G","Defend_G","Defend_G","Defend_G","Strike_G","Strike_G","Strike_G","Strike_G","Neutralize+1","AscendersBane","Quick Slash+1","Die Die Die","Well Laid Plans+1","Cloak And Dagger+1","Infinite Blades","Footwork+1","Cloak And Dagger+1","Noxious Fumes+1","Blur+1","Escape Plan+1","PiercingWail+1","Distraction+1","Cloak And Dagger+1","Unload","Distraction+1","Noxious Fumes+1","Night Terror+1"],"max_hp_per_floor":[66,66,66,66,66,66,66,66,66,66,66,66,66,66,66,66,66,66,66,66,66,66,66,66,66,66,66,66,66,66,66,66,66,66,66,66,66,66,66,66,66,66,66,66,66,66,66,66,66,66],"relics":["Ring of the Snake","Happy Flower","Juzu Bracelet","Gambling Chip","Torii","Runic Dome","Toxic Egg 2","Bag of Preparation","Tingsha","Nilry\u0027s Codex","Sozu","Tiny Chest","Bird Faced Urn","Bottled Lightning"],"card_choices":[{"not_picked":["Dodge and Roll","Terror"],"picked":"Quick Slash","floor":4},{"not_picked":["Dagger Spray","Expertise"],"picked":"Die Die Die","floor":7},{"not_picked":["Concentrate","Sucker Punch"],"picked":"Well Laid Plans","floor":10},{"not_picked":["Choke","Riddle With Holes"],"picked":"Cloak And Dagger","floor":12},{"not_picked":["Dodge and Roll","Deflect"],"picked":"Infinite Blades","floor":13},{"not_picked":["Corpse Explosion","All Out Attack"],"picked":"Footwork","floor":14},{"not_picked":["Choke","Well Laid Plans"],"picked":"Cloak And Dagger","floor":18},{"not_picked":["Skewer","Outmaneuver"],"picked":"Blur","floor":22},{"not_picked":["Prepared","Underhanded Strike"],"picked":"Escape Plan","floor":28},{"not_picked":["Outmaneuver","Dodge and Roll"],"picked":"Cloak And Dagger","floor":35},{"not_picked":["Skewer","Dagger Spray"],"picked":"Distraction","floor":37},{"not_picked":["Reflex","Sucker Punch"],"picked":"Night Terror","floor":48}],"player_experience":346709,"potions_floor_usage":[10,14,16,16,18,33,50],"damage_taken":[{"damage":0,"enemies":"Small Slimes","floor":1,"turns":3},{"damage":8,"enemies":"Jaw Worm","floor":4,"turns":6},{"damage":32,"enemies":"3 Sentries","floor":7,"turns":12},{"damage":9,"enemies":"Gremlin Nob","floor":10,"turns":4},{"damage":0,"enemies":"2 Louse","floor":12,"turns":3},{"damage":0,"enemies":"2 Fungi Beasts","floor":13,"turns":2},{"damage":1,"enemies":"3 Sentries","floor":14,"turns":6},{"damage":35,"enemies":"Slime Boss","floor":16,"turns":14},{"damage":9,"enemies":"Shell Parasite","floor":18,"turns":7},{"damage":16,"enemies":"Chosen","floor":22,"turns":5},{"damage":5,"enemies":"Book of Stabbing","floor":24,"turns":8},{"damage":2,"enemies":"Slaver and Parasite","floor":28,"turns":6},{"damage":41,"enemies":"Automaton","floor":33,"turns":14},{"damage":1,"enemies":"3 Darklings","floor":35,"turns":5},{"damage":0,"enemies":"Orb Walker","floor":37,"turns":3},{"damage":1,"enemies":"Maw","floor":39,"turns":8},{"damage":2,"enemies":"4 Shapes","floor":44,"turns":5},{"damage":12,"enemies":"3 Darklings","floor":47,"turns":5},{"damage":28,"enemies":"Nemesis","floor":48,"turns":7},{"damage":29,"enemies":"Donu and Deca","floor":50,"turns":11}],"event_choices":[{"event_name":"Living Wall","player_choice":"Grow","floor":2,"damage_taken":0},{"event_name":"Liars Game","player_choice":"agreed","floor":3,"damage_taken":0},{"event_name":"The Joust","player_choice":"Bet on Murderer","floor":19,"damage_taken":0},{"event_name":"Vampires","player_choice":"Ignored","floor":21,"damage_taken":0},{"event_name":"Ghosts","player_choice":"Ignored","floor":29,"damage_taken":0},{"event_name":"Cursed Tome","player_choice":"Obtained Book","floor":30,"damage_taken":0},{"event_name":"Match and Keep!","player_choice":"1 cards matched","floor":36,"damage_taken":0},{"event_name":"Duplicator","player_choice":"One dupe","floor":45,"damage_taken":0}],"boss_relics":[{"not_picked":["Velvet Choker","Calling Bell"],"picked":"Runic Dome"},{"not_picked":["White Beast Statue","Snecko Eye"],"picked":"Sozu"}],"potions_floor_spawned":[1,12,13,14,16,18,33,35,39,48],"seed_played":"3424285031915040865","ascension_level":15,"is_trial":false}