{"path_per_floor":["M","?","$","?","$","R","E","M","T","M","E","M","R","M","R","B",null,"M","?","?","M","?","R","$","R","T","M","E","R","E","M","R","B",null,"M","M","?","M","$","?","R","?","T","M","M","?","E","M","R"],"character_chosen":"THE_SILENT","items_purchased":["Footwork","Molten Egg 2","Gremlin Horn"],"gold_per_floor":[109,284,209,209,140,140,173,192,192,206,244,260,260,276,276,397,397,418,418,333,347,347,347,103,103,129,144,175,175,219,244,244,365,365,389,403,403,418,165,165,165,165,188,202,216,216,260,285,285,285],"floor_reached":50,"campfire_rested":3,"playtime":2100,"current_hp_per_floor":[70,70,70,53,53,53,37,36,36,36,10,8,8,22,22,22,70,68,68,68,61,61,61,61,61,61,47,38,38,35,28,49,41,70,56,56,56,29,29,29,50,68,68,68,53,53,29,29,50,0],"items_purged":["Doubt"],"gold":285,"score":595,"play_id":"7d925e49-62b7-4eb7-adf3-8612a3a7e631","local_time":"20180411224251","is_prod":false,"is_daily":false,"chose_seed":false,"is_ascension_mode":false,"campfire_upgraded":6,"timestamp":1523475771,"path_taken":["M","?","$","?","$","R","E","M","T","M","E","M","R","M","R","BOSS","M","?","?","M","?","R","$","R","T","?","E","R","E","M","R","BOSS","M","?","?","M","$","?","R","?","T","M","M","?","E","M","R","BOSS"],"build_version":"2018-04-10","seed_source_timestamp":4933985185243,"purchased_purges":1,"victory":false,"master_deck":["Defend_G","Defend_G","Defend_G","Defend_G","Defend_G","Strike_G","Strike_G","Strike_G","Strike_G","Strike_G","Survivor","Neutralize+1","Predator+1","Footwork","Skewer+1","Leg Sweep","Dagger Spray","Glass Knife+1","Terror+1","Leg Sweep","Adrenaline","Deadly Poison+1","Injury","All Out Attack+1","Noxious Fumes+1","Well Laid Plans","Noxious Fumes","Phantasmal Killer","Panache","Backflip+1","Writhe","Parasite","Distraction+1","Burst","Dash+1","Wraith Form v2"],"max_hp_per_floor":[70,70,70,70,70,70,70,70,70,70,70,70,70,70,70,70,70,70,70,70,70,70,70,70,70,70,70,70,70,70,70,70,70,70,70,70,70,70,70,70,70,70,70,70,70,70,70,70,70,70],"relics":["Ring of the Snake","Golden Idol","Orichalcum","Ginger","Tough Bandages","Cursed Key","Question Card","Molten Egg 2","Bag of Marbles","Ninja Scroll","Oddly Smooth Stone","Sozu","Gremlin Horn","Pen Nib","Dream Catcher"],"card_choices":[{"not_picked":["PiercingWail","Reflex"],"picked":"Predator","floor":1.0},{"not_picked":["Flechettes","Quick Slash"],"picked":"Skewer","floor":7.0},{"not_picked":["Blade Dance","Deadly Poison"],"picked":"Leg Sweep","floor":8.0},{"not_picked":["Crippling Poison","Predator"],"picked":"Dagger Spray","floor":10.0},{"not_picked":["Sucker Punch","Poisoned Stab"],"picked":"Glass Knife","floor":11.0},{"not_picked":["Sucker Punch","Predator"],"picked":"Terror","floor":12.0},{"not_picked":["Dagger Throw","Dagger Spray"],"picked":"Leg Sweep","floor":14.0},{"not_picked":["Venomology","Glass Knife"],"picked":"Adrenaline","floor":16.0},{"not_picked":["Bouncing Flask","Leg Sweep","Poisoned Stab"],"picked":"Deadly Poison","floor":21.0},{"not_picked":["Flechettes","Finisher","Dagger Spray"],"picked":"All Out Attack","floor":27.0},{"not_picked":["Leg Sweep","Deadly Poison","Backflip"],"picked":"Noxious Fumes","floor":28.0},{"not_picked":["Predator","Calculated Gamble","Acrobatics"],"picked":"Well Laid Plans","floor":30.0},{"not_picked":["Infinite Blades","Outmaneuver","Calculated Gamble"],"picked":"Noxious Fumes","floor":31.0},{"not_picked":["Night Terror","Glass Knife","Venomology"],"picked":"Phantasmal Killer","floor":33},{"not_picked":["Trip","Dramatic Entrance","Mind Blast"],"picked":"Panache","floor":37},{"not_picked":["Quick Slash","Dagger Throw","Deadly Poison"],"picked":"Backflip","floor":38},{"not_picked":["Crippling Poison","Terror","Finisher"],"picked":"Distraction","floor":45},{"not_picked":["Caltrops","Underhanded Strike","Footwork"],"picked":"Burst","floor":47},{"not_picked":["Leg Sweep","Well Laid Plans","Distraction"],"picked":"Dash","floor":48},{"not_picked":["Dagger Throw","Flying Knee","Dagger Spray"],"picked":"Wraith Form v2","floor":49}],"player_experience":442,"potions_floor_usage":[33,35,50],"damage_taken":[{"damage":0.0,"enemies":"2 Louse","floor":1.0,"turns":3.0},{"damage":16.0,"enemies":"3 Sentries","floor":7.0,"turns":8.0},{"damage":1.0,"enemies":"Jaw Worm","floor":8.0,"turns":4.0},{"damage":0.0,"enemies":"Small Slimes","floor":10.0,"turns":2.0},{"damage":26.0,"enemies":"Gremlin Nob","floor":11.0,"turns":5.0},{"damage":2.0,"enemies":"2 Fungi Beasts","floor":12.0,"turns":3.0},{"damage":1.0,"enemies":"3 Louse","floor":14.0,"turns":6.0},{"damage":0.0,"enemies":"Hexaghost","floor":16.0,"turns":9.0},{"damage":2.0,"enemies":"Chosen","floor":18.0,"turns":3.0},{"damage":7.0,"enemies":"2 Thieves","floor":21.0,"turns":3.0},{"damage":14.0,"enemies":"Sentry and Sphere","floor":27.0,"turns":4.0},{"damage":9.0,"enemies":"Book of Stabbing","floor":28.0,"turns":5.0},{"damage":3.0,"enemies":"Slavers","floor":30.0,"turns":4.0},{"damage":7.0,"enemies":"Cultist and Chosen","floor":31.0,"turns":3.0},{"damage":8,"enemies":"Champ","floor":33,"turns":8},{"damage":14,"enemies":"Flame Bruiser 1 Orb","floor":35,"turns":4},{"damage":0,"enemies":"3 Shapes","floor":36,"turns":2},{"damage":27,"enemies":"Sphere and 2 Shapes","floor":38,"turns":6},{"damage":0,"enemies":"4 Shapes","floor":44,"turns":7},{"damage":15,"enemies":"Maw","floor":45,"turns":5},{"damage":24,"enemies":"Nemesis","floor":47,"turns":3},{"damage":0,"enemies":"Flame Bruiser 2 Orb","floor":48,"turns":1},{"damage":53,"enemies":"Awakened One","floor":50,"turns":13}],"event_choices":[{"event_name":"Liars Game","player_choice":"agreed","floor":2.0,"damage_taken":0.0},{"event_name":"Golden Idol","player_choice":"Take Damage","floor":4.0,"damage_taken":0.0},{"event_name":"The Lab","player_choice":"Got Potions","floor":19.0,"damage_taken":0.0},{"event_name":"Addict","player_choice":"Obtained Relic","floor":20.0,"damage_taken":0.0},{"event_name":"Ghosts","player_choice":"Ignored","floor":22.0,"damage_taken":0.0},{"event_name":"SensoryStone","player_choice":"Memory 1","floor":37,"damage_taken":0},{"event_name":"SecretPortal","player_choice":"Rejected Portal.","floor":40,"damage_taken":0},{"event_name":"Winding Halls","player_choice":"Writhe","floor":42,"damage_taken":0},{"event_name":"Accursed Blacksmith","player_choice":"Ignore","floor":46,"damage_taken":0}],"boss_relics":[{"not_picked":["Orrery","Runic Pyramid"],"picked":"Sozu"}],"potions_floor_spawned":[10,12,14,21,27,33,44,45,47],"seed_played":"-5152506191138237839","killed_by":"Awakened One","ascension_level":0,"is_trial":false}