{"path_per_floor":["M","M","$","?","M","R","?","R","T","?","E","M","$","M","R","B",null,"M","?","?","?","$","R","E","R","T","M","M","R","$","M","R","B",null,"M","?","$","?","?","R","E","M","T","?","?","T","$","M","R"],"character_chosen":"THE_SILENT","items_purchased":["Noxious Fumes","Backflip","Finesse","Paper Crane"],"gold_per_floor":[118,135,58,58,74,74,74,74,74,74,101,112,15,29,29,103,103,90,90,40,130,30,30,64,64,89,106,124,124,124,134,134,211,211,227,257,13,13,13,13,42,57,80,80,80,80,80,95,95,95],"floor_reached":50,"campfire_rested":1,"playtime":2112,"current_hp_per_floor":[59,59,59,59,59,59,59,59,59,56,53,48,48,43,43,19,54,44,44,44,28,28,55,47,55,55,51,53,61,61,53,63,20,55,38,38,38,38,38,48,14,16,16,58,58,58,58,54,58,0],"items_purged":["Strike_G"],"gold":95,"score":823,"play_id":"538bd4b6-1679-4ac5-a29c-3cc0cd713b5b","local_time":"20180408155109","is_prod":false,"is_daily":false,"is_ascension_mode":true,"campfire_upgraded":8,"timestamp":1523191869,"path_taken":["M","M","$","?","?","R","?","R","T","?","E","M","$","M","R","BOSS","M","?","?","?","$","R","E","R","T","?","M","R","$","M","R","BOSS","M","?","$","?","?","R","E","M","T","?","?","?","$","M","R","BOSS"],"build_version":"2018-04-05v2","purchased_purges":1,"victory":false,"master_deck":["Defend_G+1","Defend_G+1","Defend_G+1","Defend_G+1","Strike_G+1","Strike_G+1","Neutralize+1","AscendersBane","Quick Slash","Noxious Fumes+1","Endless Agony+1","PiercingWail+1","Backflip+1","Leg Sweep+1","Adrenaline+1","Slice+1","Finesse+1","Sucker Punch+1","Backflip","PiercingWail","Adrenaline+1","Venomology+1","Unload+1","Storm of Steel+1","Grand Finale+1","Dash","Normality","Trip+1","Backstab+1","Poisoned Stab+1"],"max_hp_per_floor":[66,66,66,66,66,66,66,66,66,66,66,66,66,66,66,66,66,66,66,66,66,66,66,66,66,66,66,66,66,66,66,66,66,66,66,66,66,66,66,66,66,66,66,58,58,58,58,58,58,58],"relics":["Ring of the Snake","NeowsBlessing","Mummified Hand","Bronze Scales","Ancient Tea Set","Eternal Feather","Bird Faced Urn","War Paint","Astrolabe","Tiny Chest","Paper Crane","Pen Nib","Dream Catcher","Meat on the Bone","Ginger"],"card_choices":[{"not_picked":["Prepared","Concentrate"],"picked":"Quick Slash","floor":1.0},{"not_picked":["Crippling Poison","Sucker Punch"],"picked":"Dagger Spray","floor":5.0},{"not_picked":["Finisher","Accuracy"],"picked":"PiercingWail","floor":12.0},{"not_picked":["Grand Finale","Masterful Stab"],"picked":"Leg Sweep","floor":14.0},{"not_picked":["Glass Knife","Storm of Steel"],"picked":"Adrenaline","floor":16.0},{"not_picked":["Bane","Terror"],"picked":"Slice","floor":18.0},{"not_picked":["Quick Slash","Riddle With Holes"],"picked":"Sucker Punch","floor":24.0},{"not_picked":["Finisher","Slice"],"picked":"Backflip","floor":27.0},{"not_picked":["Quick Slash","Dagger Throw"],"picked":"PiercingWail","floor":28.0},{"not_picked":["Flying Knee","Reflex"],"picked":"Adrenaline","floor":31.0},{"not_picked":["Doppelganger","Grand Finale"],"picked":"Venomology","floor":33.0},{"not_picked":["Accuracy","Deadly Poison"],"picked":"Dash","floor":35.0},{"not_picked":["Secret Weapon","Panacea"],"picked":"Trip","floor":39},{"not_picked":["Underhanded Strike","Dodge and Roll"],"picked":"Backstab","floor":41},{"not_picked":["Flechettes","Prepared"],"picked":"Poisoned Stab","floor":48}],"player_experience":319819,"potions_floor_usage":[41,41,48,48,50,50],"damage_taken":[{"damage":0.0,"enemies":"2 Louse","floor":1.0,"turns":1.0},{"damage":0.0,"enemies":"Jaw Worm","floor":2.0,"turns":1.0},{"damage":0.0,"enemies":"Cultist","floor":5.0,"turns":1.0},{"damage":3.0,"enemies":"3 Sentries","floor":11.0,"turns":5.0},{"damage":5.0,"enemies":"Large Slime","floor":12.0,"turns":7.0},{"damage":5.0,"enemies":"Exordium Thugs","floor":14.0,"turns":4.0},{"damage":24.0,"enemies":"Slime Boss","floor":16.0,"turns":13.0},{"damage":10.0,"enemies":"2 Thieves","floor":18.0,"turns":4.0},{"damage":8.0,"enemies":"Slavers","floor":24.0,"turns":8.0},{"damage":6.0,"enemies":"3 Byrds","floor":27.0,"turns":3.0},{"damage":0.0,"enemies":"Centurion and Healer","floor":28.0,"turns":7.0},{"damage":10.0,"enemies":"Snecko","floor":31.0,"turns":8.0},{"damage":45.0,"enemies":"Collector","floor":33.0,"turns":15.0},{"damage":31.0,"enemies":"3 Darklings","floor":35.0,"turns":12.0},{"damage":36,"enemies":"2 Orb Walkers","floor":41,"turns":6},{"damage":0,"enemies":"Orb Walker","floor":42,"turns":2},{"damage":5,"enemies":"3 Darklings","floor":48,"turns":4},{"damage":60,"enemies":"Awakened One","floor":50,"turns":13}],"event_choices":[{"event_name":"Living Wall","player_choice":"Grow","floor":4.0,"damage_taken":0.0},{"event_name":"Transmorgrifier","player_choice":"Transform","floor":7.0,"damage_taken":0.0},{"event_name":"Scrap Ooze","player_choice":"success","floor":10.0,"damage_taken":3.0},{"event_name":"Back to Basics","player_choice":"Simplicity","floor":19.0,"damage_taken":0.0},{"event_name":"The Joust","player_choice":"Bet on Murderer","floor":20.0,"damage_taken":0.0},{"event_name":"Knowing Skull","player_choice":"GOLD ","floor":21.0,"damage_taken":0.0},{"event_name":"Accursed Blacksmith","player_choice":"Rummage","floor":36.0,"damage_taken":0.0},{"event_name":"SensoryStone","player_choice":"Memory 1","floor":39,"damage_taken":0},{"event_name":"The Moai Head","player_choice":"Heal","floor":44,"damage_taken":0},{"event_name":"Wheel of Change","player_choice":"Relic","floor":45,"damage_taken":0}],"boss_relics":[],"potions_floor_spawned":[5,12,18,27,28,35,41],"seed_played":"5122046214536898748","killed_by":"Awakened One","ascension_level":14,"is_trial":false}