{"path_per_floor":["M","$","?","M","M","R","E","M","T","M","M","?","R","T","R","B",null,"M","?","M","M","$"],"character_chosen":"THE_SILENT","items_purchased":["Noxious Fumes","Noxious Fumes"],"gold_per_floor":[19,19,19,37,55,55,84,104,104,124,141,141,141,141,141,215,215,215,215,155,155,37,37],"floor_reached":23,"campfire_rested":0,"playtime":1127,"current_hp_per_floor":[57,57,57,57,57,57,44,42,42,37,24,24,24,24,24,19,54,42,42,31,26,26,0],"items_purged":[],"gold":37,"score":328,"play_id":"04809e6c-53ba-4ca4-8742-13f707f8ff5a","local_time":"20180407100414","is_prod":false,"is_daily":false,"is_ascension_mode":true,"campfire_upgraded":3,"timestamp":1523084654,"path_taken":["M","?","?","M","M","R","E","?","T","M","M","?","R","?","R","BOSS","M","?","?","M","$","E"],"build_version":"2018-04-05v2","purchased_purges":0,"victory":false,"master_deck":["Defend_G","Defend_G","Defend_G","Defend_G","Defend_G","Strike_G","Strike_G","Strike_G","Survivor","Neutralize+1","AscendersBane","Deadly Poison+1","Backflip","Flying Knee","Dash+1","Backflip","Blur","Tools of the Trade","Footwork","Caltrops","Noxious Fumes","Noxious Fumes"],"max_hp_per_floor":[66,66,66,66,66,66,66,66,66,66,66,66,66,66,66,66,66,66,66,66,66,66,66],"relics":["Ring of the Snake","Sundial","The Courier","Darkstone Periapt","Dream Catcher","Ectoplasm"],"card_choices":[{"not_picked":["Acrobatics","Prepared"],"picked":"Deadly Poison","floor":1.0},{"not_picked":["Poisoned Stab","Outmaneuver"],"picked":"Backflip","floor":4.0},{"not_picked":["Choke","Well Laid Plans"],"picked":"Flying Knee","floor":5.0},{"not_picked":["Deflect","Storm of Steel"],"picked":"Dash","floor":7.0},{"not_picked":["Cloak And Dagger","Acrobatics"],"picked":"Backflip","floor":8.0},{"not_picked":["Underhanded Strike","PiercingWail"],"picked":"Blur","floor":10.0},{"not_picked":["Tactician","Phantasmal Killer"],"picked":"Tools of the Trade","floor":16.0},{"not_picked":["Flying Knee","Deadly Poison"],"picked":"Footwork","floor":18.0},{"not_picked":["Accuracy","Flying Knee"],"picked":"Caltrops","floor":20.0}],"player_experience":314014,"potions_floor_usage":[23],"damage_taken":[{"damage":2.0,"enemies":"Cultist","floor":1.0,"turns":4.0},{"damage":0.0,"enemies":"Jaw Worm","floor":4.0,"turns":5.0},{"damage":0.0,"enemies":"2 Louse","floor":5.0,"turns":3.0},{"damage":13.0,"enemies":"Lagavulin","floor":7.0,"turns":8.0},{"damage":2.0,"enemies":"Exordium Thugs","floor":8.0,"turns":6.0},{"damage":5.0,"enemies":"2 Fungi Beasts","floor":10.0,"turns":3.0},{"damage":13.0,"enemies":"Lots of Slimes","floor":11.0,"turns":6.0},{"damage":5.0,"enemies":"The Guardian","floor":16.0,"turns":10.0},{"damage":12.0,"enemies":"Spheric Guardian","floor":18.0,"turns":6.0},{"damage":11.0,"enemies":"2 Thieves","floor":20.0,"turns":4.0},{"damage":5.0,"enemies":"Snecko","floor":21.0,"turns":6.0},{"damage":32,"enemies":"Gremlin Leader","floor":23,"turns":7}],"event_choices":[{"event_name":"Purifier","player_choice":"One Purge","floor":3.0,"damage_taken":0.0},{"event_name":"Wheel of Change","player_choice":"Card Removal","floor":12.0,"damage_taken":0.0},{"event_name":"The Mausoleum","player_choice":"No","floor":19.0,"damage_taken":0.0}],"boss_relics":[],"potions_floor_spawned":[4,7,8,18],"seed_played":"-7688845301045928360","killed_by":"Gremlin Leader","ascension_level":14,"is_trial":false}