{"path_per_floor":["M","?","$","M","?","R","E","R","T","$","R","M","R","$","R","B",null,"M","?","$","?","?","R","E","M","T","R","$","M","R","?","R","B",null,"M","?","M","?","M","R","$","R","T","M","$","$","R","M","R"],"character_chosen":"THE_SILENT","items_purchased":["Die Die Die","Glass Knife","Footwork","Deadly Poison","Footwork","Noxious Fumes","Backflip"],"gold_per_floor":[110,185,114,131,131,131,175,175,227,86,86,102,102,76,76,170,170,170,170,170,170,170,170,170,170,170,170,132,132,132,132,132,132,132,132,132,132,132,132,132,19,19,19,19,19,19,19,19,19,19],"floor_reached":50,"campfire_rested":2,"playtime":2102,"current_hp_per_floor":[59,48,48,48,48,48,22,22,22,22,22,22,22,22,22,5,46,46,46,46,46,46,46,38,37,37,37,37,27,27,33,52,10,52,52,32,12,54,25,41,41,41,41,41,41,41,41,26,26,0],"items_purged":[],"gold":19,"score":791,"play_id":"20dbe020-68b6-4285-81fa-fded7a47b1de","local_time":"20180415215909","is_prod":false,"is_daily":false,"chose_seed":false,"is_ascension_mode":true,"campfire_upgraded":11,"timestamp":1523818749,"path_taken":["M","?","$","?","?","R","E","R","T","?","R","M","R","$","R","BOSS","M","?","$","?","?","R","E","M","T","R","$","M","R","?","R","BOSS","M","?","M","?","M","R","$","R","T","M","?","$","R","M","R","BOSS"],"build_version":"2018-04-12","seed_source_timestamp":0,"purchased_purges":0,"victory":false,"master_deck":["Defend_G","Defend_G","Defend_G","Defend_G","Defend_G","Strike_G","Strike_G","Strike_G","Strike_G","Survivor","Neutralize+1","AscendersBane","Clumsy","Outmaneuver","Die Die Die+1","PiercingWail","Bouncing Flask+1","Glass Knife+1","Footwork+1","Escape Plan","Deadly Poison+1","Venomology+1","Deflect","Footwork+1","Normality","Dodge and Roll+1","Endless Agony+1","Noxious Fumes+1","Backflip+1","Catalyst+1"],"max_hp_per_floor":[66,66,66,66,60,60,60,60,60,60,60,60,60,60,60,60,60,60,60,60,60,60,60,60,60,60,60,60,60,60,66,66,66,66,66,66,66,54,54,54,54,54,54,54,54,54,54,54,54,54],"relics":["Ring of the Snake","Dead Branch","Bloody Idol","Pen Nib","Juzu Bracelet","Ectoplasm","Gremlin Horn","Darkstone Periapt","Snake Skull","Runic Dome","Tingsha","Art of War"],"card_choices":[{"not_picked":["Riddle With Holes","Bane"],"picked":"Outmaneuver","floor":1.0},{"not_picked":["Dagger Spray","Sucker Punch"],"picked":"PiercingWail","floor":4.0},{"not_picked":["Masterful Stab","Slice"],"picked":"Bouncing Flask","floor":7.0},{"not_picked":["Catalyst","Predator"],"picked":"Escape Plan","floor":12.0},{"not_picked":["Night Terror","Phantasmal Killer"],"picked":"Venomology","floor":16.0},{"not_picked":["Unload","Acrobatics"],"picked":"Deflect","floor":25.0},{"not_picked":["Poisoned Stab","Backflip"],"picked":"Dodge and Roll","floor":35},{"not_picked":["Skewer","Cloak And Dagger"],"picked":"Endless Agony","floor":36},{"not_picked":["Outmaneuver","Footwork"],"picked":"Catalyst","floor":48}],"player_experience":391104,"potions_floor_usage":[33,33,36,36,48,50,50],"damage_taken":[{"damage":0.0,"enemies":"Jaw Worm","floor":1.0,"turns":6.0},{"damage":0.0,"enemies":"2 Louse","floor":4.0,"turns":2.0},{"damage":26.0,"enemies":"Gremlin Nob","floor":7.0,"turns":4.0},{"damage":0.0,"enemies":"Cultist","floor":12.0,"turns":2.0},{"damage":17.0,"enemies":"Slime Boss","floor":16.0,"turns":11.0},{"damage":0.0,"enemies":"Spheric Guardian","floor":18.0,"turns":3.0},{"damage":8.0,"enemies":"Book of Stabbing","floor":24.0,"turns":7.0},{"damage":1.0,"enemies":"3 Byrds","floor":25.0,"turns":4.0},{"damage":10.0,"enemies":"3 Cultists","floor":29.0,"turns":4.0},{"damage":42,"enemies":"Champ","floor":33,"turns":14},{"damage":0,"enemies":"Orb Walker","floor":35,"turns":3},{"damage":20,"enemies":"Mysterious Sphere","floor":36,"turns":6},{"damage":20,"enemies":"3 Shapes","floor":37,"turns":7},{"damage":29,"enemies":"Maw","floor":39,"turns":6},{"damage":0,"enemies":"4 Shapes","floor":44,"turns":7},{"damage":15,"enemies":"Sphere and 2 Shapes","floor":48,"turns":5},{"damage":28,"enemies":"Time Eater","floor":50,"turns":3}],"event_choices":[{"event_name":"World of Goop","player_choice":"Gather Gold","floor":2.0,"damage_taken":0.0},{"event_name":"Golden Idol","player_choice":"Lose Max HP","floor":5.0,"damage_taken":0.0},{"event_name":"Wheel of Change","player_choice":"Card Removal","floor":19.0,"damage_taken":0.0},{"event_name":"Forgotten Altar","player_choice":"Gave Idol","floor":21.0,"damage_taken":0.0},{"event_name":"Vampires","player_choice":"Ignored","floor":22.0,"damage_taken":0.0},{"event_name":"Accursed Blacksmith","player_choice":"Rummage","floor":31.0,"damage_taken":0.0},{"event_name":"Mysterious Sphere","player_choice":"Fight","floor":36,"damage_taken":0},{"event_name":"The Moai Head","player_choice":"Heal","floor":38,"damage_taken":0}],"boss_relics":[{"not_picked":["Tiny House","Philosopher\u0027s Stone"],"picked":"Runic Dome"}],"potions_floor_spawned":[7,12,18,25,33,37,39,44,48],"seed_played":"-2076976692880751216","killed_by":"Time Eater","ascension_level":15,"is_trial":false}