{"path_per_floor":["M","?","?","M","$","R","M","M","T","$","M","M","M","E","R","B",null,"M","M","$","?","$","E","M","R","T","M","?","R","?","M","R","B",null,"M","$","?","M","?","R","M","R","T","R","M","M","E","?","R","B"],"character_chosen":"THE_SILENT","items_purchased":["Noxious Fumes","Noxious Fumes","Regen Potion","Expertise","PiercingWail"],"gold_per_floor":[114,114,114,128,128,128,143,157,157,157,169,182,193,221,221,299,299,315,302,224,224,104,132,148,148,171,181,181,181,181,192,192,269,269,284,80,80,96,0,0,14,14,62,62,76,91,119,119,119,119],"floor_reached":51,"campfire_rested":2,"playtime":2840,"current_hp_per_floor":[53,53,53,50,50,50,50,50,50,50,44,41,34,29,48,16,54,32,23,23,23,23,18,18,18,18,17,17,17,17,15,24,2,25,25,25,32,32,32,32,31,31,31,31,31,31,12,27,27,6],"items_purged":["Strike_G"],"gold":119,"score":1212,"play_id":"f5e933a6-67b5-4127-8331-c3d43f116fef","local_time":"20180409170000","is_prod":false,"is_daily":false,"is_ascension_mode":true,"campfire_upgraded":6,"timestamp":1523282400,"path_taken":["M","?","?","?","$","R","M","M","T","$","?","?","M","E","R","BOSS","M","M","$","?","$","E","M","R","T","?","?","R","?","?","R","BOSS","M","$","?","M","?","R","?","R","T","R","M","M","E","?","R","BOSS"],"build_version":"2018-04-05v2","purchased_purges":2,"victory":true,"master_deck":["Defend_G+1","Defend_G+1","Defend_G+1","Defend_G+1","Defend_G+1","Strike_G+1","Strike_G+1","Survivor","Neutralize+1","AscendersBane","Tools of the Trade","Dagger Throw","Deflect","PiercingWail","Malaise","Caltrops+1","Poisoned Stab","Caltrops","Backflip","Noxious Fumes+1","Noxious Fumes+1","After Image","Deadly Poison","Ghostly","Ghostly","Ghostly","Ghostly","Ghostly","Caltrops","Burst+1","Expertise","PiercingWail","Parasite","Acrobatics","Catalyst+1"],"max_hp_per_floor":[66,66,66,66,66,66,66,66,66,66,66,66,66,66,66,66,66,66,66,66,66,66,66,66,66,66,66,66,66,33,33,33,33,33,33,33,33,33,33,33,33,33,33,33,33,33,33,27,27,27],"relics":["Ring of the Snake","Happy Flower","Ginger","Thread and Needle","Cursed Key","Peace Pipe","Orichalcum","Sozu","Red Mask","Anchor","Bag of Preparation"],"card_choices":[{"not_picked":["Deflect","Skewer"],"picked":"Dagger Throw","floor":1},{"not_picked":["Dodge and Roll","Dagger Throw"],"picked":"Deflect","floor":4},{"not_picked":["Expertise","Bane"],"picked":"PiercingWail","floor":7},{"not_picked":["Sucker Punch","Eviscerate"],"picked":"Malaise","floor":8},{"not_picked":["Acrobatics","Grand Finale"],"picked":"Caltrops","floor":11},{"not_picked":["Dodge and Roll","Predator"],"picked":"Poisoned Stab","floor":12},{"not_picked":["Backflip","Endless Agony"],"picked":"Caltrops","floor":13},{"not_picked":["Dagger Spray","Quick Slash"],"picked":"Backflip","floor":18},{"not_picked":["Sucker Punch","Infinite Blades"],"picked":"After Image","floor":23},{"not_picked":["Poisoned Stab","Quick Slash"],"picked":"Deadly Poison","floor":24},{"not_picked":["Malaise","Dodge and Roll"],"picked":"Caltrops","floor":31},{"not_picked":["Wraith Form","Grand Finale"],"picked":"Burst","floor":33},{"not_picked":["Outmaneuver","Endless Agony"],"picked":"Acrobatics","floor":45},{"not_picked":["Sucker Punch","After Image"],"picked":"Catalyst","floor":46}],"player_experience":328940,"potions_floor_usage":[8,16,16,16,23,23,50,50],"damage_taken":[{"damage":6,"enemies":"2 Louse","floor":1,"turns":3},{"damage":3,"enemies":"Cultist","floor":4,"turns":4},{"damage":0,"enemies":"Jaw Worm","floor":7,"turns":3},{"damage":0,"enemies":"Looter","floor":8,"turns":4},{"damage":6,"enemies":"Lots of Slimes","floor":11,"turns":5},{"damage":3,"enemies":"3 Louse","floor":12,"turns":4},{"damage":7,"enemies":"Exordium Thugs","floor":13,"turns":6},{"damage":5,"enemies":"Lagavulin","floor":14,"turns":9},{"damage":32,"enemies":"Slime Boss","floor":16,"turns":14},{"damage":22,"enemies":"3 Byrds","floor":18,"turns":4},{"damage":9,"enemies":"2 Thieves","floor":19,"turns":4},{"damage":17,"enemies":"Slavers","floor":23,"turns":6},{"damage":0,"enemies":"Snake Plant","floor":24,"turns":5},{"damage":1,"enemies":"Centurion and Healer","floor":27,"turns":6},{"damage":2,"enemies":"Cultist and Chosen","floor":31,"turns":6},{"damage":22,"enemies":"Collector","floor":33,"turns":10},{"damage":0,"enemies":"3 Darklings","floor":35,"turns":7},{"damage":0,"enemies":"Orb Walker","floor":38,"turns":5},{"damage":1,"enemies":"4 Shapes","floor":41,"turns":7},{"damage":0,"enemies":"Sphere and 2 Shapes","floor":45,"turns":6},{"damage":0,"enemies":"Maw","floor":46,"turns":8},{"damage":19,"enemies":"2 Orb Walkers","floor":47,"turns":8},{"damage":21,"enemies":"Donu and Deca","floor":50,"turns":9}],"event_choices":[{"event_name":"Wheel of Change","player_choice":"Relic","floor":2,"damage_taken":0},{"event_name":"Bonfire Elementals","player_choice":"BASIC","floor":3,"damage_taken":0},{"event_name":"Back to Basics","player_choice":"Simplicity","floor":21,"damage_taken":0},{"event_name":"Fountain of Cleansing","player_choice":"Removed Curse","floor":28,"damage_taken":0},{"event_name":"Ghosts","player_choice":"Became a Ghost","floor":30,"damage_taken":0},{"event_name":"Winding Halls","player_choice":"Writhe","floor":37,"damage_taken":0},{"event_name":"Tomb of Lord Red Mask","player_choice":"Paid","floor":39,"damage_taken":0},{"event_name":"The Moai Head","player_choice":"Heal","floor":48,"damage_taken":0}],"boss_relics":[{"not_picked":["White Beast Statue","Calling Bell"],"picked":"Cursed Key"},{"not_picked":["Astrolabe","Tiny House"],"picked":"Sozu"}],"potions_floor_spawned":[7,11,13,14,18,24,27,31,41,45,46],"seed_played":"546690303224338761","ascension_level":15,"is_trial":false}