{"path_per_floor":["M","M","M","M","M","R","M","E","T","R","$","M","M","?","R"],"character_chosen":"THE_SILENT","items_purchased":["Malaise"],"gold_per_floor":[109,125,140,159,174,174,184,210,262,262,222,241,258,258,258,258],"floor_reached":16,"campfire_rested":1,"playtime":920,"current_hp_per_floor":[49,49,35,35,34,34,34,17,17,17,17,10,10,10,44,0],"items_purged":[],"gold":258,"score":186,"play_id":"b2799c4b-9613-4733-92e6-b58ef0fad0c9","local_time":"20180420092459","is_prod":false,"is_daily":false,"chose_seed":false,"is_ascension_mode":true,"campfire_upgraded":2,"timestamp":1524205499,"path_taken":["M","?","M","M","M","R","M","E","T","R","$","M","M","?","R","BOSS"],"build_version":"2018-04-19","seed_source_timestamp":662060761604919,"purchased_purges":0,"victory":false,"master_deck":["Defend_G","Defend_G","Defend_G","Defend_G","Defend_G","Strike_G","Strike_G","Strike_G","Strike_G","Strike_G","Survivor","Neutralize+1","AscendersBane","Poisoned Stab","Flying Knee","Die Die Die","Backflip","Deadly Poison+1","Venomology","Malaise","Caltrops","PiercingWail"],"max_hp_per_floor":[66,66,66,66,66,66,66,66,66,66,66,66,66,66,66,66],"relics":["Ring of the Snake","Regal Pillow","Oddly Smooth Stone"],"card_choices":[{"not_picked":["Dagger Throw","Deflect"],"picked":"Poisoned Stab","floor":1},{"not_picked":["Sucker Punch","Dodge and Roll"],"picked":"Flying Knee","floor":2},{"not_picked":["Blade Dance","Caltrops"],"picked":"Die Die Die","floor":3},{"not_picked":["Dagger Spray","Masterful Stab"],"picked":"Backflip","floor":5},{"not_picked":["Cloak And Dagger","Prepared"],"picked":"Deadly Poison","floor":7},{"not_picked":["Blade Dance","Underhanded Strike"],"picked":"Venomology","floor":8},{"not_picked":["Poisoned Stab","Acrobatics"],"picked":"Caltrops","floor":12},{"not_picked":["Slice","Accuracy"],"picked":"PiercingWail","floor":13}],"player_experience":417191,"potions_floor_usage":[7,8,12,16,16],"damage_taken":[{"damage":10,"enemies":"Cultist","floor":1,"turns":4},{"damage":0,"enemies":"2 Louse","floor":2,"turns":3},{"damage":14,"enemies":"Small Slimes","floor":3,"turns":4},{"damage":0,"enemies":"Blue Slaver","floor":4,"turns":4},{"damage":1,"enemies":"Exordium Thugs","floor":5,"turns":3},{"damage":0,"enemies":"Exordium Wildlife","floor":7,"turns":5},{"damage":17,"enemies":"3 Sentries","floor":8,"turns":8},{"damage":7,"enemies":"Large Slime","floor":12,"turns":8},{"damage":0,"enemies":"2 Fungi Beasts","floor":13,"turns":3},{"damage":53,"enemies":"Slime Boss","floor":16,"turns":10}],"event_choices":[{"event_name":"Scrap Ooze","player_choice":"unsuccessful","floor":14,"damage_taken":0}],"boss_relics":[],"potions_floor_spawned":[4,5,8],"seed_played":"-2968145880535324756","killed_by":"Slime Boss","ascension_level":15,"is_trial":false}