{"path_per_floor":["M","$","M","M","M","R","E","R","T","M","R","M","E","$","R","B",null,"M","$","M","$","?","R","M","R","T","?","?","M","M","M","R"],"character_chosen":"THE_SILENT","items_purchased":["Caltrops","Deadly Poison"],"gold_per_floor":[112,37,49,61,78,78,110,110,191,208,208,227,256,122,122,196,196,176,176,192,22,22,22,37,37,37,37,37,51,71,83,83,83],"floor_reached":33,"campfire_rested":2,"playtime":4445,"current_hp_per_floor":[58,58,58,58,58,58,13,13,13,21,40,40,43,43,43,27,56,48,48,35,35,35,35,33,43,43,43,34,42,41,14,36,0],"items_purged":["Strike_G","Strike_G","Strike_G"],"gold":83,"score":453,"play_id":"5ec20290-e4e6-4b24-8dab-1ce519750a95","local_time":"20180418102320","is_prod":false,"is_daily":false,"chose_seed":false,"is_ascension_mode":true,"campfire_upgraded":3,"timestamp":1524036200,"path_taken":["M","$","M","M","M","R","E","R","T","?","R","M","E","$","R","BOSS","M","$","M","$","?","R","M","R","T","?","?","M","M","M","R","BOSS"],"build_version":"2018-04-12","seed_source_timestamp":489239877374045,"purchased_purges":4,"victory":false,"master_deck":["Defend_G","Defend_G","Defend_G","Defend_G","Defend_G","Strike_G","Strike_G","Survivor","Neutralize+1","AscendersBane","PiercingWail","Flying Knee","Escape Plan","Malaise+1","Adrenaline","Flying Knee","Slice","Endless Agony","Caltrops","Die Die Die","Cloak And Dagger","Deadly Poison+1","Deadly Poison","Acrobatics","Blur+1","Deflect"],"max_hp_per_floor":[66,66,66,66,66,66,66,66,66,66,66,66,66,66,66,66,66,66,66,66,66,66,66,66,76,76,76,76,76,76,76,76,76],"relics":["Ring of the Snake","Happy Flower","Meat on the Bone","Ornamental Fan","Shovel","Art of War","Runic Dome","Pear","Mercury Hourglass"],"card_choices":[{"not_picked":["Bane","Quick Slash"],"picked":"PiercingWail","floor":1},{"not_picked":["Acrobatics","Deflect"],"picked":"Flying Knee","floor":3},{"not_picked":["Prepared","Infinite Blades"],"picked":"Escape Plan","floor":4},{"not_picked":["Dagger Throw","Bane"],"picked":"Malaise","floor":5},{"not_picked":["Eviscerate","Choke"],"picked":"Adrenaline","floor":7},{"not_picked":["Dagger Spray","Quick Slash"],"picked":"Flying Knee","floor":10},{"not_picked":["Accuracy","Crippling Poison"],"picked":"Slice","floor":12},{"not_picked":["Dagger Throw","Unload"],"picked":"Endless Agony","floor":13},{"not_picked":["Grand Finale","Phantasmal Killer"],"picked":"Die Die Die","floor":16},{"not_picked":["Dodge and Roll","Setup"],"picked":"Cloak And Dagger","floor":20},{"not_picked":["Dagger Throw","Deflect"],"picked":"Deadly Poison","floor":24},{"not_picked":["Accuracy","Underhanded Strike"],"picked":"Acrobatics","floor":29},{"not_picked":["Masterful Stab","Cloak And Dagger"],"picked":"Blur","floor":30},{"not_picked":["Dagger Throw","A Thousand Cuts"],"picked":"Deflect","floor":31}],"player_experience":401998,"potions_floor_usage":[7,33,33],"damage_taken":[{"damage":1,"enemies":"Cultist","floor":1,"turns":5},{"damage":0,"enemies":"Jaw Worm","floor":3,"turns":5},{"damage":0,"enemies":"Small Slimes","floor":4,"turns":5},{"damage":0,"enemies":"2 Fungi Beasts","floor":5,"turns":5},{"damage":45,"enemies":"Gremlin Nob","floor":7,"turns":8},{"damage":4,"enemies":"Exordium Thugs","floor":10,"turns":5},{"damage":0,"enemies":"Blue Slaver","floor":12,"turns":4},{"damage":9,"enemies":"3 Sentries","floor":13,"turns":10},{"damage":28,"enemies":"The Guardian","floor":16,"turns":18},{"damage":8,"enemies":"2 Thieves","floor":18,"turns":4},{"damage":13,"enemies":"Shell Parasite","floor":20,"turns":8},{"damage":14,"enemies":"Snecko","floor":24,"turns":6},{"damage":4,"enemies":"Snake Plant","floor":29,"turns":4},{"damage":13,"enemies":"Centurion and Healer","floor":30,"turns":8},{"damage":39,"enemies":"Cultist and Chosen","floor":31,"turns":8},{"damage":44,"enemies":"Automaton","floor":33,"turns":10}],"event_choices":[{"event_name":"Addict","player_choice":"Ignored","floor":22,"damage_taken":0},{"event_name":"Vampires","player_choice":"Ignored","floor":27,"damage_taken":0},{"event_name":"Knowing Skull","player_choice":"","floor":28,"damage_taken":0}],"boss_relics":[{"not_picked":["Orrery","Black Star"],"picked":"Runic Dome"}],"potions_floor_spawned":[3,5,7,10,13,18,24,29],"seed_played":"5896573482405318111","killed_by":"Automaton","ascension_level":15,"is_trial":false}