{"path_per_floor":["M","M","?","M","?","M","R","$","T","M","R","M","?","M","R","B",null,"M","?","M"],"character_chosen":"IRONCLAD","items_purchased":["Feel No Pain"],"gold_per_floor":[110,122,122,139,214,233,233,161,161,181,181,192,157,177,177,275,275,291,341,352],"floor_reached":21,"campfire_rested":1,"playtime":1807,"current_hp_per_floor":[80,67,67,72,61,52,76,76,76,73,73,66,80,77,77,24,80,74,74,46],"items_purged":[],"gold":352,"play_id":"685a6299-5645-40a4-a9b7-ef4a78d169ec","is_prod":false,"is_daily":false,"campfire_rituals":0,"campfire_upgraded":2,"is_hardmode":false,"path_taken":["M","M","?","M","?","M","R","$","T","?","R","M","?","M","R","BOSS","M","?","M","M"],"build_version":"2018-01-11-PROD2","purchased_purges":0,"victory":false,"master_deck":["Strike_R","Strike_R","Strike_R","Strike_R","Defend_R","Defend_R","Defend_R","Defend_R","Bash","Sword Boomerang","Blood for Blood","Warcry","Armaments","Feel No Pain","Barricade","Combust","Clothesline","Fiend Fire","Dual Wield","Body Slam"],"max_hp_per_floor":[80,80,80,80,80,80,80,80,80,80,80,80,80,80,80,80,80,80,80,80],"relics":["Black Blood","Orichalcum"],"campfire_meditates":0,"card_choices":[{"not_picked":["Anger","Flame Barrier"],"picked":"Sword Boomerang"},{"not_picked":["Iron Wave","Warcry"],"picked":"Blood for Blood"},{"not_picked":["True Grit","Fire Breathing"],"picked":"Warcry"},{"not_picked":["Perfected Strike","Disarm"],"picked":"Armaments"},{"not_picked":["Disarm","Anger"],"picked":"Barricade"},{"not_picked":["Disarm","Thunderclap"],"picked":"Combust"},{"not_picked":["Rupture","True Grit"],"picked":"Clothesline"},{"not_picked":["Barricade","Dark Embrace"],"picked":"Fiend Fire"},{"not_picked":["Rupture","Cleave"],"picked":"Dual Wield"},{"not_picked":["Dark Embrace","Disarm"],"picked":"Body Slam"}],"player_experience":0,"potions_floor_usage":[],"damage_taken":[{"damage":5,"enemies":"Small Slimes","floor":1,"turns":4},{"damage":19,"enemies":"Blue Slaver","floor":2,"turns":3},{"damage":1,"enemies":"Cultist","floor":4,"turns":3},{"damage":15,"enemies":"Exordium Wildlife","floor":6,"turns":3},{"damage":9,"enemies":"Looter","floor":10,"turns":4},{"damage":13,"enemies":"Red Slaver","floor":12,"turns":5},{"damage":9,"enemies":"Exordium Wildlife","floor":14,"turns":5},{"damage":59,"enemies":"The Guardian","floor":16,"turns":12},{"damage":16,"enemies":"Shell Parasite","floor":18,"turns":6},{"damage":38,"enemies":"Spheric Guardian","floor":20,"turns":6},{"damage":47,"enemies":"3 Cultists","floor":21,"turns":4}],"event_choices":[{"event_name":"Purifier","player_choice":"One Purge","floor":3,"damage_taken":0},{"event_name":"World of Goop","player_choice":"Gather Gold","floor":5,"damage_taken":0},{"event_name":"The Cleric","player_choice":"Healed","floor":13,"damage_taken":0},{"event_name":"The Joust","player_choice":"Bet on Murderer","floor":19,"damage_taken":0}],"boss_relics":[{"not_picked":["Ectoplasm","Runic Cube"],"picked":"Black Blood"}],"potions_floor_spawned":[4,6,12,14,20],"seed_played":"-6491688878099155501","killed_by":"3 Cultists","is_trial":false}