{"path_per_floor":["M","?","$","?","$","M","M","M","T","R","M","R","$","?","R","B",null,"M","?","M","$","?","R","M","R","T","M","R"],"character_chosen":"IRONCLAD","items_purchased":["Inflame","Iron Wave","Metallicize","Warcry","Infernal Blade","Armaments","Madness","Heavy Blade","Metallicize"],"gold_per_floor":[111,111,20,120,15,32,45,57,106,106,124,124,4,79,79,180,180,165,165,178,4,104,104,122,122,148,159,159],"floor_reached":29,"campfire_rested":6,"playtime":1476,"current_hp_per_floor":[72,69,69,69,69,61,60,39,39,63,32,56,56,45,69,29,80,51,51,26,26,26,50,38,62,62,33,57],"items_purged":[],"gold":159,"play_id":"23c3c27d-94dd-473f-9ceb-804fb7f98b11","is_prod":false,"is_daily":false,"campfire_rituals":0,"campfire_upgraded":0,"is_hardmode":false,"path_taken":["M","?","$","?","$","M","M","?","T","R","M","R","$","?","R","BOSS","M","?","M","?","?","R","M","R","T","M","R","E"],"build_version":"2018-01-11-PROD2","purchased_purges":0,"victory":false,"master_deck":["Strike_R","Strike_R","Strike_R","Strike_R","Strike_R","Defend_R","Defend_R","Defend_R","Defend_R","Bash","Cleave","Inflame","Iron Wave","Metallicize","Warcry","Shockwave","Spot Weakness","Whirlwind","Dual Wield","Feel No Pain","Warcry","Infernal Blade","Armaments","Fire Breathing","Demon Form","Anger","Flex","Madness","Heavy Blade","Metallicize","Fire Breathing","Sword Boomerang","Twin Strike","Rampage","Dual Wield"],"max_hp_per_floor":[80,80,80,80,80,80,80,80,80,80,80,80,80,80,80,80,80,80,80,80,80,80,80,80,80,80,80,80],"relics":["White Beast Statue","Dream Catcher","Bronze Scales","Sozu","Whetstone"],"campfire_meditates":0,"card_choices":[{"not_picked":["Twin Strike","Shockwave"],"picked":"Cleave"},{"not_picked":["Armaments","Hemokinesis"],"picked":"Shockwave"},{"not_picked":["Clash","Warcry"],"picked":"Spot Weakness"},{"not_picked":["Metallicize","Seeing Red"],"picked":"Whirlwind"},{"not_picked":["Reckless Charge","Thunderclap"],"picked":"Dual Wield"},{"not_picked":["Warcry","Fiend Fire"],"picked":"Feel No Pain"},{"not_picked":["Feel No Pain","Cleave"],"picked":"Warcry"},{"not_picked":["Clothesline","Headbutt"],"picked":"Fire Breathing"},{"not_picked":["Juggernaut","Bludgeon"],"picked":"Demon Form"},{"not_picked":["Body Slam","Shockwave"],"picked":"Anger"},{"not_picked":["Corruption","Warcry"],"picked":"Flex"},{"not_picked":["Rupture","Body Slam"],"picked":"Fire Breathing"},{"not_picked":["Second Wind","Body Slam"],"picked":"Sword Boomerang"},{"not_picked":["Clash","Warcry"],"picked":"Twin Strike"},{"not_picked":["Rupture","Spot Weakness"],"picked":"Rampage"},{"not_picked":["Hemokinesis","Iron Wave"],"picked":"Dual Wield"}],"player_experience":7039,"potions_floor_usage":[],"damage_taken":[{"damage":8,"enemies":"Jaw Worm","floor":1,"turns":5},{"damage":8,"enemies":"2 Louse","floor":6,"turns":3},{"damage":1,"enemies":"Cultist","floor":7,"turns":4},{"damage":21,"enemies":"Gremlin Gang","floor":8,"turns":3},{"damage":31,"enemies":"Exordium Thugs","floor":11,"turns":3},{"damage":46,"enemies":"Slime Boss","floor":16,"turns":10},{"damage":37,"enemies":"2 Thieves","floor":18,"turns":5},{"damage":25,"enemies":"Shell Parasite","floor":20,"turns":5},{"damage":12,"enemies":"Snecko","floor":24,"turns":6},{"damage":29,"enemies":"Centurion and Healer","floor":27,"turns":6},{"damage":60,"enemies":"Slavers","floor":29,"turns":4}],"event_choices":[{"event_name":"Scrap Ooze","player_choice":"success","floor":2,"damage_taken":3},{"event_name":"Golden Shrine","player_choice":"Pray","floor":4,"damage_taken":0},{"event_name":"World of Goop","player_choice":"Gather Gold","floor":14,"damage_taken":0},{"event_name":"Back to Basics","player_choice":"Simplicity","floor":19,"damage_taken":0},{"event_name":"Golden Shrine","player_choice":"Pray","floor":22,"damage_taken":0}],"boss_relics":[{"not_picked":["Calling Bell","Snecko Eye"],"picked":"Sozu"}],"potions_floor_spawned":[1,6,7,8,11,16,18,20,24,27],"seed_played":"6342048014544158547","killed_by":"Slavers","is_trial":false}