{"path_per_floor":["M","?","M","M","M","E","M","R","T","M","M","R","$","M","R","B",null,"M","$","M","?","?","R","M","R","T","R","T","M"],"character_chosen":"IRONCLAD","items_purchased":["Apotheosis","Body Slam","Feel No Pain"],"gold_per_floor":[110,110,125,142,162,197,211,211,211,222,239,239,26,38,38,143,143,154,75,90,90,15,15,25,25,25,25,51,70],"floor_reached":30,"campfire_rested":4,"playtime":1990,"current_hp_per_floor":[72,72,71,74,75,45,32,58,58,51,51,77,77,85,85,11,90,78,78,44,44,44,71,45,72,72,72,72,25],"items_purged":[],"gold":70,"play_id":"b500230b-1c02-4a08-886e-23e15a5d6bb0","is_prod":false,"is_daily":false,"campfire_rituals":0,"campfire_upgraded":2,"is_hardmode":false,"path_taken":["M","?","?","M","M","E","M","R","T","M","M","R","$","M","R","BOSS","M","$","M","?","?","R","M","R","T","R","?","M","M"],"build_version":"2018-01-11-PROD2","purchased_purges":0,"victory":false,"master_deck":["Strike_R","Strike_R","Strike_R","Strike_R","Strike_R","Defend_R","Defend_R","Defend_R","Defend_R","Bash","Rampage","Cleave","Thunderclap","Reaper","Dual Wield","Iron Wave","Perfected Strike","Feed","Apotheosis","Second Wind","Reaper","Flex","Feel No Pain","Inflame","Hemokinesis","Headbutt","Shockwave"],"max_hp_per_floor":[80,80,80,80,80,87,87,87,87,87,87,87,87,90,90,90,90,90,90,90,90,90,90,90,90,90,90,90,90],"relics":["Burning Blood","Torii","Strawberry","Calipers","Black Star","Thread and Needle","Oddly Smooth Stone"],"campfire_meditates":0,"card_choices":[{"not_picked":["Seeing Red","Twin Strike"],"picked":"Rampage"},{"not_picked":["Uppercut","Sword Boomerang"],"picked":"Cleave"},{"not_picked":["Uppercut","Pummel"],"picked":"Thunderclap"},{"not_picked":["Body Slam","Cleave"],"picked":"Reaper"},{"not_picked":["Thunderclap","Blood for Blood"],"picked":"Dual Wield"},{"not_picked":["Pommel Strike","Bloodletting"],"picked":"Iron Wave"},{"not_picked":["Blood for Blood","Thunderclap"],"picked":"Perfected Strike"},{"not_picked":["Shrug It Off","Clothesline"],"picked":"Feed"},{"not_picked":["Perfected Strike","Intimidate"],"picked":"Second Wind"},{"not_picked":["Fiend Fire","Feed"],"picked":"Reaper"},{"not_picked":["Body Slam","Disarm"],"picked":"Flex"},{"not_picked":["Cleave","Sword Boomerang"],"picked":"Inflame"},{"not_picked":["Perfected Strike","Armaments"],"picked":"Headbutt"},{"not_picked":["Intimidate","Thunderclap"],"picked":"Shockwave"}],"player_experience":2936,"potions_floor_usage":[],"damage_taken":[{"damage":14,"enemies":"Blue Slaver","floor":1,"turns":4},{"damage":7,"enemies":"2 Louse","floor":3,"turns":4},{"damage":3,"enemies":"Cultist","floor":4,"turns":3},{"damage":5,"enemies":"Lots of Slimes","floor":5,"turns":3},{"damage":51,"enemies":"3 Sentries","floor":6,"turns":5},{"damage":27,"enemies":"Exordium Wildlife","floor":7,"turns":4},{"damage":13,"enemies":"Looter","floor":10,"turns":3},{"damage":12,"enemies":"Large Slime","floor":11,"turns":7},{"damage":1,"enemies":"Exordium Wildlife","floor":14,"turns":3},{"damage":80,"enemies":"Hexaghost","floor":16,"turns":9},{"damage":24,"enemies":"Chosen","floor":18,"turns":7},{"damage":40,"enemies":"Spheric Guardian","floor":20,"turns":6},{"damage":50,"enemies":"Centurion and Healer","floor":24,"turns":8},{"damage":71,"enemies":"Slaver and Parasite","floor":29,"turns":10},{"damage":22,"enemies":"Sentry and Sphere","floor":30,"turns":4}],"event_choices":[{"event_name":"Big Fish","player_choice":"Box","floor":2,"damage_taken":0},{"event_name":"Transmorgrifier","player_choice":"Transform","floor":21,"damage_taken":0},{"event_name":"Beggar","player_choice":"Gave Gold","floor":22,"damage_taken":0}],"boss_relics":[{"not_picked":["Calling Bell","Question Card"],"picked":"Black Star"}],"potions_floor_spawned":[1,5,10,14,18,20,29],"seed_played":"-8546975064204749173","killed_by":"Sentry and Sphere","is_trial":false}