{"path_per_floor":["M","?","M","$","M","R","M","R","T","?","R","?","M","M","R","B",null,"M","?","?","$","M","R","E","R","T","M"],"character_chosen":"IRONCLAD","items_purchased":["Blood for Blood","Pommel Strike","Bandage Up","Headbutt","Cleave"],"gold_per_floor":[110,110,128,46,58,58,74,74,74,39,39,39,57,71,71,169,169,185,185,185,18,36,36,61,61,61,76],"floor_reached":28,"campfire_rested":2,"playtime":1316,"current_hp_per_floor":[79,79,67,67,67,67,60,60,60,80,80,80,78,52,76,26,80,68,68,68,68,64,64,20,44,44,5],"items_purged":[],"gold":76,"play_id":"d6149efd-6ed3-4373-bffb-b5957cd80ed9","is_prod":false,"is_daily":false,"campfire_rituals":0,"campfire_upgraded":4,"is_hardmode":false,"path_taken":["M","?","M","$","M","R","M","R","T","?","R","?","M","?","R","BOSS","M","?","?","$","M","R","E","R","T","M","M"],"build_version":"2018-01-18-PROD2","purchased_purges":0,"victory":false,"master_deck":["Strike_R","Strike_R","Strike_R","Strike_R","Strike_R","Defend_R","Defend_R","Defend_R","Defend_R","Uppercut","Power Through","Blood for Blood","Pommel Strike","Shrug It Off","Twin Strike","Demon Form","Armaments","Dual Wield","Dark Embrace","Perfected Strike","Cleave","Cleave","Fiend Fire","Flame Barrier","Heavy Blade","Demon Form","Bandage Up","Headbutt","Cleave","Feel No Pain","Flex","Inflame"],"max_hp_per_floor":[80,80,80,80,80,80,80,80,80,80,80,80,80,80,80,80,80,80,80,80,80,80,80,80,80,80,80],"relics":["Philosopher\u0027s Stone","Thread and Needle","Orrery","Bottled Flame","Toxic Egg"],"campfire_meditates":0,"card_choices":[{"not_picked":["Anger","Pommel Strike"],"picked":"Uppercut"},{"not_picked":["Heavy Blade","Clash"],"picked":"Power Through"},{"not_picked":["Intimidate","Flex"],"picked":"Shrug It Off"},{"not_picked":["Bloodletting","Power Through"],"picked":"Twin Strike"},{"not_picked":["Pommel Strike","Cleave"],"picked":"Armaments"},{"not_picked":["Clothesline","Twin Strike"],"picked":"Dual Wield"},{"not_picked":["Brutality","Berserk"],"picked":"Dark Embrace"},{"not_picked":["Thunderclap","Anger"],"picked":"Perfected Strike"},{"not_picked":["Reckless Charge","Uppercut"],"picked":"Cleave"},{"not_picked":["Twin Strike","Flex"],"picked":"Cleave"},{"not_picked":["Flex","Power Through"],"picked":"Fiend Fire"},{"not_picked":["Perfected Strike","Shrug It Off"],"picked":"Flame Barrier"},{"not_picked":["Body Slam","Cleave"],"picked":"Heavy Blade"},{"not_picked":["Shrug It Off","Pommel Strike"],"picked":"Feel No Pain"},{"not_picked":["Headbutt","Hemokinesis"],"picked":"Flex"},{"not_picked":["Rage","Headbutt"],"picked":"Inflame"}],"player_experience":13524,"potions_floor_usage":[],"damage_taken":[{"damage":1,"enemies":"Jaw Worm","floor":1,"turns":3},{"damage":12,"enemies":"Blue Slaver","floor":3,"turns":4},{"damage":0,"enemies":"Small Slimes","floor":5,"turns":2},{"damage":7,"enemies":"3 Louse","floor":7,"turns":3},{"damage":2,"enemies":"Looter","floor":13,"turns":3},{"damage":26,"enemies":"Gremlin Gang","floor":14,"turns":4},{"damage":50,"enemies":"Hexaghost","floor":16,"turns":8},{"damage":12,"enemies":"Spheric Guardian","floor":18,"turns":4},{"damage":4,"enemies":"Chosen","floor":22,"turns":4},{"damage":48,"enemies":"Book of Stabbing","floor":24,"turns":7},{"damage":39,"enemies":"Snake Plant","floor":27,"turns":4},{"damage":17,"enemies":"Centurion and Healer","floor":28,"turns":5}],"event_choices":[{"event_name":"The Lab","player_choice":"Got Potions","floor":2,"damage_taken":0},{"event_name":"The Cleric","player_choice":"Healed","floor":10,"damage_taken":0},{"event_name":"Transmorgrifier","player_choice":"Transform","floor":12,"damage_taken":0},{"event_name":"Duplicator","player_choice":"One dupe","floor":19,"damage_taken":0},{"event_name":"Back to Basics","player_choice":"Simplicity","floor":20,"damage_taken":0}],"boss_relics":[{"not_picked":["Runic Cube","Calling Bell"],"picked":"Orrery"}],"potions_floor_spawned":[3,13,14,16,24,27],"seed_played":"5809491532482646611","killed_by":"Centurion and Healer","is_trial":false}