{"path_per_floor":["M","$","M","M","?","R","M","$","T","M","$","R","M","M","R","B",null,"M","?","M","$","M","R","M","M","T","?"],"character_chosen":"IRONCLAD","items_purchased":["Armaments","Whirlwind","Metallicize","Flex","Sword Boomerang","Armaments","Metallicize","Armaments","Thunderclap"],"gold_per_floor":[112,18,37,48,148,148,131,39,64,81,10,10,23,34,34,136,136,155,155,166,17,37,37,50,61,108,108],"floor_reached":28,"campfire_rested":3,"playtime":1768,"current_hp_per_floor":[72,72,57,56,56,80,56,56,56,53,53,77,80,75,75,48,80,77,56,46,46,41,56,56,30,37,37],"items_purged":[],"gold":108,"play_id":"430c9544-b699-4533-a02c-f695271b44dc","is_prod":false,"is_daily":false,"is_ascension_mode":false,"campfire_upgraded":1,"path_taken":["M","$","M","M","?","R","M","$","T","M","?","R","M","M","R","BOSS","M","?","M","$","M","R","M","M","T","?","E"],"build_version":"2018-02-01-PROD3","purchased_purges":0,"victory":false,"master_deck":["Defend_R","Defend_R","Defend_R","Defend_R","Bash","Inflame","Armaments","Whirlwind","Flame Barrier","Clothesline","Metallicize","Metallicize+1","Flex","Shockwave","Sword Boomerang","Armaments","Perfected Strike","Whirlwind","Juggernaut","Iron Wave+1","Bite","Bite","Bite","Bite","Bite","Dual Wield","Metallicize","Armaments","Thunderclap","Armaments","Rage+1","Blood for Blood","Decay"],"max_hp_per_floor":[80,80,80,80,80,80,80,80,80,80,80,80,80,80,80,80,80,80,56,56,56,56,56,56,56,63,63],"relics":["Burning Blood","Orichalcum","Velvet Choker","Strawberry"],"card_choices":[{"not_picked":["Hemokinesis","Twin Strike"],"picked":"Inflame"},{"not_picked":["Iron Wave","Clothesline"],"picked":"Flame Barrier"},{"not_picked":["Rupture","Headbutt"],"picked":"Clothesline"},{"not_picked":["Dropkick","Whirlwind"],"picked":"Metallicize"},{"not_picked":["Anger","Burning Pact"],"picked":"Shockwave"},{"not_picked":["Uppercut","Headbutt"],"picked":"Perfected Strike"},{"not_picked":["Flex","True Grit"],"picked":"Whirlwind"},{"not_picked":["Bludgeon","Reaper"],"picked":"Juggernaut"},{"not_picked":["Uppercut","Anger"],"picked":"Iron Wave"},{"not_picked":["Anger","Uppercut"],"picked":"Dual Wield"},{"not_picked":["Pommel Strike","Uppercut"],"picked":"Armaments"},{"not_picked":["Flex","Hemokinesis"],"picked":"Rage"},{"not_picked":["Cleave","Flame Barrier"],"picked":"Blood for Blood"}],"player_experience":15685,"potions_floor_usage":[22],"damage_taken":[{"damage":14,"enemies":"Jaw Worm","floor":1,"turns":4},{"damage":21,"enemies":"Blue Slaver","floor":3,"turns":4},{"damage":7,"enemies":"Small Slimes","floor":4,"turns":2},{"damage":30,"enemies":"Exordium Thugs","floor":7,"turns":4},{"damage":9,"enemies":"3 Louse","floor":10,"turns":3},{"damage":1,"enemies":"2 Fungi Beasts","floor":13,"turns":3},{"damage":11,"enemies":"Large Slime","floor":14,"turns":7},{"damage":33,"enemies":"Slime Boss","floor":16,"turns":12},{"damage":9,"enemies":"Shell Parasite","floor":18,"turns":5},{"damage":18,"enemies":"Chosen","floor":20,"turns":6},{"damage":15,"enemies":"3 Cultists","floor":22,"turns":5},{"damage":2,"enemies":"Snake Plant","floor":24,"turns":6},{"damage":40,"enemies":"Centurion and Healer","floor":25,"turns":6},{"damage":49,"enemies":"Gremlin Leader","floor":28,"turns":6}],"event_choices":[{"event_name":"Wheel of Change","player_choice":"Gold","floor":5,"damage_taken":0},{"event_name":"Vampires","player_choice":"Became a vampire","floor":19,"damage_taken":0},{"event_name":"Forgotten Altar","player_choice":"Smashed Altar","floor":27,"damage_taken":0}],"boss_relics":[{"not_picked":["Ectoplasm","Runic Pyramid"],"picked":"Velvet Choker"}],"potions_floor_spawned":[1,3,16,18,24,25],"seed_played":"-8336856864222988024","killed_by":"Gremlin Leader","ascension_level":0,"is_trial":false}