{"path_per_floor":["M","?","$","M","M","?","M","R","T","M","M","?","R","M","R","B",null,"M"],"character_chosen":"IRONCLAD","items_purchased":["Dramatic Entrance"],"gold_per_floor":[119,119,24,38,54,229,249,249,249,262,274,274,274,294,294,422,422,440],"floor_reached":19,"campfire_rested":3,"playtime":1011,"current_hp_per_floor":[70,54,54,54,43,43,30,54,54,37,19,19,43,27,51,1,80,48],"items_purged":[],"gold":440,"play_id":"5d40f2cc-d24d-4525-96af-eec0352f0f73","is_prod":false,"is_daily":false,"is_ascension_mode":false,"campfire_upgraded":0,"path_taken":["M","?","$","?","M","?","M","R","T","M","M","?","R","M","R","BOSS","M","M"],"build_version":"2018-02-01-PROD3","purchased_purges":0,"victory":false,"master_deck":["Strike_R","Strike_R","Strike_R","Strike_R+1","Strike_R","Defend_R","Defend_R+1","Defend_R","Defend_R","Bash","Headbutt","Dramatic Entrance","Thunderclap","Searing Blow","Doubt","Demon Form","Dual Wield","Battle Trance","Injury","Dropkick","Reaper","Decay","Injury","Normality","Anger"],"max_hp_per_floor":[80,80,80,80,80,80,80,80,80,80,80,80,80,80,80,80,80,80],"relics":["Question Card","Ancient Tea Set","Golden Idol","Calling Bell","Dream Catcher","Mummified Hand","Prayer Wheel"],"card_choices":[{"not_picked":["Power Through","Heavy Blade","True Grit"],"picked":"Headbutt"},{"not_picked":["Perfected Strike","Armaments","Sever Soul"],"picked":"Thunderclap"},{"not_picked":["True Grit","Cleave","Thunderclap"],"picked":"Searing Blow"},{"not_picked":["Pommel Strike","Body Slam","True Grit"],"picked":"Demon Form"},{"not_picked":["Perfected Strike","True Grit","Cleave"],"picked":"Dual Wield"},{"not_picked":["Iron Wave","Headbutt","Second Wind"],"picked":"Battle Trance"},{"not_picked":["Warcry","Clash","Pommel Strike"],"picked":"Dropkick"},{"not_picked":["Feed","Juggernaut","Limit Break"],"picked":"Reaper"},{"not_picked":["True Grit","Rage","Battle Trance"],"picked":"Anger"}],"player_experience":17453,"potions_floor_usage":[],"damage_taken":[{"damage":10,"enemies":"Small Slimes","floor":1,"turns":4},{"damage":0,"enemies":"Cultist","floor":4,"turns":2},{"damage":11,"enemies":"Jaw Worm","floor":5,"turns":2},{"damage":13,"enemies":"Lots of Slimes","floor":7,"turns":3},{"damage":17,"enemies":"3 Louse","floor":10,"turns":4},{"damage":18,"enemies":"Exordium Wildlife","floor":11,"turns":3},{"damage":16,"enemies":"Red Slaver","floor":14,"turns":3},{"damage":50,"enemies":"Hexaghost","floor":16,"turns":9},{"damage":36,"enemies":"Chosen","floor":18,"turns":6},{"damage":50,"enemies":"Shell Parasite","floor":19,"turns":5}],"event_choices":[{"event_name":"Shining Light","player_choice":"Entered Light","floor":2,"damage_taken":0},{"event_name":"Liars Game","player_choice":"agreed","floor":6,"damage_taken":0},{"event_name":"Golden Idol","player_choice":"Take Wound","floor":12,"damage_taken":0}],"boss_relics":[{"not_picked":["Runic Cube","Lizard Tail"],"picked":"Calling Bell"}],"potions_floor_spawned":[1,7,18],"seed_played":"8895901356609626949","killed_by":"Shell Parasite","ascension_level":0,"is_trial":false}