{"path_per_floor":["M","M","$","M","M","E","?","?","T","?","M","T","R","$","R","B",null,"M","M","M"],"character_chosen":"IRONCLAD","items_purchased":["Transmutation","Oddly Smooth Stone","Inflame","Iron Wave"],"gold_per_floor":[218,233,25,40,56,81,81,111,189,189,207,230,230,0,0,125,125,111,124,140],"floor_reached":21,"campfire_rested":0,"playtime":1396,"current_hp_per_floor":[80,66,66,72,61,39,90,68,68,68,64,71,71,71,71,32,97,89,66,45],"items_purged":[],"gold":140,"play_id":"3a00edf8-28d4-44d5-af07-6af31d99fe55","is_prod":false,"is_daily":false,"is_ascension_mode":false,"campfire_upgraded":2,"path_taken":["M","M","$","M","M","E","?","?","T","?","M","?","R","?","R","BOSS","M","M","M","M"],"build_version":"2018-02-01-PROD3","purchased_purges":0,"victory":false,"master_deck":["Strike_R","Strike_R","Strike_R","Strike_R","Strike_R","Defend_R","Defend_R","Defend_R","Defend_R","Bash","Havoc+1","Heavy Blade","Perfected Strike","Headbutt","Offering","Flame Barrier","Injury","Power Through+1","Inflame","Iron Wave","Limit Break","Decay","Doubt","Decay","Evolve+1","Combust+1","Iron Wave+1"],"max_hp_per_floor":[80,80,80,80,80,80,90,90,90,90,90,97,97,97,97,97,97,97,97,97],"relics":["Burning Blood","Ice Cream","Odd Mushroom","Gremlin Horn","Golden Idol","Strawberry","Oddly Smooth Stone","Calling Bell","Meat on the Bone","Ancient Tea Set","Bronze Scales"],"card_choices":[{"not_picked":["Wild Strike","Iron Wave"],"picked":"Havoc"},{"not_picked":["Sever Soul","Pommel Strike"],"picked":"Heavy Blade"},{"not_picked":["Cleave","Second Wind"],"picked":"Perfected Strike"},{"not_picked":["Reckless Charge","Body Slam"],"picked":"Headbutt"},{"not_picked":["Heavy Blade","Clothesline"],"picked":"Offering"},{"not_picked":["Clothesline","Cleave"],"picked":"Flame Barrier"},{"not_picked":["Twin Strike","Body Slam"],"picked":"Power Through"},{"not_picked":["Exhume","Berserk"],"picked":"Limit Break"},{"not_picked":["Disarm","Headbutt"],"picked":"Evolve"},{"not_picked":["Cleave","Sword Boomerang"],"picked":"Combust"},{"not_picked":["Uppercut","Clothesline"],"picked":"Iron Wave"}],"player_experience":34478,"potions_floor_usage":[],"damage_taken":[{"damage":5,"enemies":"Cultist","floor":1,"turns":4},{"damage":20,"enemies":"Blue Slaver","floor":2,"turns":6},{"damage":0,"enemies":"Small Slimes","floor":4,"turns":3},{"damage":17,"enemies":"3 Louse","floor":5,"turns":3},{"damage":28,"enemies":"Gremlin Nob","floor":6,"turns":4},{"damage":28,"enemies":"The Mushroom Lair","floor":8,"turns":4},{"damage":10,"enemies":"Red Slaver","floor":11,"turns":3},{"damage":45,"enemies":"Hexaghost","floor":16,"turns":10},{"damage":14,"enemies":"2 Thieves","floor":18,"turns":4},{"damage":29,"enemies":"Shell Parasite","floor":19,"turns":8},{"damage":39,"enemies":"Snake Plant","floor":20,"turns":5},{"damage":50,"enemies":"3 Cultists","floor":21,"turns":5}],"event_choices":[{"event_name":"Bonfire Elementals","player_choice":"RARE","floor":7,"damage_taken":0},{"event_name":"Mushrooms","player_choice":"Fought Mushrooms","floor":8,"damage_taken":0},{"event_name":"Golden Idol","player_choice":"Take Wound","floor":10,"damage_taken":0}],"boss_relics":[{"not_picked":["Tiny House","Velvet Choker"],"picked":"Calling Bell"}],"potions_floor_spawned":[2,5,11,18,20],"seed_played":"-1293669835586139760","killed_by":"3 Cultists","ascension_level":0,"is_trial":false}