{"path_per_floor":["M","?","$","?","M","R","?","M","T","M","R","M","M","$","R","B",null,"M","?","?","M","M","R","?","M","T","?","R","M"],"character_chosen":"IRONCLAD","items_purchased":["Vajra","Orichalcum"],"gold_per_floor":[110,185,36,36,49,49,49,66,119,130,130,141,157,1,1,106,106,120,120,120,106,117,117,117,129,182,382,382,395],"floor_reached":30,"campfire_rested":4,"playtime":1591,"current_hp_per_floor":[76,65,65,65,71,71,55,47,47,50,74,68,64,64,80,60,80,67,52,52,29,20,45,29,15,15,15,40,10],"items_purged":[],"gold":395,"play_id":"a49b3924-f523-4199-bcd1-cabc8523b1e1","is_prod":false,"is_daily":false,"is_ascension_mode":false,"campfire_upgraded":1,"path_taken":["M","?","$","?","M","R","?","M","T","M","R","M","M","?","R","BOSS","M","?","?","M","M","R","?","M","T","?","R","M","M"],"build_version":"2018-02-01-PROD3","purchased_purges":0,"victory":false,"master_deck":["Strike_R","Strike_R","Strike_R","Strike_R","Strike_R","Defend_R+1","Defend_R","Defend_R","Bash","Cleave+1","Searing Blow+1","Combust","Reckless Charge","Rampage","Flame Barrier+1","Cleave","Perfected Strike","Berserk","Inflame+1","Thunderclap+1","Sever Soul","Flex","Necronomicurse","Perfected Strike","Dropkick+1","Juggernaut"],"max_hp_per_floor":[80,80,80,80,80,80,80,80,80,80,80,80,80,80,80,80,80,80,85,85,85,85,85,85,85,85,85,85,85],"relics":["Burning Blood","Vajra","Dream Catcher","Orichalcum","Question Card","Necronomicon","Bag of Preparation"],"card_choices":[{"not_picked":["Shrug It Off","Second Wind"],"picked":"Cleave"},{"not_picked":["Twin Strike","Clash"],"picked":"Searing Blow"},{"not_picked":["True Grit","Hemokinesis"],"picked":"Combust"},{"not_picked":["Intimidate","True Grit"],"picked":"Reckless Charge"},{"not_picked":["Rage","Burning Pact"],"picked":"Rampage"},{"not_picked":["Heavy Blade","Blood for Blood"],"picked":"Flame Barrier"},{"not_picked":["Body Slam","Heavy Blade"],"picked":"Cleave"},{"not_picked":["Dark Embrace","Feel No Pain"],"picked":"Perfected Strike"},{"not_picked":["Double Tap","Brutality"],"picked":"Berserk"},{"not_picked":["Sword Boomerang","Perfected Strike","Shrug It Off"],"picked":"Inflame"},{"not_picked":["Perfected Strike","Brutality","Pommel Strike"],"picked":"Thunderclap"},{"not_picked":["Flex","Twin Strike","Clothesline"],"picked":"Sever Soul"},{"not_picked":["Perfected Strike","Cleave","Iron Wave"],"picked":"Flex"},{"not_picked":["Cleave","Iron Wave","Searing Blow"],"picked":"Perfected Strike"},{"not_picked":["Pommel Strike","Thunderclap","Disarm"],"picked":"Dropkick"},{"not_picked":["Wild Strike","Intimidate","Anger"],"picked":"Juggernaut"}],"player_experience":26223,"potions_floor_usage":[],"damage_taken":[{"damage":10,"enemies":"Jaw Worm","floor":1,"turns":4},{"damage":0,"enemies":"Small Slimes","floor":5,"turns":3},{"damage":14,"enemies":"Blue Slaver","floor":8,"turns":3},{"damage":3,"enemies":"Large Slime","floor":10,"turns":4},{"damage":12,"enemies":"2 Fungi Beasts","floor":12,"turns":3},{"damage":10,"enemies":"Looter","floor":13,"turns":3},{"damage":26,"enemies":"Slime Boss","floor":16,"turns":7},{"damage":19,"enemies":"3 Byrds","floor":18,"turns":3},{"damage":29,"enemies":"2 Thieves","floor":21,"turns":4},{"damage":15,"enemies":"3 Cultists","floor":22,"turns":3},{"damage":20,"enemies":"Sentry and Sphere","floor":25,"turns":4},{"damage":36,"enemies":"Centurion and Healer","floor":29,"turns":4},{"damage":15,"enemies":"Snake Plant","floor":30,"turns":1}],"event_choices":[{"event_name":"World of Goop","player_choice":"Gather Gold","floor":2,"damage_taken":0},{"event_name":"Purifier","player_choice":"One Purge","floor":4,"damage_taken":0},{"event_name":"Shining Light","player_choice":"Entered Light","floor":7,"damage_taken":0},{"event_name":"Forgotten Altar","player_choice":"Shed Blood","floor":19,"damage_taken":0},{"event_name":"Upgrade Shrine","player_choice":"Upgraded","floor":20,"damage_taken":0},{"event_name":"Cursed Tome","player_choice":"Obtained Book","floor":24,"damage_taken":0},{"event_name":"Wheel of Change","player_choice":"Gold","floor":27,"damage_taken":0}],"boss_relics":[{"not_picked":["Snecko Eye","Philosopher\u0027s Stone"],"picked":"Question Card"}],"potions_floor_spawned":[5,10,12,16,21,25],"seed_played":"-2852578315921880224","killed_by":"Snake Plant","ascension_level":0,"is_trial":false}