{"path_per_floor":["M","$","?","?","M","R","?","M","T","M","T","$","?","M","R"],"character_chosen":"IRONCLAD","items_purchased":["Cleave","Shrug It Off","Metallicize","Battle Trance","Flex","Whirlwind"],"gold_per_floor":[115,46,46,46,62,62,136,160,237,251,251,15,190,211,211],"floor_reached":16,"campfire_rested":1,"playtime":486,"current_hp_per_floor":[70,70,70,70,70,70,24,30,30,11,11,11,11,17,39],"items_purged":[],"gold":211,"score":90,"play_id":"a26352b7-bd81-49c6-8167-82e9885e02a5","is_prod":false,"is_daily":false,"is_ascension_mode":false,"campfire_upgraded":1,"path_taken":["M","$","?","?","M","R","?","M","T","M","?","$","?","?","R","BOSS"],"build_version":"2018-02-08-PROD1","purchased_purges":0,"victory":false,"master_deck":["Strike_R","Strike_R","Strike_R","Strike_R","Strike_R","Defend_R","Defend_R","Defend_R","Defend_R","Bash","Fiend Fire+1","Headbutt","Cleave","Shrug It Off","Wild Strike","Evolve","Twin Strike","Inflame","Metallicize","Battle Trance","Flex","Whirlwind","Doubt","Reaper"],"max_hp_per_floor":[80,80,74,74,74,74,74,74,74,74,74,74,74,74,74],"relics":["Burning Blood","Golden Idol","Lantern","Bottled Lightning","Bag of Preparation"],"card_choices":[{"not_picked":["Clash","Sword Boomerang"],"picked":"Headbutt"},{"not_picked":["Feel No Pain","Entrench"],"picked":"Wild Strike"},{"not_picked":["True Grit","Twin Strike"],"picked":"Evolve"},{"not_picked":["Thunderclap","Warcry"],"picked":"Twin Strike"},{"not_picked":["Sword Boomerang","Headbutt"],"picked":"Inflame"},{"not_picked":["Infernal Blade","Cleave"],"picked":"Reaper"}],"player_experience":61820,"potions_floor_usage":[8,8,8],"damage_taken":[{"damage":16,"enemies":"Blue Slaver","floor":1,"turns":4},{"damage":6,"enemies":"Cultist","floor":5,"turns":3},{"damage":52,"enemies":"Lagavulin Event","floor":7,"turns":7},{"damage":0,"enemies":"Small Slimes","floor":8,"turns":1},{"damage":25,"enemies":"Exordium Thugs","floor":10,"turns":6},{"damage":0,"enemies":"Looter","floor":14,"turns":1},{"damage":46,"enemies":"Hexaghost","floor":16,"turns":11}],"event_choices":[{"event_name":"Golden Idol","player_choice":"Lose Max HP","floor":3,"damage_taken":0},{"event_name":"The Lab","player_choice":"Got Potions","floor":4,"damage_taken":0},{"event_name":"Dead Adventurer","player_choice":"Searched \u00272\u0027 times","floor":7,"damage_taken":0},{"event_name":"Liars Game","player_choice":"agreed","floor":13,"damage_taken":0}],"boss_relics":[],"potions_floor_spawned":[5,7,8],"seed_played":"-3289657540105187290","killed_by":"Hexaghost","ascension_level":0,"is_trial":false}