{"path_per_floor":["M","?","$","?","M","R","M","?","T","R","?","R","M","$","R","B",null,"M","$","M","?","?","R"],"character_chosen":"IRONCLAD","items_purchased":["Inflame","Dropkick","Hemokinesis","Seeing Red","Heavy Blade"],"gold_per_floor":[117,117,7,7,21,21,36,36,60,60,60,60,77,40,40,145,145,155,29,35,35,35,35],"floor_reached":24,"campfire_rested":2,"playtime":789,"current_hp_per_floor":[71,71,71,55,52,76,79,79,79,79,79,79,70,70,70,22,80,42,42,17,17,17,41],"items_purged":[],"gold":35,"score":182,"play_id":"9522c19e-64b3-44e4-9a34-541c4362a264","is_prod":false,"is_daily":false,"is_ascension_mode":false,"campfire_upgraded":3,"path_taken":["M","?","?","?","M","R","?","?","T","R","?","R","M","$","R","BOSS","M","$","M","?","?","R","E"],"build_version":"2018-02-08-PROD1","purchased_purges":0,"victory":false,"master_deck":["Strike_R","Strike_R","Strike_R","Strike_R","Strike_R","Defend_R","Defend_R","Defend_R","Defend_R+1","Bash","Writhe","Metallicize+1","Inflame+1","Dropkick+1","Pommel Strike","Metallicize","Limit Break+1","Hemokinesis","Demon Form","Inflame","Twin Strike","Heavy Blade","Flex","Whirlwind","Shrug It Off","Seeing Red","Heavy Blade","Spot Weakness"],"max_hp_per_floor":[80,80,80,80,80,80,80,80,80,80,80,80,80,80,80,80,80,80,80,80,80,80,80],"relics":["Burning Blood","Ice Cream","Blood Vial","Happy Flower","Orrery"],"card_choices":[{"not_picked":["Flex","Armaments"],"picked":"Metallicize"},{"not_picked":["Corruption","Rupture"],"picked":"Pommel Strike"},{"not_picked":["Pommel Strike","Anger"],"picked":"Metallicize"},{"not_picked":["Second Wind","Sword Boomerang"],"picked":"Limit Break"},{"not_picked":["Offering","Barricade"],"picked":"Demon Form"},{"not_picked":["Sword Boomerang","Wild Strike"],"picked":"Inflame"},{"not_picked":["Clothesline","Disarm"],"picked":"Twin Strike"},{"not_picked":["Twin Strike","Shrug It Off"],"picked":"Heavy Blade"},{"not_picked":["True Grit","Armaments"],"picked":"Flex"},{"not_picked":["Anger","True Grit"],"picked":"Whirlwind"},{"not_picked":["Body Slam","Immolate"],"picked":"Shrug It Off"},{"not_picked":["Havoc","Anger"],"picked":"Spot Weakness"}],"player_experience":51052,"potions_floor_usage":[],"damage_taken":[{"damage":15,"enemies":"Jaw Worm","floor":1,"turns":4},{"damage":9,"enemies":"Blue Slaver","floor":5,"turns":4},{"damage":3,"enemies":"Cultist","floor":7,"turns":3},{"damage":16,"enemies":"Looter","floor":13,"turns":3},{"damage":56,"enemies":"Hexaghost","floor":16,"turns":9},{"damage":44,"enemies":"Chosen","floor":18,"turns":5},{"damage":33,"enemies":"2 Thieves","floor":20,"turns":4},{"damage":52,"enemies":"Slavers","floor":24,"turns":3}],"event_choices":[{"event_name":"Golden Wing","player_choice":"Ignored","floor":2,"damage_taken":0},{"event_name":"Shining Light","player_choice":"Entered Light","floor":4,"damage_taken":0},{"event_name":"Purifier","player_choice":"Skipped","floor":8,"damage_taken":0},{"event_name":"Big Fish","player_choice":"Box","floor":11,"damage_taken":0},{"event_name":"Addict","player_choice":"Ignored","floor":21,"damage_taken":0},{"event_name":"Back to Basics","player_choice":"Elegance","floor":22,"damage_taken":0}],"boss_relics":[{"not_picked":["Runic Pyramid","Pandora\u0027s Box"],"picked":"Orrery"}],"potions_floor_spawned":[1,5,13,16,20],"seed_played":"7139974495805184134","killed_by":"Slavers","ascension_level":0,"is_trial":false}