{"path_per_floor":["M","?","?","$","?","R","M","T","T","E","M","M","M","M","R","B",null,"M","?","$","?","?","R","?"],"character_chosen":"IRONCLAD","items_purchased":["Tiny Chest","Searing Blow","Warcry","Centennial Puzzle","Flame Barrier","Rampage"],"gold_per_floor":[212,212,212,14,14,14,32,83,83,115,134,148,163,181,181,284,284,296,296,0,0,0,0,0],"floor_reached":25,"campfire_rested":2,"playtime":949,"current_hp_per_floor":[80,80,80,80,68,68,60,60,74,54,57,56,57,55,83,15,94,71,71,71,71,52,81,81],"items_purged":[],"gold":0,"score":224,"play_id":"b8f7e6fd-c4e2-4bdb-81c9-bcb273cb1286","is_prod":false,"is_daily":false,"is_ascension_mode":false,"campfire_upgraded":1,"path_taken":["M","?","?","$","?","R","M","?","T","E","M","M","M","M","R","BOSS","M","?","$","?","?","R","?","E"],"build_version":"2018-02-08-PROD1","purchased_purges":0,"victory":false,"master_deck":["Strike_R","Strike_R","Strike_R","Defend_R","Defend_R","Defend_R","Defend_R","Bash","Sword Boomerang","Whirlwind","Searing Blow+1","Warcry","Metallicize","Infernal Blade","Ghostly Armor","Havoc","Metallicize","Iron Wave","Limit Break","Normality","Decay","Battle Trance+1","Flame Barrier","Rampage+1","Brutality"],"max_hp_per_floor":[80,80,80,80,80,80,80,80,94,94,94,94,94,94,94,94,94,94,94,94,94,99,99,99],"relics":["Burning Blood","Tiny Chest","Juzu Bracelet","Anchor","Mango","The Courier","Calling Bell","Molten Egg 2","Singing Bowl","Gremlin Horn","Centennial Puzzle"],"card_choices":[{"not_picked":["Clothesline","Pommel Strike"],"picked":"Sword Boomerang"},{"not_picked":["Body Slam","Shrug It Off"],"picked":"Metallicize"},{"not_picked":["Reckless Charge","Bludgeon"],"picked":"Infernal Blade"},{"not_picked":["Clash","Whirlwind"],"picked":"Ghostly Armor"},{"not_picked":["Combust","Shrug It Off"],"picked":"Havoc"},{"not_picked":["Blood for Blood","Seeing Red"],"picked":"Metallicize"},{"not_picked":["Pommel Strike","Cleave"],"picked":"Iron Wave"},{"not_picked":["Dark Embrace","Bludgeon"],"picked":"Limit Break"},{"not_picked":["Body Slam","Shrug It Off"],"picked":"Battle Trance"}],"player_experience":51841,"potions_floor_usage":[],"damage_taken":[{"damage":1,"enemies":"Jaw Worm","floor":1,"turns":5},{"damage":14,"enemies":"Blue Slaver","floor":7,"turns":3},{"damage":26,"enemies":"3 Sentries","floor":10,"turns":5},{"damage":3,"enemies":"Cultist","floor":11,"turns":3},{"damage":7,"enemies":"Looter","floor":12,"turns":3},{"damage":5,"enemies":"Gremlin Gang","floor":13,"turns":3},{"damage":8,"enemies":"Red Slaver","floor":14,"turns":5},{"damage":74,"enemies":"The Guardian","floor":16,"turns":16},{"damage":29,"enemies":"3 Byrds","floor":18,"turns":8},{"damage":85,"enemies":"Book of Stabbing","floor":25,"turns":7}],"event_choices":[{"event_name":"Purifier","player_choice":"Skipped","floor":2,"damage_taken":0},{"event_name":"Transmorgrifier","player_choice":"Transform","floor":3,"damage_taken":0},{"event_name":"Scrap Ooze","player_choice":"success","floor":5,"damage_taken":12},{"event_name":"Back to Basics","player_choice":"Elegance","floor":19,"damage_taken":0},{"event_name":"Transmorgrifier","player_choice":"Transform","floor":21,"damage_taken":0},{"event_name":"Forgotten Altar","player_choice":"Shed Blood","floor":22,"damage_taken":0},{"event_name":"Addict","player_choice":"Ignored","floor":24,"damage_taken":0}],"boss_relics":[{"not_picked":["Astrolabe","Pandora\u0027s Box"],"picked":"Calling Bell"}],"potions_floor_spawned":[10,12,14],"seed_played":"-5177689078722807598","killed_by":"Book of Stabbing","ascension_level":0,"is_trial":false}