{"path_per_floor":["M","M","?","?","?","R","?","M","T","M","E","M","E","M","R"],"character_chosen":"IRONCLAD","items_purchased":[],"gold_per_floor":[12,28,28,28,28,28,28,42,42,57,83,103,138,156,156],"floor_reached":16,"campfire_rested":1,"playtime":745,"current_hp_per_floor":[65,63,63,63,63,63,63,69,69,70,44,50,30,30,54],"items_purged":[],"gold":156,"score":112,"play_id":"d579338a-c1d6-4122-a623-64ec898d88fc","is_prod":false,"is_daily":false,"is_ascension_mode":false,"campfire_upgraded":1,"path_taken":["M","?","?","?","?","R","?","?","T","M","E","M","E","M","R","BOSS"],"build_version":"2018-02-08-PROD1","purchased_purges":0,"victory":false,"master_deck":["Strike_R","Strike_R","Strike_R","Strike_R","Defend_R","Defend_R","Defend_R","Defend_R","Bash","Berserk","Second Wind+1","Shrug It Off+1","Thunderclap","Inflame","Iron Wave","Double Tap","Havoc","Dropkick","Ghostly Armor"],"max_hp_per_floor":[80,80,80,80,80,80,80,80,80,80,80,80,80,80,80],"relics":["Burning Blood","Oddly Smooth Stone","Blue Candle","Smiling Mask"],"card_choices":[{"not_picked":["Limit Break","Barricade"],"picked":"Berserk"},{"not_picked":["Wild Strike","Corruption"],"picked":"Second Wind"},{"not_picked":["Fire Breathing","Pommel Strike"],"picked":"Shrug It Off"},{"not_picked":["Clash","Clothesline"],"picked":"Inflame"},{"not_picked":["Warcry","Burning Pact"],"picked":"Iron Wave"},{"not_picked":["Twin Strike","Pummel"],"picked":"Double Tap"},{"not_picked":["Warcry","Body Slam"],"picked":"Havoc"},{"not_picked":["Dual Wield","Perfected Strike"],"picked":"Dropkick"},{"not_picked":["Flex","Body Slam"],"picked":"Ghostly Armor"}],"player_experience":47655,"potions_floor_usage":[],"damage_taken":[{"damage":21,"enemies":"Blue Slaver","floor":1,"turns":4},{"damage":8,"enemies":"Small Slimes","floor":2,"turns":4},{"damage":0,"enemies":"Jaw Worm","floor":8,"turns":4},{"damage":5,"enemies":"3 Louse","floor":10,"turns":4},{"damage":32,"enemies":"3 Sentries","floor":11,"turns":8},{"damage":0,"enemies":"Large Slime","floor":12,"turns":6},{"damage":26,"enemies":"Lagavulin","floor":13,"turns":8},{"damage":6,"enemies":"2 Fungi Beasts","floor":14,"turns":4},{"damage":54,"enemies":"The Guardian","floor":16,"turns":9}],"event_choices":[{"event_name":"The Cleric","player_choice":"Leave","floor":3,"damage_taken":0},{"event_name":"Living Wall","player_choice":"Change","floor":4,"damage_taken":0},{"event_name":"Upgrade Shrine","player_choice":"Upgraded","floor":5,"damage_taken":0},{"event_name":"Golden Wing","player_choice":"Ignored","floor":7,"damage_taken":0}],"boss_relics":[],"potions_floor_spawned":[8,10,12,14],"seed_played":"4697246943933969977","killed_by":"The Guardian","ascension_level":0,"is_trial":false}