{"path_per_floor":["M","$","?","M","?","E","M","R","T","?","$","?","M","M","R","B",null,"M","?","?","M","?"],"character_chosen":"IRONCLAD","items_purchased":["Metallicize","Mercury Hourglass"],"gold_per_floor":[118,46,221,231,231,260,273,273,273,273,25,25,36,55,55,157,157,142,142,142,160,160],"floor_reached":23,"campfire_rested":0,"playtime":611,"current_hp_per_floor":[80,80,80,80,80,80,80,80,80,80,80,80,80,77,77,46,80,70,70,70,64,64],"items_purged":[],"gold":160,"score":214,"play_id":"d5ecb2f4-6942-463b-acee-6ac2db59fc76","is_prod":false,"is_daily":false,"is_ascension_mode":false,"campfire_upgraded":2,"path_taken":["M","$","?","?","?","E","M","R","T","?","$","?","M","M","R","BOSS","M","?","?","M","?","E"],"build_version":"2018-02-08-PROD1","purchased_purges":0,"victory":false,"master_deck":["Strike_R","Strike_R","Strike_R","Strike_R","Defend_R","Defend_R","Defend_R","Defend_R","Bash","True Grit","Metallicize","Flame Barrier","Metallicize+1","Rampage","Regret","Flex","Inflame+1","Offering","Clothesline","Reaper","Limit Break","Infernal Blade"],"max_hp_per_floor":[80,80,80,80,80,80,80,80,80,80,80,80,80,80,80,80,80,80,80,80,80,80],"relics":["Black Blood","NeowsBlessing","Letter Opener","Lantern","Orichalcum","Mercury Hourglass"],"card_choices":[{"not_picked":["Rage","Warcry"],"picked":"True Grit"},{"not_picked":["Burning Pact","Sword Boomerang"],"picked":"Flame Barrier"},{"not_picked":["Armaments","Immolate"],"picked":"Metallicize"},{"not_picked":["Rupture","Dropkick"],"picked":"Rampage"},{"not_picked":["Armaments","Havoc"],"picked":"Flex"},{"not_picked":["True Grit","Armaments"],"picked":"Inflame"},{"not_picked":["Exhume","Impervious"],"picked":"Offering"},{"not_picked":["Bloodletting","Clash"],"picked":"Clothesline"},{"not_picked":["True Grit","Pommel Strike"],"picked":"Limit Break"}],"player_experience":61209,"potions_floor_usage":[],"damage_taken":[{"damage":0,"enemies":"Cultist","floor":1,"turns":1},{"damage":0,"enemies":"2 Louse","floor":4,"turns":1},{"damage":0,"enemies":"Lagavulin","floor":6,"turns":1},{"damage":5,"enemies":"Blue Slaver","floor":7,"turns":5},{"damage":3,"enemies":"Exordium Wildlife","floor":13,"turns":3},{"damage":9,"enemies":"Lots of Slimes","floor":14,"turns":3},{"damage":37,"enemies":"Slime Boss","floor":16,"turns":14},{"damage":20,"enemies":"2 Thieves","floor":18,"turns":4},{"damage":16,"enemies":"Chosen","floor":21,"turns":6},{"damage":65,"enemies":"Slavers","floor":23,"turns":4}],"event_choices":[{"event_name":"Liars Game","player_choice":"agreed","floor":3,"damage_taken":0},{"event_name":"Fountain of Cleansing","player_choice":"Removed Curse","floor":5,"damage_taken":0},{"event_name":"Big Fish","player_choice":"Box","floor":10,"damage_taken":0},{"event_name":"The Cleric","player_choice":"Leave","floor":12,"damage_taken":0},{"event_name":"Transmorgrifier","player_choice":"Transform","floor":19,"damage_taken":0},{"event_name":"The Woman in Blue","player_choice":"Bought 0 Potions","floor":20,"damage_taken":0},{"event_name":"The Library","player_choice":"Read","floor":22,"damage_taken":0}],"boss_relics":[{"not_picked":["Runic Cube","Snecko Eye"],"picked":"Black Blood"}],"potions_floor_spawned":[1,6,16],"seed_played":"-7944994799239676918","killed_by":"Slavers","ascension_level":0,"is_trial":false}