{"path_per_floor":["M","?","?","M","?","R","?","R","T","?","E","R","M","$","R","B",null,"M","?","?","?","M","E","R","M","T"],"character_chosen":"IRONCLAD","items_purchased":["Dead Branch","Wild Strike"],"gold_per_floor":[117,217,217,234,234,234,291,291,343,343,371,371,384,25,25,129,129,147,147,147,147,158,189,189,202,202],"floor_reached":27,"campfire_rested":3,"playtime":1194,"current_hp_per_floor":[80,80,80,73,73,73,51,75,75,75,47,71,77,77,77,69,80,76,76,76,61,63,9,34,8,8],"items_purged":[],"gold":202,"score":227,"play_id":"36e97731-0351-4e10-b637-5322acf1bd3c","is_prod":false,"is_daily":false,"is_ascension_mode":false,"campfire_upgraded":2,"path_taken":["M","?","?","M","?","R","?","R","T","?","E","R","M","$","R","BOSS","M","?","?","?","M","E","R","M","T","?"],"build_version":"2018-02-08-PROD1","purchased_purges":0,"victory":false,"master_deck":["Strike_R","Strike_R","Strike_R","Defend_R","Defend_R","Defend_R","Defend_R+1","Bash","Whirlwind+1","Battle Trance","Shrug It Off+1","Twin Strike+1","Bludgeon","Seeing Red+1","Wild Strike","Fiend Fire","Power Through","Infernal Blade","Impervious","Sword Boomerang+1","Cleave"],"max_hp_per_floor":[80,80,80,80,80,80,80,80,80,80,80,80,80,80,80,80,80,80,80,80,85,85,85,85,85,85],"relics":["Burning Blood","War Paint","Singing Bowl","Bronze Scales","Dead Branch","Black Star","Bag of Preparation","Dream Catcher","Thread and Needle"],"card_choices":[{"not_picked":["Clothesline","Shrug It Off"],"picked":"Whirlwind"},{"not_picked":["Headbutt","Iron Wave"],"picked":"Shrug It Off"},{"not_picked":["True Grit","Armaments"],"picked":"Twin Strike"},{"not_picked":["Rage","Entrench"],"picked":"Bludgeon"},{"not_picked":["Perfected Strike","Armaments"],"picked":"Seeing Red"},{"not_picked":["Dark Embrace","Berserk"],"picked":"Fiend Fire"},{"not_picked":["Intimidate","Wild Strike"],"picked":"Power Through"},{"not_picked":["Warcry","Thunderclap"],"picked":"Infernal Blade"},{"not_picked":["Perfected Strike","Thunderclap"],"picked":"Impervious"},{"not_picked":["Whirlwind","Armaments"],"picked":"Sword Boomerang"},{"not_picked":["Shockwave","Sentinel"],"picked":"Cleave"}],"player_experience":46461,"potions_floor_usage":[23,23],"damage_taken":[{"damage":1,"enemies":"Cultist","floor":1,"turns":4},{"damage":13,"enemies":"Blue Slaver","floor":4,"turns":5},{"damage":28,"enemies":"Gremlin Nob","floor":7,"turns":4},{"damage":34,"enemies":"Gremlin Nob","floor":11,"turns":5},{"damage":0,"enemies":"Small Slimes","floor":13,"turns":3},{"damage":14,"enemies":"Slime Boss","floor":16,"turns":8},{"damage":10,"enemies":"Spheric Guardian","floor":18,"turns":3},{"damage":4,"enemies":"3 Byrds","floor":22,"turns":4},{"damage":60,"enemies":"Gremlin Leader","floor":23,"turns":8},{"damage":32,"enemies":"Sentry and Sphere","floor":25,"turns":6},{"damage":8,"enemies":"Cultist and Chosen","floor":27,"turns":3}],"event_choices":[{"event_name":"Wheel of Change","player_choice":"Gold","floor":2,"damage_taken":0},{"event_name":"Living Wall","player_choice":"Change","floor":3,"damage_taken":0},{"event_name":"Golden Wing","player_choice":"Ignored","floor":5,"damage_taken":0},{"event_name":"Dead Adventurer","player_choice":"Searched \u00272\u0027 times","floor":7,"damage_taken":0},{"event_name":"Upgrade Shrine","player_choice":"Upgraded","floor":10,"damage_taken":0},{"event_name":"Purifier","player_choice":"One Purge","floor":19,"damage_taken":0},{"event_name":"Vampires","player_choice":"Ignored","floor":20,"damage_taken":0},{"event_name":"Forgotten Altar","player_choice":"Shed Blood","floor":21,"damage_taken":0}],"boss_relics":[{"not_picked":["Pandora\u0027s Box","Lizard Tail"],"picked":"Black Star"}],"potions_floor_spawned":[4,7,11],"seed_played":"2196500584786081919","killed_by":"Cultist and Chosen","ascension_level":0,"is_trial":false}