{"path_per_floor":["M","?","$","M","M","R","M","M","T","R","M","?","$","E","R","B",null,"M","T","T","?","M","R","M","$","T","T","M","R","?","M","R"],"character_chosen":"IRONCLAD","items_purchased":["Limit Break","Twin Strike","Pear","Clash"],"gold_per_floor":[109,109,109,128,145,145,161,171,196,196,211,211,0,30,30,127,157,169,237,262,262,282,282,301,31,57,83,103,103,103,116,116],"floor_reached":33,"campfire_rested":4,"playtime":1224,"current_hp_per_floor":[75,75,75,80,80,80,72,72,72,72,58,55,55,55,79,30,80,80,80,80,80,48,80,79,89,96,96,57,97,97,63,97],"items_purged":[],"gold":116,"score":272,"play_id":"72e3a1e0-e05d-4354-949e-dc4bf3a7c29d","is_prod":false,"is_daily":false,"is_ascension_mode":false,"campfire_upgraded":2,"path_taken":["M","?","$","M","M","R","M","M","T","R","M","?","$","E","R","BOSS","M","?","?","?","M","R","M","$","T","?","M","R","?","M","R","BOSS"],"build_version":"2018-02-22-PROD1","purchased_purges":0,"victory":false,"master_deck":["Strike_R+1","Strike_R+1","Strike_R+1","Strike_R+1","Defend_R+1","Defend_R+1","Defend_R+1","Defend_R+1","Bash","Brutality","Intimidate","Cleave","Iron Wave+1","Wild Strike","Bloodletting","Shrug It Off+1","Thunderclap","Limit Break","Twin Strike","Pummel","Impervious","Injury","Clumsy","Clumsy","Uppercut","Flex","Corruption+1","Clash","Infernal Blade","Armaments"],"max_hp_per_floor":[80,80,80,80,80,80,80,80,80,80,80,80,80,80,80,80,80,80,80,80,80,80,80,80,90,97,97,97,97,97,97,97],"relics":["Burning Blood","Pen Nib","Orichalcum","Blood Vial","Regal Pillow","Bronze Scales","Tiny Chest","Paper Frog","Ancient Tea Set","Nloth\u0027s Gift","Pear","Strawberry","Vajra"],"card_choices":[{"not_picked":["Warcry","Burning Pact"],"picked":"Intimidate"},{"not_picked":["Sentinel","Clash"],"picked":"Iron Wave"},{"not_picked":["Searing Blow","Thunderclap"],"picked":"Wild Strike"},{"not_picked":["Clash","Flex"],"picked":"Bloodletting"},{"not_picked":["Anger","Clothesline"],"picked":"Shrug It Off"},{"not_picked":["Body Slam","Headbutt"],"picked":"Thunderclap"},{"not_picked":["Body Slam","Armaments"],"picked":"Pummel"},{"not_picked":["Fiend Fire","Double Tap"],"picked":"Impervious"},{"not_picked":["Pommel Strike","Warcry"],"picked":"Uppercut"},{"not_picked":["Wild Strike","Twin Strike"],"picked":"Flex"},{"not_picked":["Flex","Anger"],"picked":"Corruption"},{"not_picked":["Carnage","Corruption"],"picked":"Infernal Blade"},{"not_picked":["Thunderclap","Hemokinesis"],"picked":"Armaments"}],"player_experience":128379,"potions_floor_usage":[4,8,8,11],"damage_taken":[{"damage":11,"enemies":"Jaw Worm","floor":1,"turns":4},{"damage":0,"enemies":"2 Louse","floor":4,"turns":1},{"damage":3,"enemies":"Small Slimes","floor":5,"turns":2},{"damage":14,"enemies":"Red Slaver","floor":7,"turns":3},{"damage":12,"enemies":"Exordium Thugs","floor":8,"turns":5},{"damage":35,"enemies":"Exordium Wildlife","floor":11,"turns":7},{"damage":6,"enemies":"3 Sentries","floor":14,"turns":8},{"damage":56,"enemies":"Hexaghost","floor":16,"turns":10},{"damage":6,"enemies":"3 Byrds","floor":18,"turns":4},{"damage":38,"enemies":"Spheric Guardian","floor":22,"turns":6},{"damage":7,"enemies":"Snake Plant","floor":24,"turns":5},{"damage":46,"enemies":"Centurion and Healer","floor":28,"turns":9},{"damage":40,"enemies":"Cultist and Chosen","floor":31,"turns":7},{"damage":110,"enemies":"Collector","floor":33,"turns":6}],"event_choices":[{"event_name":"Living Wall","player_choice":"Change","floor":2,"damage_taken":0},{"event_name":"Scrap Ooze","player_choice":"success","floor":12,"damage_taken":3},{"event_name":"N\u0027loth","player_choice":"Traded a Calling Bell","floor":21,"damage_taken":0},{"event_name":"Back to Basics","player_choice":"Simplicity","floor":30,"damage_taken":0}],"boss_relics":[{"not_picked":["Snecko Eye","Orrery"],"picked":"Calling Bell"}],"potions_floor_spawned":[1,5,7,8],"seed_played":"-6330804060995528651","killed_by":"Collector","ascension_level":0,"is_trial":false}