{"path_per_floor":["M","$","M","$","?","E","?","M","T","$","R","?","R","M","R","B",null,"M","$","?","$","M","R","M","E","T","?","M","M","?"],"character_chosen":"IRONCLAD","items_purchased":["Inflame","Infernal Blade","Inflame","Dual Wield"],"gold_per_floor":[109,109,119,50,50,85,85,95,95,20,20,20,20,31,31,133,133,153,82,82,7,20,20,34,365,365,315,334,344,344],"floor_reached":31,"campfire_rested":2,"playtime":837,"current_hp_per_floor":[80,80,78,78,78,52,52,52,52,52,76,76,76,72,72,52,80,76,76,76,76,45,79,80,32,32,32,14,7,7],"items_purged":[],"gold":344,"score":253,"play_id":"78b75fe0-b28c-48ad-9f65-a842b23495c9","is_prod":false,"is_daily":false,"is_ascension_mode":false,"campfire_upgraded":2,"path_taken":["M","?","M","$","?","E","?","?","T","?","R","?","R","M","R","BOSS","M","$","?","$","?","R","M","E","T","?","M","M","?","M"],"build_version":"2018-02-22-PROD2","purchased_purges":0,"victory":false,"master_deck":["Strike_R","Strike_R","Strike_R","Strike_R","Strike_R","Defend_R","Defend_R","Defend_R","Defend_R","Bash","Heavy Blade","Flex","Inflame+1","Deep Breath","Bludgeon","Cleave","Armaments+1","Infernal Blade","Infernal Blade","Normality","Armaments+1","Limit Break","Armaments","Inflame","Dual Wield","Disarm","Disarm","Limit Break","Flex+1","Decay"],"max_hp_per_floor":[80,80,80,80,80,80,80,80,80,80,80,80,80,80,80,80,80,80,80,80,80,80,80,80,80,80,80,80,80,80],"relics":["Burning Blood","Dream Catcher","Vajra","Red Skull","Bird Faced Urn","Eternal Feather","Old Coin","Pen Nib"],"card_choices":[{"not_picked":["Cleave","Body Slam"],"picked":"Heavy Blade"},{"not_picked":["Feel No Pain","Twin Strike"],"picked":"Flex"},{"not_picked":["Havoc","Combust"],"picked":"Cleave"},{"not_picked":["Wild Strike","Inflame"],"picked":"Armaments"},{"not_picked":["Headbutt","True Grit"],"picked":"Infernal Blade"},{"not_picked":["Warcry","Shrug It Off"],"picked":"Armaments"},{"not_picked":["Bludgeon","Berserk"],"picked":"Limit Break"},{"not_picked":["Clash","Fire Breathing"],"picked":"Armaments"},{"not_picked":["Heavy Blade","Sword Boomerang"],"picked":"Disarm"},{"not_picked":["Havoc","Iron Wave"],"picked":"Disarm"},{"not_picked":["Havoc","Rampage"],"picked":"Limit Break"},{"not_picked":["Pommel Strike","Searing Blow"],"picked":"Flex"}],"player_experience":134422,"potions_floor_usage":[16,18,18,25,29],"damage_taken":[{"damage":6,"enemies":"Cultist","floor":1,"turns":3},{"damage":8,"enemies":"Small Slimes","floor":3,"turns":3},{"damage":32,"enemies":"3 Sentries","floor":6,"turns":6},{"damage":6,"enemies":"Jaw Worm","floor":8,"turns":2},{"damage":10,"enemies":"Looter","floor":14,"turns":2},{"damage":43,"enemies":"The Guardian","floor":16,"turns":8},{"damage":10,"enemies":"3 Byrds","floor":18,"turns":4},{"damage":41,"enemies":"2 Thieves","floor":22,"turns":5},{"damage":47,"enemies":"Centurion and Healer","floor":24,"turns":7},{"damage":58,"enemies":"Gremlin Leader","floor":25,"turns":6},{"damage":28,"enemies":"3 Cultists","floor":28,"turns":5},{"damage":15,"enemies":"Snake Plant","floor":29,"turns":2},{"damage":15,"enemies":"Snecko","floor":31,"turns":3}],"event_choices":[{"event_name":"Match and Keep!","player_choice":"2 cards matched","floor":5,"damage_taken":0},{"event_name":"Upgrade Shrine","player_choice":"Upgraded","floor":7,"damage_taken":0},{"event_name":"Accursed Blacksmith","player_choice":"Rummage","floor":12,"damage_taken":0},{"event_name":"Vampires","player_choice":"Ignored","floor":20,"damage_taken":0},{"event_name":"The Joust","player_choice":"Bet on Murderer","floor":27,"damage_taken":0},{"event_name":"Forgotten Altar","player_choice":"Smashed Altar","floor":30,"damage_taken":0}],"boss_relics":[{"not_picked":["White Beast Statue","Runic Dome"],"picked":"Eternal Feather"}],"potions_floor_spawned":[6,8,16,24,28],"seed_played":"-996130063303845451","killed_by":"Snecko","ascension_level":0,"is_trial":false}