{"path_per_floor":["M","?","?","?","T","M","R","$","T","E","M","M","M","M","R","B",null,"M","M","?","?","M","R","M","?","T","M","R","$","T","M","R"],"character_chosen":"IRONCLAD","items_purchased":["Du-Vu Doll","Deep Breath"],"gold_per_floor":[112,287,287,287,314,326,326,17,17,45,63,78,96,106,106,201,201,218,235,135,135,147,147,160,160,216,231,231,128,128,138,138,138],"floor_reached":33,"campfire_rested":3,"playtime":1115,"current_hp_per_floor":[64,64,64,64,64,61,61,61,61,47,46,31,17,15,39,21,80,75,53,53,53,26,50,25,25,25,25,49,49,49,66,66,0],"items_purged":[],"gold":138,"score":249,"play_id":"58bbe4cc-6968-4e7c-8e98-43f0ef6810d3","local_time":"20180416180614","is_prod":false,"is_daily":false,"chose_seed":false,"is_ascension_mode":false,"campfire_upgraded":2,"timestamp":1523916374,"path_taken":["M","?","?","?","?","M","R","$","T","E","M","M","M","M","R","BOSS","M","M","?","?","M","R","M","?","T","?","R","$","?","?","R","BOSS"],"build_version":"2018-04-12","seed_source_timestamp":9191319631876,"purchased_purges":0,"victory":false,"master_deck":["Bash","Sword Boomerang+1","Doubt","Shockwave","Iron Wave","Thunderclap","Clothesline","Disarm","Heavy Blade","Uppercut","Reaper+1","Clothesline","Thunderclap","Flex","Clash","Dropkick","Pommel Strike","Body Slam","Shrug It Off","Flex","Combust","Thunderclap","J.A.X.","Normality","Carnage","Spot Weakness","Cleave","Writhe","Burning Pact+1","Flex","Spot Weakness","Deep Breath","Sword Boomerang+1","Fiend Fire"],"max_hp_per_floor":[80,80,80,80,80,80,80,80,80,80,80,80,80,80,80,80,80,80,80,80,80,80,80,80,80,80,80,80,80,80,80,80,80],"relics":["Black Star","Dream Catcher","Du-Vu Doll","Red Skull","Prayer Wheel","Happy Flower","Pandora\u0027s Box","Calipers","Charon\u0027s Ashes","Tiny Chest","Peace Pipe"],"card_choices":[{"not_picked":["Shrug It Off","Combust"],"picked":"Sword Boomerang","floor":1},{"not_picked":["Feel No Pain","Shrug It Off"],"picked":"Shockwave","floor":6},{"not_picked":["Thunderclap","Flex"],"picked":"Iron Wave","floor":10},{"not_picked":["Evolve","Heavy Blade"],"picked":"Thunderclap","floor":11},{"not_picked":["Perfected Strike","Sever Soul"],"picked":"Clothesline","floor":12},{"not_picked":["Second Wind","Perfected Strike"],"picked":"Disarm","floor":13},{"not_picked":["Cleave","Clash"],"picked":"Heavy Blade","floor":14},{"not_picked":["Iron Wave","Clothesline"],"picked":"Uppercut","floor":15},{"not_picked":["Exhume","Fiend Fire"],"picked":"Reaper","floor":16},{"not_picked":["Flex","Second Wind"],"picked":"Combust","floor":18},{"not_picked":["Body Slam","Havoc"],"picked":"Thunderclap","floor":19},{"not_picked":["Clash","Seeing Red"],"picked":"Carnage","floor":22},{"not_picked":["Sentinel","Clothesline"],"picked":"Spot Weakness","floor":23},{"not_picked":["Evolve","Thunderclap"],"picked":"Cleave","floor":24},{"not_picked":["Warcry","Uppercut"],"picked":"Burning Pact","floor":26},{"not_picked":["Fire Breathing","Wild Strike"],"picked":"Flex","floor":27},{"not_picked":["Perfected Strike","Whirlwind"],"picked":"Spot Weakness","floor":28},{"not_picked":["Clothesline","Pummel"],"picked":"Sword Boomerang","floor":30},{"not_picked":["Clash","Shrug It Off"],"picked":"Fiend Fire","floor":31}],"player_experience":181324,"potions_floor_usage":[6,10,10,10,11,18,24,27,33],"damage_taken":[{"damage":16,"enemies":"2 Louse","floor":1,"turns":3},{"damage":3,"enemies":"Small Slimes","floor":6,"turns":2},{"damage":14,"enemies":"Lagavulin","floor":10,"turns":5},{"damage":1,"enemies":"Jaw Worm","floor":11,"turns":2},{"damage":15,"enemies":"Large Slime","floor":12,"turns":5},{"damage":14,"enemies":"Red Slaver","floor":13,"turns":4},{"damage":2,"enemies":"Blue Slaver","floor":14,"turns":3},{"damage":18,"enemies":"The Guardian","floor":16,"turns":10},{"damage":10,"enemies":"3 Byrds","floor":18,"turns":5},{"damage":28,"enemies":"2 Thieves","floor":19,"turns":3},{"damage":27,"enemies":"Snecko","floor":22,"turns":5},{"damage":28,"enemies":"Sentry and Sphere","floor":24,"turns":4},{"damage":1,"enemies":"Chosen and Byrds","floor":27,"turns":4},{"damage":3,"enemies":"Cultist and Chosen","floor":31,"turns":4},{"damage":78,"enemies":"Collector","floor":33,"turns":6}],"event_choices":[{"event_name":"Liars Game","player_choice":"agreed","floor":2,"damage_taken":0},{"event_name":"The Lab","player_choice":"Got Potions","floor":3,"damage_taken":0},{"event_name":"The Cleric","player_choice":"Leave","floor":4,"damage_taken":0},{"event_name":"Drug Dealer","player_choice":"Got JAXXED","floor":20,"damage_taken":0},{"event_name":"Accursed Blacksmith","player_choice":"Rummage","floor":21,"damage_taken":0},{"event_name":"The Mausoleum","player_choice":"Yes","floor":25,"damage_taken":0}],"boss_relics":[{"not_picked":["Tiny House","Runic Dome"],"picked":"Pandora\u0027s Box"}],"potions_floor_spawned":[6,10,16,22,24,31],"seed_played":"-6480901966182595663","killed_by":"Collector","ascension_level":0,"is_trial":false}