{"path_per_floor":["M","?","M","$","?","R","E","M","T","?","?","M","M","M","R","B",null,"M","$","M","?","M","R","M","M","T","R","M","$","R","?","R","B",null,"M","?","M"],"character_chosen":"IRONCLAD","items_purchased":["Inflame","Flame Barrier","Shuriken","Swift Strike"],"gold_per_floor":[113,113,129,16,16,16,50,67,67,97,97,113,129,141,141,244,244,254,3,20,20,33,33,46,66,91,91,108,7,7,7,7,102,102,120,0,14,14],"floor_reached":38,"campfire_rested":5,"playtime":1677,"current_hp_per_floor":[69,44,36,36,36,60,37,37,37,37,37,33,29,29,53,24,80,59,59,47,47,21,21,16,14,14,38,23,23,47,47,71,40,80,51,51,43,0],"items_purged":[],"gold":14,"score":378,"play_id":"058f0f37-a493-4a77-9a87-b2c84542d57f","local_time":"20180416094347","is_prod":false,"is_daily":false,"chose_seed":false,"is_ascension_mode":false,"campfire_upgraded":1,"timestamp":1523886227,"path_taken":["M","?","M","$","?","R","E","M","T","?","?","?","M","M","R","BOSS","M","$","M","?","M","R","?","M","T","R","M","?","R","?","R","BOSS","M","?","M","M"],"build_version":"2018-04-12","seed_source_timestamp":523361198494494,"purchased_purges":0,"victory":false,"master_deck":["Bash","Seeing Red","Reckless Charge","Inflame","Flame Barrier","Wild Strike","Flex","Ghostly Armor","Burning Pact","Headbutt","Cleave","Double Tap+1","Perfected Strike","Wild Strike+1","Reckless Charge","Reckless Charge+1","Seeing Red","Thunderclap","Swift Strike","Demon Form","Rage","Warcry","Armaments","Pummel","Spot Weakness","Combust","Twin Strike","Warcry","Thunderclap+1","Flex+1"],"max_hp_per_floor":[80,80,80,80,80,80,80,80,80,80,80,80,80,80,80,80,80,80,80,80,80,80,80,80,80,80,80,80,80,80,80,80,80,80,80,80,80,80],"relics":["Sozu","Omamori","Du-Vu Doll","Orichalcum","Dodecahedron","Tiny Chest","Lizard Tail","Shuriken","Juzu Bracelet","Pandora\u0027s Box","Red Mask"],"card_choices":[{"not_picked":["Twin Strike","Uppercut"],"picked":"Seeing Red","floor":1},{"not_picked":["Headbutt","Perfected Strike"],"picked":"Reckless Charge","floor":3},{"not_picked":["Body Slam","Twin Strike"],"picked":"Wild Strike","floor":7},{"not_picked":["Rampage","Intimidate"],"picked":"Flex","floor":8},{"not_picked":["Warcry","Anger"],"picked":"Burning Pact","floor":12},{"not_picked":["Perfected Strike","Anger"],"picked":"Headbutt","floor":13},{"not_picked":["True Grit","Havoc"],"picked":"Cleave","floor":14},{"not_picked":["Juggernaut","Fiend Fire"],"picked":"Double Tap","floor":16},{"not_picked":["Clash","Body Slam"],"picked":"Perfected Strike","floor":18},{"not_picked":["Searing Blow","Shrug It Off"],"picked":"Wild Strike","floor":20},{"not_picked":["Perfected Strike","Anger"],"picked":"Reckless Charge","floor":22},{"not_picked":["Perfected Strike","Flex"],"picked":"Reckless Charge","floor":24},{"not_picked":["Twin Strike","Juggernaut"],"picked":"Seeing Red","floor":25},{"not_picked":["Perfected Strike","Burning Pact"],"picked":"Thunderclap","floor":28},{"not_picked":["Brutality","Fiend Fire"],"picked":"Demon Form","floor":33},{"not_picked":["Shrug It Off","True Grit"],"picked":"Thunderclap","floor":35},{"not_picked":["Headbutt","Spot Weakness"],"picked":"Flex","floor":37}],"player_experience":179647,"potions_floor_usage":[],"damage_taken":[{"damage":11,"enemies":"Jaw Worm","floor":1,"turns":2},{"damage":8,"enemies":"Small Slimes","floor":3,"turns":3},{"damage":23,"enemies":"3 Sentries","floor":7,"turns":7},{"damage":0,"enemies":"2 Louse","floor":8,"turns":3},{"damage":4,"enemies":"Blue Slaver","floor":12,"turns":3},{"damage":4,"enemies":"Looter","floor":13,"turns":3},{"damage":0,"enemies":"Large Slime","floor":14,"turns":6},{"damage":29,"enemies":"Slime Boss","floor":16,"turns":10},{"damage":21,"enemies":"Chosen","floor":18,"turns":5},{"damage":12,"enemies":"Shell Parasite","floor":20,"turns":3},{"damage":26,"enemies":"Snake Plant","floor":22,"turns":4},{"damage":5,"enemies":"Chosen and Byrds","floor":24,"turns":5},{"damage":2,"enemies":"Centurion and Healer","floor":25,"turns":5},{"damage":15,"enemies":"Snake Plant","floor":28,"turns":2},{"damage":79,"enemies":"Collector","floor":33,"turns":9},{"damage":29,"enemies":"3 Darklings","floor":35,"turns":6},{"damage":8,"enemies":"Orb Walker","floor":37,"turns":3},{"damage":49,"enemies":"Maw","floor":38,"turns":6}],"event_choices":[{"event_name":"Scrap Ooze","player_choice":"success","floor":2,"damage_taken":25},{"event_name":"Big Fish","player_choice":"Box","floor":5,"damage_taken":0},{"event_name":"Accursed Blacksmith","player_choice":"Rummage","floor":10,"damage_taken":0},{"event_name":"Transmorgrifier","player_choice":"Transform","floor":11,"damage_taken":0},{"event_name":"Beggar","player_choice":"Ignored","floor":21,"damage_taken":0},{"event_name":"Back to Basics","player_choice":"Simplicity","floor":31,"damage_taken":0},{"event_name":"Tomb of Lord Red Mask","player_choice":"Paid","floor":36,"damage_taken":0}],"boss_relics":[{"not_picked":["Orrery","Velvet Choker"],"picked":"Lizard Tail"},{"not_picked":["Astrolabe","Black Star"],"picked":"Pandora\u0027s Box"}],"potions_floor_spawned":[3,8,14,16,22,24,25,37],"seed_played":"1663242959474679557","killed_by":"Maw","ascension_level":0,"is_trial":false}