{"path_per_floor":["M","?","M","M","M","R","E","R","T","E","M","?","E","M","R","B",null,"M","?","$","M","$","R","E","?","T","$","R","M","M"],"character_chosen":"IRONCLAD","items_purchased":["Apotheosis","Flex","Metallicize","Madness","Good Instincts","Rupture"],"gold_per_floor":[110,110,110,124,137,137,165,165,192,227,238,238,268,279,279,378,378,396,396,396,411,44,44,71,71,151,20,20,36,48,48],"floor_reached":31,"campfire_rested":3,"playtime":916,"current_hp_per_floor":[73,73,79,72,65,65,47,71,78,58,60,60,56,54,80,60,87,86,86,86,66,66,66,12,3,3,3,30,33,23,0],"items_purged":[],"gold":48,"score":314,"play_id":"9322ec27-a030-4de2-a1b3-c1c7966d8bfd","local_time":"20180417195026","is_prod":false,"is_daily":false,"chose_seed":false,"is_ascension_mode":true,"campfire_upgraded":2,"timestamp":1524009026,"path_taken":["M","?","M","M","M","R","E","R","T","E","M","?","E","M","R","BOSS","M","?","$","M","$","R","E","?","T","$","R","M","M","M"],"build_version":"2018-04-12","seed_source_timestamp":102045975774301,"purchased_purges":0,"victory":false,"master_deck":["Strike_R","Strike_R","Strike_R","Defend_R","Defend_R","Defend_R","Bash","Heavy Blade","Wild Strike","Clothesline+1","Flex","Limit Break+1","Rage","Spot Weakness","Shrug It Off","Dropkick","Metallicize","Limit Break","Ghostly Armor+1","Feed+1","Fiend Fire+1","Pummel","Uppercut","Armaments+1","Apotheosis","Flex","Metallicize","Madness","Pommel Strike","Good Instincts","Rupture","Armaments","Burning Pact"],"max_hp_per_floor":[80,80,80,80,80,80,80,80,87,87,87,87,87,87,87,87,87,87,87,87,87,87,87,91,91,91,91,91,91,95,95],"relics":["Burning Blood","Juzu Bracelet","Strawberry","Centennial Puzzle","Ginger","Astrolabe","Bag of Marbles","Bottled Lightning"],"card_choices":[{"not_picked":["Shrug It Off","Whirlwind"],"picked":"Heavy Blade","floor":1},{"not_picked":["Fire Breathing","Iron Wave"],"picked":"Wild Strike","floor":3},{"not_picked":["Wild Strike","Cleave"],"picked":"Clothesline","floor":4},{"not_picked":["Battle Trance","Heavy Blade"],"picked":"Flex","floor":5},{"not_picked":["Perfected Strike","Shockwave"],"picked":"Limit Break","floor":7},{"not_picked":["Headbutt","Wild Strike"],"picked":"Rage","floor":10},{"not_picked":["Ghostly Armor","Reckless Charge"],"picked":"Spot Weakness","floor":11},{"not_picked":["Reckless Charge","Warcry"],"picked":"Dropkick","floor":13},{"not_picked":["Body Slam","Reckless Charge"],"picked":"Metallicize","floor":14},{"not_picked":["Exhume","Berserk"],"picked":"Limit Break","floor":16},{"not_picked":["Feel No Pain","Pommel Strike"],"picked":"Pummel","floor":18},{"not_picked":["Rage","Iron Wave"],"picked":"Armaments","floor":21},{"not_picked":["Shrug It Off","Bloodletting"],"picked":"Pommel Strike","floor":24},{"not_picked":["Warcry","Shrug It Off"],"picked":"Armaments","floor":29},{"not_picked":["Dual Wield","Warcry"],"picked":"Burning Pact","floor":30}],"player_experience":189233,"potions_floor_usage":[5,7,13,16,24,30],"damage_taken":[{"damage":13,"enemies":"Jaw Worm","floor":1,"turns":3},{"damage":0,"enemies":"Small Slimes","floor":3,"turns":3},{"damage":13,"enemies":"2 Louse","floor":4,"turns":2},{"damage":13,"enemies":"Red Slaver","floor":5,"turns":2},{"damage":24,"enemies":"3 Sentries","floor":7,"turns":5},{"damage":26,"enemies":"Lagavulin","floor":10,"turns":5},{"damage":4,"enemies":"Blue Slaver","floor":11,"turns":3},{"damage":10,"enemies":"Gremlin Nob","floor":13,"turns":3},{"damage":8,"enemies":"Large Slime","floor":14,"turns":4},{"damage":26,"enemies":"Slime Boss","floor":16,"turns":4},{"damage":7,"enemies":"Chosen","floor":18,"turns":3},{"damage":26,"enemies":"Spheric Guardian","floor":21,"turns":5},{"damage":64,"enemies":"Slavers","floor":24,"turns":8},{"damage":3,"enemies":"Snecko","floor":29,"turns":6},{"damage":20,"enemies":"Cultist and Chosen","floor":30,"turns":5},{"damage":23,"enemies":"3 Cultists","floor":31,"turns":4}],"event_choices":[{"event_name":"The Cleric","player_choice":"Leave","floor":2,"damage_taken":0},{"event_name":"Match and Keep!","player_choice":"1 cards matched","floor":12,"damage_taken":0},{"event_name":"The Library","player_choice":"Read","floor":19,"damage_taken":0},{"event_name":"Cursed Tome","player_choice":"Stopped","floor":25,"damage_taken":0}],"boss_relics":[{"not_picked":["Tiny House","Runic Pyramid"],"picked":"Astrolabe"}],"potions_floor_spawned":[1,5,11,13,21,29],"seed_played":"5612103034550733383","killed_by":"3 Cultists","ascension_level":1,"is_trial":false}