{"path_per_floor":["M","M","$","?","M","R","T","?","T","$","?","?","M","M","R","B",null,"M","$","M","$","?","R","M"],"character_chosen":"IRONCLAD","items_purchased":["True Grit","Dual Wield","True Grit","War Paint"],"gold_per_floor":[110,120,45,45,56,56,79,254,254,74,99,99,112,132,132,235,235,252,201,214,71,71,71,82],"floor_reached":25,"campfire_rested":0,"playtime":1695,"current_hp_per_floor":[80,80,80,47,46,46,46,46,46,46,44,28,28,28,28,19,80,60,60,63,63,63,63,27],"items_purged":["Strike_R","Doubt"],"gold":82,"play_id":"bbc612ea-b7b6-41a7-8c1d-90b411273fa6","is_prod":false,"is_daily":false,"campfire_rituals":0,"campfire_upgraded":3,"is_hardmode":false,"path_taken":["M","M","$","?","M","R","?","?","T","$","?","?","M","M","R","BOSS","M","$","M","$","?","R","M","M"],"build_version":"2017-12-29-BETA1","purchased_purges":2,"victory":false,"master_deck":["Strike_R","Strike_R","Strike_R","Strike_R","Defend_R","Defend_R","Defend_R","Defend_R","Bash","Iron Wave","Rampage","Cleave","Pommel Strike","True Grit","Dual Wield","Spot Weakness","Reaper","Burning Pact","True Grit","Battle Trance"],"max_hp_per_floor":[80,80,80,80,80,80,80,80,80,80,80,80,80,80,80,80,80,80,80,80,80,80,80,80],"relics":["Sozu","Ornamental Fan","Prayer Wheel","Torii","Odd Mushroom","Question Card","War Paint"],"campfire_meditates":0,"card_choices":[{"not_picked":["Blood for Blood","Corruption"],"picked":"Iron Wave"},{"not_picked":["Battle Trance","Juggernaut"],"picked":"Rampage"},{"not_picked":["Wild Strike","Clothesline"],"picked":"Cleave"},{"not_picked":["Infernal Blade","Sever Soul"],"picked":"Pommel Strike"},{"not_picked":["Headbutt","Iron Wave"],"picked":"Spot Weakness"},{"not_picked":["Berserk","Exhume"],"picked":"Reaper"},{"not_picked":["Intimidate","Armaments","Iron Wave"],"picked":"Burning Pact"},{"not_picked":["Searing Blow","Power Through","Clothesline"],"picked":"Battle Trance"}],"player_experience":157272,"potions_floor_usage":[],"damage_taken":[{"damage":0,"enemies":"Cultist","floor":1,"turns":3},{"damage":0,"enemies":"2 Louse","floor":2,"turns":3},{"damage":1,"enemies":"Small Slimes","floor":5,"turns":3},{"damage":2,"enemies":"The Mushroom Lair","floor":11,"turns":5},{"damage":0,"enemies":"Looter","floor":13,"turns":2},{"damage":0,"enemies":"Red Slaver","floor":14,"turns":3},{"damage":9,"enemies":"The Guardian","floor":16,"turns":7},{"damage":20,"enemies":"Spheric Guardian","floor":18,"turns":4},{"damage":4,"enemies":"Shell Parasite","floor":20,"turns":9},{"damage":36,"enemies":"Snake Plant","floor":24,"turns":5},{"damage":27,"enemies":"Slaver and Parasite","floor":25,"turns":3}],"event_choices":[{"event_name":"Scrap Ooze","player_choice":"success","floor":4,"damage_taken":33},{"event_name":"Liars Game","player_choice":"agreed","floor":8,"damage_taken":0},{"event_name":"Mushrooms","player_choice":"Fought Mushrooms","floor":11,"damage_taken":0},{"event_name":"Shining Light","player_choice":"Entered Light","floor":12,"damage_taken":0},{"event_name":"The Mausoleum","player_choice":"No","floor":22,"damage_taken":0}],"boss_relics":[{"not_picked":["Astrolabe","Cursed Key"],"picked":"Question Card"}],"potions_floor_spawned":[1,2,11,13,20],"seed_played":"7959598745714845716","killed_by":"Slaver and Parasite","is_trial":false}