{"path_per_floor":["M","?","M","?","M","R","M","?","T","$","R","M","R","$","R","B",null,"M","M","M","?","M","R","E","M","T","M","M","$","?","$","R","B",null,"M","?","?","M","M","R","$","R","T","R","$","M","R","$","R"],"character_chosen":"IRONCLAD","items_purchased":["Shrug It Off","Anchor","Pommel Strike"],"gold_per_floor":[114,114,125,125,145,145,158,182,208,39,39,49,49,1,1,96,96,96,96,96,96,96,96,96,96,96,96,96,21,21,21,21,21,21,21,21,21,21,21,21,21,21,21,21,21,21,21,21,21],"floor_reached":50,"campfire_rested":4,"playtime":4636,"current_hp_per_floor":[80,64,65,58,64,64,70,51,51,51,51,57,57,57,57,29,80,80,73,69,69,54,54,16,30,30,28,32,32,32,32,57,46,88,89,89,89,68,33,60,60,87,87,87,87,78,90,90,90],"items_purged":["Strike_R"],"gold":21,"play_id":"8b2d8029-0d06-4aa5-9600-f1d96c6e7c68","is_prod":false,"is_daily":false,"campfire_rituals":0,"campfire_upgraded":7,"is_hardmode":false,"path_taken":["M","?","M","?","M","R","M","?","T","?","R","M","R","$","R","BOSS","M","?","M","?","M","R","E","M","T","M","?","$","?","$","R","BOSS","M","?","?","?","?","R","$","R","T","R","$","?","R","$","R","BOSS"],"build_version":"2017-12-29-BETA1","purchased_purges":2,"victory":false,"master_deck":["Strike_R","Strike_R","Strike_R","Defend_R","Defend_R","Defend_R","Defend_R","Bash","Thunderclap","Metallicize","Sword Boomerang","True Grit","Shrug It Off","Shrug It Off","Pommel Strike","Offering","Perfected Strike","Sword Boomerang","Twin Strike","Limit Break","Seeing Red","Jack Of All Trades","Pommel Strike","Flex","Intimidate","Clothesline","Clash"],"max_hp_per_floor":[80,80,80,80,80,80,80,80,80,80,80,80,80,80,80,80,80,80,80,80,80,80,80,82,84,84,84,86,86,86,86,86,88,88,90,90,90,90,90,90,90,90,90,90,90,90,90,90,90],"relics":["Burning Blood","Odd Mushroom","Singing Bowl","Anchor","Ectoplasm","Unceasing Top","Calipers","Lizard Tail","Magic Flower"],"campfire_meditates":0,"card_choices":[{"not_picked":["Heavy Blade","Combust"],"picked":"Thunderclap"},{"not_picked":["Dual Wield","Berserk"],"picked":"Metallicize"},{"not_picked":["Thunderclap","Dual Wield"],"picked":"Sword Boomerang"},{"not_picked":["Warcry","Intimidate"],"picked":"True Grit"},{"not_picked":["Entrench","Dropkick"],"picked":"Shrug It Off"},{"not_picked":["Reaper","Impervious"],"picked":"Offering"},{"not_picked":["Carnage","Iron Wave"],"picked":"Perfected Strike"},{"not_picked":["Shrug It Off","Dual Wield"],"picked":"Sword Boomerang"},{"not_picked":["Wild Strike","Perfected Strike"],"picked":"Twin Strike"},{"not_picked":["Wild Strike","Dual Wield"],"picked":"Pommel Strike"},{"not_picked":["Disarm","Sword Boomerang"],"picked":"Flex"},{"not_picked":["Dual Wield","Seeing Red"],"picked":"Intimidate"},{"not_picked":["Sword Boomerang","Twin Strike"],"picked":"Clothesline"},{"not_picked":["Wild Strike","Ghostly Armor"],"picked":"Clash"}],"player_experience":211823,"potions_floor_usage":[16,25,33,46],"damage_taken":[{"damage":6,"enemies":"Cultist","floor":1,"turns":4},{"damage":5,"enemies":"Jaw Worm","floor":3,"turns":5},{"damage":0,"enemies":"2 Louse","floor":5,"turns":3},{"damage":0,"enemies":"Large Slime","floor":7,"turns":8},{"damage":25,"enemies":"The Mushroom Lair","floor":8,"turns":7},{"damage":0,"enemies":"3 Louse","floor":12,"turns":3},{"damage":34,"enemies":"The Guardian","floor":16,"turns":16},{"damage":5,"enemies":"Shell Parasite","floor":18,"turns":7},{"damage":13,"enemies":"Spheric Guardian","floor":19,"turns":4},{"damage":10,"enemies":"3 Cultists","floor":20,"turns":5},{"damage":21,"enemies":"Snake Plant","floor":22,"turns":6},{"damage":46,"enemies":"Book of Stabbing","floor":24,"turns":6},{"damage":7,"enemies":"Snecko","floor":25,"turns":5},{"damage":8,"enemies":"Chosen and Byrds","floor":27,"turns":5},{"damage":4,"enemies":"3 Cultists","floor":28,"turns":5},{"damage":19,"enemies":"Champ","floor":33,"turns":12},{"damage":7,"enemies":"Orb Walker","floor":35,"turns":4},{"damage":27,"enemies":"3 Darklings","floor":38,"turns":10},{"damage":41,"enemies":"Sphere and 2 Shapes","floor":39,"turns":7},{"damage":18,"enemies":"Maw","floor":46,"turns":9},{"damage":177,"enemies":"Donu and Deca","floor":50,"turns":10}],"event_choices":[{"event_name":"Shining Light","player_choice":"Entered Light","floor":2,"damage_taken":0},{"event_name":"Golden Wing","player_choice":"Card Removal","floor":4,"damage_taken":0},{"event_name":"Mushrooms","player_choice":"Fought Mushrooms","floor":8,"damage_taken":0},{"event_name":"Match and Keep!","player_choice":"3 cards matched","floor":21,"damage_taken":0},{"event_name":"Golden Shrine","player_choice":"Skipped","floor":30,"damage_taken":0},{"event_name":"Golden Shrine","player_choice":"Skipped","floor":36,"damage_taken":0},{"event_name":"Mysterious Sphere","player_choice":"Ignore","floor":37,"damage_taken":0}],"boss_relics":[{"not_picked":["Mark of Pain","Black Blood"],"picked":"Ectoplasm"},{"not_picked":["Black Star","Runic Cube"],"picked":"Lizard Tail"}],"potions_floor_spawned":[1,12,18,20,24,27,39],"seed_played":"257408504484560625","killed_by":"Donu and Deca","is_trial":false}