{"path_per_floor":["M","M","?","?","M","E","M","?","T","E","?","$","M","M","R","B",null,"M","M","M","M","?","E","R","E","T","?","M","E","?","M","R","B",null,"M","$","?","?","?","E","M","M","T","$","M","E","R","M","R","B"],"character_chosen":"IRONCLAD","items_purchased":["Inflame","Orichalcum","Enlightenment"],"gold_per_floor":[118,132,199,199,212,245,260,260,260,289,269,39,59,71,71,173,173,188,204,223,240,155,187,187,217,217,217,230,256,256,273,273,370,370,390,138,138,0,49,82,101,112,137,87,105,132,132,147,147,147],"floor_reached":51,"campfire_rested":4,"playtime":4916,"current_hp_per_floor":[74,74,74,67,70,57,42,42,42,15,15,15,16,14,55,46,87,87,75,55,49,49,22,63,49,55,55,61,54,54,68,68,49,80,80,80,80,80,51,19,29,35,41,41,75,21,61,72,86,26],"items_purged":["Doubt","Injury"],"gold":147,"play_id":"2e165171-7238-41c9-8004-5569036e6993","is_prod":false,"is_daily":false,"campfire_rituals":0,"campfire_upgraded":1,"is_hardmode":false,"path_taken":["M","M","?","?","M","E","?","?","T","E","?","$","M","M","R","BOSS","M","M","M","M","?","E","R","E","T","?","M","E","?","M","R","BOSS","M","$","?","?","?","E","M","M","T","$","M","E","R","?","R","BOSS"],"build_version":"2017-12-21-PROD1","purchased_purges":2,"victory":true,"master_deck":["Defend_R","Defend_R","Defend_R","Bash","Sword Boomerang","Blood for Blood","Flex","Demon Form","Pommel Strike","Limit Break","Clash","Inflame","Cleave","Double Tap","Pummel","Headbutt","Shrug It Off","Iron Wave","Pommel Strike","Sword Boomerang","Parasite","Clash","Iron Wave","Bite_R","Bite_R","Bite_R","Bite_R","Bite_R","Armaments","Reaper","Thunderclap","Enlightenment","Iron Wave","Cleave","Thunderclap","Thunderclap","Spot Weakness","Rage","Fiend Fire"],"max_hp_per_floor":[80,80,80,80,80,87,87,87,87,87,87,87,87,87,87,87,87,87,87,87,87,87,87,87,101,107,107,107,107,74,74,74,74,80,80,80,80,80,80,80,80,80,86,86,86,86,86,86,86,86],"relics":["Burning Blood","Regal Pillow","Happy Flower","Strawberry","Dodecahedron","Smiling Mask","Orichalcum","Cursed Key","Darkstone Periapt","Thread and Needle","Mango","Bird Faced Urn","Bronze Scales","Sozu","Red Mask","Calipers","Pantograph","Molten Egg","Frozen Eye"],"campfire_meditates":0,"card_choices":[{"not_picked":["Body Slam","Cleave"],"picked":"Sword Boomerang"},{"not_picked":["Whirlwind","Feel No Pain"],"picked":"Blood for Blood"},{"not_picked":["Warcry","Perfected Strike"],"picked":"Flex"},{"not_picked":["Power Through","Perfected Strike"],"picked":"Demon Form"},{"not_picked":["Power Through","Bloodletting"],"picked":"Pommel Strike"},{"not_picked":["Sever Soul","Anger"],"picked":"Clash"},{"not_picked":["Anger","True Grit"],"picked":"Cleave"},{"not_picked":["Inflame","Sever Soul"],"picked":"Flame Barrier"},{"not_picked":["Brutality","Berserk"],"picked":"Double Tap"},{"not_picked":["Metallicize","Body Slam"],"picked":"Pummel"},{"not_picked":["Hemokinesis","Shrug It Off"],"picked":"Headbutt"},{"not_picked":["Reckless Charge","Whirlwind"],"picked":"Shrug It Off"},{"not_picked":["Feel No Pain","Rampage"],"picked":"Iron Wave"},{"not_picked":["Sever Soul","Fiend Fire"],"picked":"Pommel Strike"},{"not_picked":["Combust","Feel No Pain"],"picked":"Sword Boomerang"},{"not_picked":["Dual Wield","Warcry"],"picked":"Clash"},{"not_picked":["Rupture","Anger"],"picked":"Iron Wave"},{"not_picked":["Burning Pact","Second Wind"],"picked":"Armaments"},{"not_picked":["Limit Break","Feed"],"picked":"Reaper"},{"not_picked":["True Grit","Rage"],"picked":"Thunderclap"},{"not_picked":["Clothesline","Warcry"],"picked":"Iron Wave"},{"not_picked":["Dual Wield","Clothesline"],"picked":"Cleave"},{"not_picked":["Second Wind","Seeing Red"],"picked":"Thunderclap"},{"not_picked":["Pummel","Warcry"],"picked":"Thunderclap"},{"not_picked":["Disarm","Armaments"],"picked":"Spot Weakness"},{"not_picked":["Pummel","Battle Trance"],"picked":"Rage"},{"not_picked":["Headbutt","Seeing Red"],"picked":"Fiend Fire"}],"player_experience":62153,"potions_floor_usage":[6,13,13,20,23,25,31,33],"damage_taken":[{"damage":12,"enemies":"Looter","floor":1,"turns":4},{"damage":6,"enemies":"Cultist","floor":2,"turns":3},{"damage":3,"enemies":"Jaw Worm","floor":5,"turns":4},{"damage":26,"enemies":"Lagavulin","floor":6,"turns":5},{"damage":21,"enemies":"Exordium Wildlife","floor":7,"turns":4},{"damage":33,"enemies":"3 Sentries","floor":10,"turns":7},{"damage":5,"enemies":"Exordium Thugs","floor":13,"turns":3},{"damage":8,"enemies":"Lots of Slimes","floor":14,"turns":3},{"damage":15,"enemies":"Hexaghost","floor":16,"turns":7},{"damage":0,"enemies":"Spheric Guardian","floor":18,"turns":3},{"damage":18,"enemies":"2 Thieves","floor":19,"turns":3},{"damage":26,"enemies":"3 Cultists","floor":20,"turns":5},{"damage":12,"enemies":"Centurion and Healer","floor":21,"turns":5},{"damage":33,"enemies":"Book of Stabbing","floor":23,"turns":5},{"damage":34,"enemies":"Slavers","floor":25,"turns":4},{"damage":4,"enemies":"Snecko","floor":28,"turns":3},{"damage":15,"enemies":"Book of Stabbing","floor":29,"turns":4},{"damage":0,"enemies":"Snake Plant","floor":31,"turns":2},{"damage":42,"enemies":"Collector","floor":33,"turns":8},{"damage":0,"enemies":"Orb Walker","floor":35,"turns":3},{"damage":41,"enemies":"Mysterious Sphere","floor":39,"turns":3},{"damage":57,"enemies":"2 Orb Walkers","floor":40,"turns":6},{"damage":26,"enemies":"3 Darklings","floor":41,"turns":6},{"damage":12,"enemies":"4 Shapes","floor":42,"turns":5},{"damage":20,"enemies":"Maw","floor":45,"turns":6},{"damage":99,"enemies":"Giant Head","floor":46,"turns":9},{"damage":15,"enemies":"Sphere and 2 Shapes","floor":48,"turns":4},{"damage":79,"enemies":"Awakened One","floor":50,"turns":8}],"event_choices":[{"event_name":"Golden Wing","player_choice":"Gained Gold","floor":3,"damage_taken":0},{"event_name":"Scrap Ooze","player_choice":"success","floor":4,"damage_taken":7},{"event_name":"Transmorgrifier","player_choice":"Transform","floor":8,"damage_taken":0},{"event_name":"The Woman in Blue","player_choice":"Bought 1 Potion","floor":11,"damage_taken":0},{"event_name":"Addict","player_choice":"Obtained Relic","floor":22,"damage_taken":0},{"event_name":"Match and Keep!","player_choice":"0 cards matched","floor":27,"damage_taken":0},{"event_name":"Vampires","player_choice":"Became a vampire","floor":30,"damage_taken":0},{"event_name":"Tomb of Lord Red Mask","player_choice":"Paid","floor":38,"damage_taken":0},{"event_name":"Mysterious Sphere","player_choice":"Fight","floor":39,"damage_taken":0}],"boss_relics":[{"not_picked":["Black Blood","Eternal Feather"],"picked":"Cursed Key"},{"not_picked":["Black Star","Orrery"],"picked":"Sozu"}],"potions_floor_spawned":[2,6,10,13,16,19,23,29,31,40,41,42,46],"seed_played":"1022080617079921863","is_trial":false}