{"path_per_floor":["M","?","M","$","M","R","?","R","T","M","?","M","M","$","R","B",null,"M","?","M","?","$","R","$","R","T","R","?","M","M","$","R"],"character_chosen":"IRONCLAD","items_purchased":["Ghostly Armor"],"gold_per_floor":[114,114,129,69,85,85,85,85,85,100,65,76,87,7,7,106,106,117,117,130,45,45,45,45,45,45,45,45,59,71,16,16],"floor_reached":33,"campfire_rested":2,"playtime":2162,"current_hp_per_floor":[69,74,56,56,48,48,48,48,48,42,63,59,48,48,74,40,87,64,64,48,55,55,61,61,67,67,73,73,57,34,34,71],"items_purged":["Regret","Decay"],"gold":16,"play_id":"d7635e9b-47fb-4e8d-9208-07719d7647c6","is_prod":false,"is_daily":false,"campfire_rituals":0,"campfire_upgraded":5,"is_hardmode":false,"path_taken":["M","?","?","$","M","R","?","R","T","M","?","?","M","$","R","BOSS","M","?","?","?","?","R","$","R","T","R","?","M","M","$","R","BOSS"],"build_version":"2017-12-29-BETA1","purchased_purges":2,"victory":false,"master_deck":["Strike_R","Strike_R","Strike_R","Strike_R","Strike_R","Defend_R","Defend_R","Defend_R","Defend_R","Bash","Blood for Blood","Armaments","Cleave","Twin Strike","Shrug It Off","Reaper","Flex","Headbutt","Twin Strike","Ghostly Armor"],"max_hp_per_floor":[80,85,85,85,85,85,85,85,85,87,87,87,87,87,87,87,87,87,87,87,94,94,94,94,94,94,94,94,96,98,98,98],"relics":["Calling Bell","The Courier","Singing Bowl","Champion Belt","Ginger","Eternal Feather","Strawberry","Unceasing Top"],"campfire_meditates":0,"card_choices":[{"not_picked":["Perfected Strike","Cleave"],"picked":"Blood for Blood"},{"not_picked":["Clash","Pommel Strike"],"picked":"Armaments"},{"not_picked":["Sword Boomerang","Uppercut"],"picked":"Cleave"},{"not_picked":["Metallicize","Blood for Blood"],"picked":"Twin Strike"},{"not_picked":["Headbutt","Power Through"],"picked":"Shrug It Off"},{"not_picked":["Berserk","Exhume"],"picked":"Reaper"},{"not_picked":["Heavy Blade","Dual Wield"],"picked":"Flex"},{"not_picked":["Havoc","Anger"],"picked":"Headbutt"}],"player_experience":196124,"potions_floor_usage":[16,33],"damage_taken":[{"damage":11,"enemies":"Small Slimes","floor":1,"turns":5},{"damage":18,"enemies":"Cultist","floor":3,"turns":4},{"damage":8,"enemies":"2 Louse","floor":5,"turns":2},{"damage":8,"enemies":"Red Slaver","floor":10,"turns":4},{"damage":4,"enemies":"3 Louse","floor":12,"turns":2},{"damage":11,"enemies":"Lots of Slimes","floor":13,"turns":3},{"damage":34,"enemies":"Slime Boss","floor":16,"turns":10},{"damage":30,"enemies":"Chosen","floor":18,"turns":6},{"damage":22,"enemies":"3 Byrds","floor":20,"turns":6},{"damage":18,"enemies":"Snake Plant","floor":29,"turns":3},{"damage":34,"enemies":"3 Cultists","floor":30,"turns":7},{"damage":112,"enemies":"Champ","floor":33,"turns":16}],"event_choices":[{"event_name":"Big Fish","player_choice":"Donut","floor":2,"damage_taken":0},{"event_name":"Transmorgrifier","player_choice":"Transform","floor":7,"damage_taken":0},{"event_name":"The Cleric","player_choice":"Healed","floor":11,"damage_taken":0},{"event_name":"Fountain of Cleansing","player_choice":"Removed Curse","floor":19,"damage_taken":0},{"event_name":"Addict","player_choice":"Obtained Relic","floor":21,"damage_taken":0},{"event_name":"Duplicator","player_choice":"One dupe","floor":28,"damage_taken":0}],"boss_relics":[{"not_picked":["Mark of Pain","Runic Pyramid"],"picked":"Eternal Feather"}],"potions_floor_spawned":[13,29,30],"seed_played":"7351046247422458142","killed_by":"Champ","is_trial":false}