{"path_per_floor":["M","?","?","?","M","R","M","$","T","R","M","?","M","M","R","B",null,"M","?","?","?","M","R","?","R","T"],"character_chosen":"IRONCLAD","items_purchased":["Feel No Pain","Battle Trance"],"gold_per_floor":[111,211,161,236,250,250,269,75,75,75,87,87,103,117,117,214,214,226,176,176,176,157,157,157,157,157],"floor_reached":27,"campfire_rested":0,"playtime":2092,"current_hp_per_floor":[74,74,74,63,54,58,58,58,58,62,59,59,59,54,60,30,80,43,43,43,43,28,36,36,44,44],"items_purged":["Strike_R"],"gold":157,"play_id":"6e1a879c-7f13-49b6-82be-9a623f187e0f","is_prod":false,"is_daily":false,"campfire_rituals":0,"campfire_upgraded":5,"is_hardmode":false,"path_taken":["M","?","?","?","M","R","?","$","T","R","M","?","M","?","R","BOSS","M","?","?","?","M","R","?","R","T","?"],"build_version":"2017-12-29-BETA1","purchased_purges":1,"victory":false,"master_deck":["Strike_R","Strike_R","Strike_R","Defend_R","Defend_R","Defend_R","Defend_R","Bash","Armaments","Headbutt","Feel No Pain","Battle Trance","Armaments","Inflame","Iron Wave","Double Tap","Perfected Strike","True Grit","Intimidate","Uppercut"],"max_hp_per_floor":[80,80,80,80,80,80,80,80,80,80,80,80,80,80,80,80,80,80,80,80,80,80,80,80,80,80],"relics":["Eternal Feather","Blue Candle","Nloth\u0027s Gift","Darkstone Periapt"],"campfire_meditates":0,"card_choices":[{"not_picked":["Headbutt","Power Through"],"picked":"Armaments"},{"not_picked":["Seeing Red","Bloodletting"],"picked":"Headbutt"},{"not_picked":["Offering","Armaments"],"picked":"Clash"},{"not_picked":["Sever Soul","Infernal Blade"],"picked":"Inflame"},{"not_picked":["Rupture","Rage"],"picked":"Iron Wave"},{"not_picked":["Berserk","Demon Form"],"picked":"Double Tap"},{"not_picked":["Anger","Searing Blow"],"picked":"Perfected Strike"},{"not_picked":["Cleave","Fire Breathing"],"picked":"Intimidate"}],"player_experience":158967,"potions_floor_usage":[16,27,27],"damage_taken":[{"damage":6,"enemies":"2 Louse","floor":1,"turns":3},{"damage":9,"enemies":"Blue Slaver","floor":5,"turns":5},{"damage":0,"enemies":"Jaw Worm","floor":7,"turns":4},{"damage":3,"enemies":"3 Louse","floor":11,"turns":5},{"damage":0,"enemies":"2 Fungi Beasts","floor":13,"turns":4},{"damage":5,"enemies":"Looter","floor":14,"turns":4},{"damage":30,"enemies":"Slime Boss","floor":16,"turns":10},{"damage":37,"enemies":"Spheric Guardian","floor":18,"turns":8},{"damage":15,"enemies":"2 Thieves","floor":22,"turns":4},{"damage":45,"enemies":"Masked Bandits","floor":27,"turns":4}],"event_choices":[{"event_name":"Wheel of Change","player_choice":"Gold","floor":2,"damage_taken":0},{"event_name":"The Cleric","player_choice":"Card Removal","floor":3,"damage_taken":0},{"event_name":"World of Goop","player_choice":"Gather Gold","floor":4,"damage_taken":0},{"event_name":"Match and Keep!","player_choice":"1 cards matched","floor":12,"damage_taken":0},{"event_name":"The Joust","player_choice":"Bet on Owner","floor":19,"damage_taken":0},{"event_name":"The Library","player_choice":"Read","floor":20,"damage_taken":0},{"event_name":"N\u0027loth","player_choice":"Traded a Black Star","floor":21,"damage_taken":0},{"event_name":"Transmorgrifier","player_choice":"Transform","floor":24,"damage_taken":0},{"event_name":"Masked Bandits","player_choice":"Fought over 157 gold","floor":27,"damage_taken":0}],"boss_relics":[{"not_picked":["Runic Cube","Snecko Eye"],"picked":"Black Star"}],"potions_floor_spawned":[5,13,18],"seed_played":"-7714764212645921803","killed_by":"Masked Bandits","is_trial":false}