{"path_per_floor":["M","?","$","?","?","R","?","M","T","M","R","M","R","M","R","B",null,"M","M","?","M","$","R","M","R","T","R","M","M","M","?","R","B",null,"M","M","?","?","M","R","?","M","T","M","M","M","?","?","R"],"character_chosen":"IRONCLAD","items_purchased":["Vajra"],"gold_per_floor":[117,117,42,16,16,16,16,28,28,44,44,54,54,70,70,170,170,185,203,203,214,68,68,88,88,88,88,105,116,132,132,132,237,237,253,263,263,263,275,275,275,289,289,307,327,347,307,307,307],"floor_reached":50,"campfire_rested":1,"playtime":4674,"current_hp_per_floor":[77,77,77,77,82,82,82,82,82,82,82,82,82,80,80,24,85,85,85,85,76,76,76,63,63,63,63,72,85,85,70,70,53,90,78,67,67,67,64,64,64,53,53,23,14,11,11,11,38],"items_purged":["Strike_R"],"gold":307,"play_id":"474864e7-3a4d-4c62-a69c-509696c7024d","is_prod":false,"is_daily":false,"campfire_rituals":0,"campfire_upgraded":5,"is_hardmode":false,"path_taken":["M","?","$","?","?","R","?","M","T","M","R","M","R","M","R","BOSS","M","M","?","M","$","R","M","R","T","R","M","M","M","?","R","BOSS","M","M","?","?","M","R","?","M","T","M","M","?","?","?","R","BOSS"],"build_version":"2017-12-29-BETA1","purchased_purges":1,"victory":false,"master_deck":["Bash","Clothesline","Shrug It Off","Offering","Flex","Iron Wave","Shrug It Off","Pommel Strike","Reaper","Pommel Strike","Shrug It Off","Spot Weakness","Pommel Strike","Thunderclap","Headbutt","Double Tap","Whirlwind","Sword Boomerang","Twin Strike","Pommel Strike","Battle Trance","Reaper"],"max_hp_per_floor":[80,80,80,80,85,85,85,85,85,85,85,85,85,85,85,85,85,85,85,85,85,85,85,85,85,85,85,85,85,85,90,90,90,90,90,90,90,90,90,90,90,90,90,90,90,90,90,90,90],"relics":["Astrolabe","Peace Pipe","Orrery","Vajra","Thread and Needle","Question Card","Bird Faced Urn"],"campfire_meditates":0,"card_choices":[{"not_picked":["Offering","Evolve"],"picked":"Flex"},{"not_picked":["Reckless Charge","Blood for Blood"],"picked":"Iron Wave"},{"not_picked":["Heavy Blade","Fire Breathing"],"picked":"Shrug It Off"},{"not_picked":["Flex","Berserk"],"picked":"Pommel Strike"},{"not_picked":["Limit Break","Feed"],"picked":"Reaper"},{"not_picked":["Intimidate","Dual Wield"],"picked":"Pommel Strike"},{"not_picked":["Heavy Blade","Wild Strike"],"picked":"Shrug It Off"},{"not_picked":["Blood for Blood","Hemokinesis"],"picked":"Spot Weakness"},{"not_picked":["Wild Strike","Power Through"],"picked":"Pommel Strike"},{"not_picked":["Perfected Strike","Heavy Blade"],"picked":"Thunderclap"},{"not_picked":["Heavy Blade","Warcry"],"picked":"Headbutt"},{"not_picked":["Dual Wield","Warcry"],"picked":"Inflame"},{"not_picked":["Barricade","Reaper"],"picked":"Double Tap"},{"not_picked":["Shrug It Off","Clash","Armaments"],"picked":"Whirlwind"},{"not_picked":["Power Through","Bloodletting","Infernal Blade"],"picked":"Sword Boomerang"},{"not_picked":["Armaments","Blood for Blood","Sword Boomerang"],"picked":"Twin Strike"},{"not_picked":["Twin Strike","Berserk","Clash"],"picked":"Pommel Strike"},{"not_picked":["Heavy Blade","Anger","Iron Wave"],"picked":"Battle Trance"}],"player_experience":199293,"potions_floor_usage":[19,28,33,33,33,45,50,50,50],"damage_taken":[{"damage":3,"enemies":"Cultist","floor":1,"turns":2},{"damage":0,"enemies":"Jaw Worm","floor":8,"turns":3},{"damage":0,"enemies":"Blue Slaver","floor":10,"turns":5},{"damage":0,"enemies":"3 Louse","floor":12,"turns":2},{"damage":2,"enemies":"Exordium Wildlife","floor":14,"turns":6},{"damage":56,"enemies":"Slime Boss","floor":16,"turns":10},{"damage":4,"enemies":"3 Byrds","floor":18,"turns":7},{"damage":0,"enemies":"Chosen","floor":19,"turns":4},{"damage":13,"enemies":"Centurion and Healer","floor":21,"turns":9},{"damage":13,"enemies":"Snecko","floor":24,"turns":6},{"damage":0,"enemies":"Snake Plant","floor":28,"turns":4},{"damage":3,"enemies":"Chosen and Byrds","floor":29,"turns":5},{"damage":7,"enemies":"Centurion and Healer","floor":30,"turns":5},{"damage":51,"enemies":"Collector","floor":33,"turns":12},{"damage":12,"enemies":"Flame Bruiser 1 Orb","floor":35,"turns":4},{"damage":25,"enemies":"3 Shapes","floor":36,"turns":5},{"damage":3,"enemies":"Spire Growth","floor":39,"turns":4},{"damage":11,"enemies":"Flame Bruiser 2 Orb","floor":42,"turns":5},{"damage":42,"enemies":"Sphere and 2 Shapes","floor":44,"turns":8},{"damage":9,"enemies":"Spire Growth","floor":45,"turns":4},{"damage":3,"enemies":"3 Darklings","floor":46,"turns":5},{"damage":64,"enemies":"Donu and Deca","floor":50,"turns":6}],"event_choices":[{"event_name":"Liars Game","player_choice":"disagreed","floor":2,"damage_taken":0},{"event_name":"World of Goop","player_choice":"Left","floor":4,"damage_taken":0},{"event_name":"Big Fish","player_choice":"Donut","floor":5,"damage_taken":0},{"event_name":"The Lab","player_choice":"Got Potions","floor":7,"damage_taken":0},{"event_name":"Vampires","player_choice":"Ignored","floor":20,"damage_taken":0},{"event_name":"Forgotten Altar","player_choice":"Shed Blood","floor":31,"damage_taken":0},{"event_name":"Transmorgrifier","player_choice":"Skipped","floor":38,"damage_taken":0},{"event_name":"Purifier","player_choice":"One Purge","floor":41,"damage_taken":0},{"event_name":"The Woman in Blue","player_choice":"Bought 3 Potions","floor":47,"damage_taken":0},{"event_name":"Duplicator","player_choice":"One dupe","floor":48,"damage_taken":0}],"boss_relics":[{"not_picked":["Runic Cube","Runic Pyramid"],"picked":"Orrery"},{"not_picked":["Pandora\u0027s Box","Black Star"],"picked":"Question Card"}],"potions_floor_spawned":[10,12,16,18,19,24,28,33,36,39],"seed_played":"3049719959814685178","killed_by":"Donu and Deca","is_trial":false}