{"path_per_floor":["M","?","M","?","M","R","M","R","T","M","?","R","M","?","R","B",null,"M","M","$","M","?","?","M","$","T","M","T","?","R","M","R"],"character_chosen":"IRONCLAD","items_purchased":["Shuriken","Battle Trance"],"gold_per_floor":[109,109,124,124,144,144,161,161,186,206,228,228,246,246,246,343,343,354,371,41,55,55,55,69,33,59,79,79,79,79,92,92],"floor_reached":33,"campfire_rested":2,"playtime":2116,"current_hp_per_floor":[80,85,85,85,85,85,85,85,85,75,68,68,69,69,69,32,85,85,82,82,71,71,71,38,38,38,20,20,4,29,18,43],"items_purged":["Feel No Pain"],"gold":92,"play_id":"d1802180-f92d-4616-86d4-a386ef53519b","is_prod":false,"is_daily":false,"campfire_rituals":0,"campfire_upgraded":4,"is_hardmode":false,"path_taken":["M","?","M","?","M","R","M","R","T","?","?","R","M","?","R","BOSS","M","M","$","?","?","?","M","?","T","M","?","?","R","M","R","BOSS"],"build_version":"2017-12-29-BETA1","purchased_purges":1,"victory":false,"master_deck":["Bash","Rampage","Evolve","Injury","Flame Barrier","Rampage","Iron Wave","Clothesline","Double Tap","Flex","Armaments","Twin Strike","Clothesline","Hemokinesis","Twin Strike","Sword Boomerang","True Grit","Flex","Hemokinesis","Thunderclap","Cleave","Battle Trance","Iron Wave","Rupture"],"max_hp_per_floor":[80,85,85,85,85,85,85,85,85,85,85,85,85,85,85,85,85,85,85,85,85,85,85,85,85,85,85,85,85,85,85,85],"relics":["Burning Blood","NeowsBlessing","Happy Flower","Odd Mushroom","Lantern","Pandora\u0027s Box","Shuriken","Bag of Marbles","Dead Branch","Nilry\u0027s Codex"],"campfire_meditates":0,"card_choices":[{"not_picked":["Heavy Blade","Headbutt"],"picked":"Rampage"},{"not_picked":["Corruption","Armaments"],"picked":"Evolve"},{"not_picked":["Fire Breathing","Perfected Strike"],"picked":"Flame Barrier"},{"not_picked":["Limit Break","Intimidate"],"picked":"Rampage"},{"not_picked":["Combust","True Grit"],"picked":"Iron Wave"},{"not_picked":["Disarm","Armaments"],"picked":"Clothesline"},{"not_picked":["Juggernaut","Berserk"],"picked":"Double Tap"},{"not_picked":["Metallicize","Anger"],"picked":"Flex"},{"not_picked":["Iron Wave","Power Through"],"picked":"Hemokinesis"},{"not_picked":["Clothesline","Dual Wield"],"picked":"Thunderclap"},{"not_picked":["Perfected Strike","Clash"],"picked":"Cleave"},{"not_picked":["Dual Wield","Anger"],"picked":"Iron Wave"},{"not_picked":["Infernal Blade","Double Tap"],"picked":"Rupture"}],"player_experience":165278,"potions_floor_usage":[],"damage_taken":[{"damage":0,"enemies":"Blue Slaver","floor":1,"turns":1},{"damage":0,"enemies":"Jaw Worm","floor":3,"turns":1},{"damage":0,"enemies":"Small Slimes","floor":5,"turns":1},{"damage":4,"enemies":"3 Louse","floor":7,"turns":4},{"damage":16,"enemies":"Large Slime","floor":10,"turns":4},{"damage":13,"enemies":"The Mushroom Lair","floor":11,"turns":4},{"damage":5,"enemies":"Looter","floor":13,"turns":3},{"damage":43,"enemies":"Slime Boss","floor":16,"turns":9},{"damage":3,"enemies":"Spheric Guardian","floor":18,"turns":3},{"damage":9,"enemies":"Chosen","floor":19,"turns":4},{"damage":17,"enemies":"Sentry and Sphere","floor":21,"turns":4},{"damage":39,"enemies":"3 Cultists","floor":24,"turns":6},{"damage":24,"enemies":"Snake Plant","floor":27,"turns":2},{"damage":17,"enemies":"Centurion and Healer","floor":31,"turns":5},{"damage":49,"enemies":"Champ","floor":33,"turns":9}],"event_choices":[{"event_name":"Big Fish","player_choice":"Donut","floor":2,"damage_taken":0},{"event_name":"Accursed Blacksmith","player_choice":"Forge","floor":4,"damage_taken":0},{"event_name":"Mushrooms","player_choice":"Fought Mushrooms","floor":11,"damage_taken":0},{"event_name":"Dead Adventurer","player_choice":"Searched \u00272\u0027 times","floor":14,"damage_taken":0},{"event_name":"Match and Keep!","player_choice":"0 cards matched","floor":22,"damage_taken":0},{"event_name":"Drug Dealer","player_choice":"Ignored","floor":23,"damage_taken":0},{"event_name":"Cursed Tome","player_choice":"Obtained Book","floor":29,"damage_taken":0}],"boss_relics":[{"not_picked":["Black Star","Ectoplasm"],"picked":"Pandora\u0027s Box"}],"potions_floor_spawned":[1,5,10,13,16,19,21,31],"seed_played":"1225493557806570947","killed_by":"Champ","is_trial":false}