{"path_per_floor":["M","?","M","$","M","E","?","M","T","E","M","E","M","M","R","B",null,"M","$","?","?","M","E","M","M","T","M","M","M","M","M","R","B",null,"M","$","?","M","$","E","M","E","T","M","M","M","E","?","R","B"],"character_chosen":"IRONCLAD","items_purchased":["Dropkick","Self Forming Clay","Bag of Marbles","Bag of Preparation","Feel No Pain","Apotheosis"],"gold_per_floor":[113,113,126,89,106,136,106,122,122,151,161,189,205,218,218,318,318,331,91,191,191,203,235,251,270,295,307,326,342,360,379,379,484,484,495,205,257,275,15,47,66,94,94,111,128,147,174,174,174,174],"floor_reached":51,"campfire_rested":0,"playtime":7488,"current_hp_per_floor":[80,80,80,80,80,47,47,53,53,29,29,23,41,56,56,24,80,80,80,80,80,60,20,28,30,37,51,56,42,49,56,56,28,87,69,69,66,87,87,66,66,53,53,58,78,69,87,87,87,87],"items_purged":[],"gold":174,"play_id":"1a43181d-7ab8-45cb-bdd4-f60d01990ab4","is_prod":false,"is_daily":false,"campfire_rituals":0,"campfire_upgraded":0,"is_hardmode":false,"path_taken":["M","?","M","$","M","E","?","M","T","E","M","E","M","M","R","BOSS","M","$","?","?","M","E","M","M","T","M","M","M","?","M","R","BOSS","M","$","?","M","?","E","M","E","T","?","M","M","E","?","R","BOSS"],"build_version":"2017-12-21-PROD1","purchased_purges":0,"victory":true,"master_deck":["Strike_R","Strike_R","Strike_R","Strike_R","Strike_R","Defend_R","Defend_R","Defend_R","Defend_R","Uppercut","Dropkick","Barricade","Infernal Blade","Infernal Blade","Spot Weakness","Rampage","Infernal Blade","Iron Wave","Thunderclap","Dark Embrace","Headbutt","Thunderclap","Armaments","Wild Strike","Cleave","Evolve","Reaper","Shrug It Off","Wild Strike","Armaments","Feel No Pain","Wild Strike","Shrug It Off","Rampage","True Grit","Double Tap","Anger","Armaments","True Grit","Feel No Pain","Apotheosis","Infernal Blade","Power Through","Pommel Strike","Thunderclap","Clothesline","True Grit","Iron Wave"],"max_hp_per_floor":[80,80,80,80,80,80,80,80,80,80,80,80,80,80,80,80,80,80,80,80,80,80,80,80,80,87,87,87,87,87,87,87,87,87,87,87,87,87,87,87,87,87,87,87,87,87,87,87,87,87],"relics":["Burning Blood","Toxic Egg","Bottled Flame","Girya","Meat on the Bone","Happy Flower","Orrery","Self Forming Clay","Anchor","Strawberry","Snecko Eye","Bag of Marbles","Bag of Preparation","Magic Flower","Mercury Hourglass","Shuriken","Bottled Lightning","Whetstone"],"campfire_meditates":0,"card_choices":[{"not_picked":["Cleave","Flex"],"picked":"Second Wind"},{"not_picked":["Whirlwind","Warcry"],"picked":"Uppercut"},{"not_picked":["Iron Wave","Corruption"],"picked":"Barricade"},{"not_picked":["True Grit","Clothesline"],"picked":"Infernal Blade"},{"not_picked":["Feel No Pain","Iron Wave"],"picked":"Infernal Blade"},{"not_picked":["Berserk","Clothesline"],"picked":"Spot Weakness"},{"not_picked":["Dual Wield","Sever Soul"],"picked":"Rampage"},{"not_picked":["Second Wind","Power Through"],"picked":"Infernal Blade"},{"not_picked":["Wild Strike","Hemokinesis"],"picked":"Iron Wave"},{"not_picked":["Corruption","Warcry"],"picked":"Thunderclap"},{"not_picked":["Offering","Juggernaut"],"picked":"Dark Embrace"},{"not_picked":["Shrug It Off","Heavy Blade"],"picked":"Headbutt"},{"not_picked":["Searing Blow","Spot Weakness"],"picked":"Thunderclap"},{"not_picked":["Heavy Blade","Clothesline"],"picked":"Armaments"},{"not_picked":["Body Slam","Twin Strike"],"picked":"Wild Strike"},{"not_picked":["Twin Strike","Perfected Strike"],"picked":"Cleave"},{"not_picked":["Corruption","Iron Wave"],"picked":"Evolve"},{"not_picked":["Rampage","Armaments"],"picked":"Reaper"},{"not_picked":["Clothesline","Cleave"],"picked":"Shrug It Off"},{"not_picked":["Warcry","True Grit"],"picked":"Wild Strike"},{"not_picked":["Hemokinesis","Flame Barrier"],"picked":"Armaments"},{"not_picked":["Heavy Blade","Sword Boomerang"],"picked":"Feel No Pain"},{"not_picked":["Burning Pact","Flex"],"picked":"Wild Strike"},{"not_picked":["Perfected Strike","Flame Barrier"],"picked":"Shrug It Off"},{"not_picked":["Limit Break","Wild Strike"],"picked":"Rampage"},{"not_picked":["Body Slam","Armaments"],"picked":"True Grit"},{"not_picked":["Dark Embrace","Limit Break"],"picked":"Double Tap"},{"not_picked":["Clash","Intimidate"],"picked":"Anger"},{"not_picked":["Sword Boomerang","Shrug It Off"],"picked":"Armaments"},{"not_picked":["Anger","Twin Strike"],"picked":"True Grit"},{"not_picked":["Corruption","Shockwave"],"picked":"Infernal Blade"},{"not_picked":["Battle Trance","Rage"],"picked":"Power Through"},{"not_picked":["Metallicize","Infernal Blade"],"picked":"Pommel Strike"},{"not_picked":["Iron Wave","Dropkick"],"picked":"Thunderclap"},{"not_picked":["Offering","Whirlwind"],"picked":"Clothesline"},{"not_picked":["Body Slam","Perfected Strike"],"picked":"True Grit"},{"not_picked":["Headbutt","Cleave"],"picked":"Iron Wave"}],"player_experience":69135,"potions_floor_usage":[8,10,10,10,12,13,16,18,24,28,31,33,33,50,50,50],"damage_taken":[{"damage":1,"enemies":"Jaw Worm","floor":1,"turns":3},{"damage":2,"enemies":"Blue Slaver","floor":3,"turns":6},{"damage":4,"enemies":"Cultist","floor":5,"turns":3},{"damage":39,"enemies":"3 Sentries","floor":6,"turns":10},{"damage":0,"enemies":"Gremlin Gang","floor":8,"turns":3},{"damage":30,"enemies":"Lagavulin","floor":10,"turns":6},{"damage":18,"enemies":"Exordium Thugs","floor":11,"turns":5},{"damage":36,"enemies":"Gremlin Nob","floor":12,"turns":5},{"damage":0,"enemies":"Large Slime","floor":13,"turns":2},{"damage":3,"enemies":"Gremlin Gang","floor":14,"turns":4},{"damage":50,"enemies":"The Guardian","floor":16,"turns":10},{"damage":5,"enemies":"Spheric Guardian","floor":18,"turns":3},{"damage":26,"enemies":"2 Thieves","floor":22,"turns":4},{"damage":76,"enemies":"Gremlin Leader","floor":23,"turns":9},{"damage":17,"enemies":"Snecko","floor":24,"turns":6},{"damage":16,"enemies":"Chosen and Byrds","floor":25,"turns":6},{"damage":10,"enemies":"Centurion and Healer","floor":27,"turns":7},{"damage":34,"enemies":"3 Cultists","floor":28,"turns":6},{"damage":42,"enemies":"Chosen and Byrds","floor":29,"turns":5},{"damage":11,"enemies":"Snake Plant","floor":30,"turns":3},{"damage":18,"enemies":"Snecko","floor":31,"turns":5},{"damage":55,"enemies":"Champ","floor":33,"turns":12},{"damage":50,"enemies":"3 Darklings","floor":35,"turns":5},{"damage":9,"enemies":"Mysterious Sphere","floor":37,"turns":6},{"damage":14,"enemies":"3 Shapes","floor":38,"turns":3},{"damage":50,"enemies":"Nemesis","floor":40,"turns":10},{"damage":9,"enemies":"3 Darklings","floor":41,"turns":3},{"damage":40,"enemies":"2 Orb Walkers","floor":42,"turns":4},{"damage":22,"enemies":"Sphere and 2 Shapes","floor":44,"turns":4},{"damage":18,"enemies":"4 Shapes","floor":45,"turns":6},{"damage":18,"enemies":"Maw","floor":46,"turns":6},{"damage":0,"enemies":"Nemesis","floor":47,"turns":7},{"damage":22,"enemies":"Time Eater","floor":50,"turns":14}],"event_choices":[{"event_name":"Bonfire Elementals","player_choice":"SKILL","floor":2,"damage_taken":0},{"event_name":"The Woman in Blue","player_choice":"Bought 2 Potions","floor":7,"damage_taken":0},{"event_name":"Golden Shrine","player_choice":"Pray","floor":20,"damage_taken":0},{"event_name":"Upgrade Shrine","player_choice":"Upgraded","floor":21,"damage_taken":0},{"event_name":"Mysterious Sphere","player_choice":"Fight","floor":37,"damage_taken":0}],"boss_relics":[{"not_picked":["Runic Cube","Cursed Key"],"picked":"Orrery"},{"not_picked":["Tiny House","Runic Dome"],"picked":"Snecko Eye"}],"potions_floor_spawned":[6,8,11,12,13,16,18,23,27,28,29,30,37,38,44,45],"seed_played":"-5357790972558346950","is_trial":false}