{"path_per_floor":["M","$","?","?","M","R","M","M","T","R","M","R","?","M","R","B",null,"M","?","?","M","M","R","$","M","T","$","M","R","?","M","R"],"character_chosen":"IRONCLAD","items_purchased":[],"gold_per_floor":[110,35,35,35,55,55,71,41,64,64,76,76,76,86,86,189,189,189,189,189,189,189,189,89,89,89,89,89,89,89,89,89],"floor_reached":33,"campfire_rested":1,"playtime":3474,"current_hp_per_floor":[72,72,72,77,77,77,75,75,75,75,49,49,49,46,46,10,85,70,70,70,70,66,66,66,57,57,57,54,54,20,15,40],"items_purged":["Strike_R","Defend_R"],"gold":89,"play_id":"ce93602a-67e4-4695-8aeb-338df42ac68a","is_prod":false,"is_daily":false,"campfire_rituals":0,"campfire_upgraded":6,"is_hardmode":false,"path_taken":["M","$","?","?","M","R","M","M","T","R","M","R","?","M","R","BOSS","M","?","?","M","M","R","?","M","T","$","M","R","?","?","R","BOSS"],"build_version":"2017-12-29-BETA1","purchased_purges":2,"victory":false,"master_deck":["Strike_R","Strike_R","Strike_R","Defend_R","Defend_R","Defend_R","Bash","Feel No Pain","Sentinel","Clothesline","Rampage","Impervious","Shrug It Off","Burning Pact","True Grit","Shockwave","Rampage","Sentinel","Body Slam","Dropkick","Thunderclap","Rampage","Rampage","Battle Trance","Infernal Blade"],"max_hp_per_floor":[80,80,80,85,85,85,85,85,85,85,85,85,85,85,85,85,85,85,85,85,85,85,85,85,85,85,85,85,85,85,85,85],"relics":["Orrery","Lantern","Ectoplasm","Gremlin Horn","Red Mask"],"campfire_meditates":0,"card_choices":[{"not_picked":["Flex","Sword Boomerang"],"picked":"Feel No Pain"},{"not_picked":["Sever Soul","Shrug It Off"],"picked":"Sentinel"},{"not_picked":["Dual Wield","Perfected Strike"],"picked":"Clothesline"},{"not_picked":["Clothesline","Rupture"],"picked":"Rampage"},{"not_picked":["Dual Wield","Anger"],"picked":"Impervious"},{"not_picked":["Rage","Spot Weakness"],"picked":"Shrug It Off"},{"not_picked":["Armaments","Dual Wield"],"picked":"Burning Pact"},{"not_picked":["Dropkick","Infernal Blade"],"picked":"True Grit"},{"not_picked":["Anger","Sever Soul"],"picked":"Shockwave"},{"not_picked":["Sentinel","Spot Weakness"],"picked":"Rampage"},{"not_picked":["Pommel Strike","Whirlwind"],"picked":"Sentinel"},{"not_picked":["Whirlwind","Pommel Strike"],"picked":"Body Slam"},{"not_picked":["Reckless Charge","Heavy Blade"],"picked":"Rampage"},{"not_picked":["Spot Weakness","Thunderclap"],"picked":"Rampage"},{"not_picked":["Headbutt","Anger"],"picked":"Battle Trance"},{"not_picked":["Sword Boomerang","Heavy Blade"],"picked":"Infernal Blade"}],"player_experience":151723,"potions_floor_usage":[16,16,16,28,31,33],"damage_taken":[{"damage":8,"enemies":"Jaw Worm","floor":1,"turns":3},{"damage":0,"enemies":"2 Louse","floor":5,"turns":3},{"damage":2,"enemies":"Small Slimes","floor":7,"turns":4},{"damage":0,"enemies":"Looter","floor":8,"turns":4},{"damage":26,"enemies":"Exordium Thugs","floor":11,"turns":9},{"damage":3,"enemies":"3 Louse","floor":14,"turns":4},{"damage":36,"enemies":"Slime Boss","floor":16,"turns":15},{"damage":15,"enemies":"Chosen","floor":18,"turns":8},{"damage":0,"enemies":"Shell Parasite","floor":21,"turns":4},{"damage":4,"enemies":"Snecko","floor":22,"turns":7},{"damage":9,"enemies":"3 Cultists","floor":25,"turns":5},{"damage":3,"enemies":"Centurion and Healer","floor":28,"turns":8},{"damage":34,"enemies":"Masked Bandits","floor":30,"turns":6},{"damage":5,"enemies":"Slaver and Parasite","floor":31,"turns":7},{"damage":45,"enemies":"Champ","floor":33,"turns":12}],"event_choices":[{"event_name":"The Cleric","player_choice":"Leave","floor":3,"damage_taken":0},{"event_name":"Big Fish","player_choice":"Donut","floor":4,"damage_taken":0},{"event_name":"Liars Game","player_choice":"disagreed","floor":13,"damage_taken":0},{"event_name":"Purifier","player_choice":"One Purge","floor":19,"damage_taken":0},{"event_name":"Match and Keep!","player_choice":"2 cards matched","floor":20,"damage_taken":0},{"event_name":"Match and Keep!","player_choice":"2 cards matched","floor":20,"damage_taken":0},{"event_name":"Masked Bandits","player_choice":"Fought over 89 gold","floor":30,"damage_taken":0}],"boss_relics":[{"not_picked":["Astrolabe","Tiny House"],"picked":"Ectoplasm"}],"potions_floor_spawned":[1,11,14,21,30,31],"seed_played":"1515164344452754165","killed_by":"Champ","is_trial":false}