{"path_per_floor":["M","M","?","$","M","E","R","E","T","?","?","M","?","$","R"],"character_chosen":"IRONCLAD","items_purchased":["Evolve","Dramatic Entrance","Spot Weakness","Inflame"],"gold_per_floor":[211,229,229,63,81,111,111,145,145,200,200,213,213,72,72],"floor_reached":16,"campfire_rested":1,"playtime":2066,"current_hp_per_floor":[80,68,68,68,70,37,37,19,19,12,12,14,14,14,38],"items_purged":[],"gold":72,"play_id":"5218a4d2-fcb0-4c9c-bcca-089f0bff1cd5","is_prod":false,"is_daily":false,"campfire_rituals":0,"campfire_upgraded":1,"is_hardmode":false,"path_taken":["M","M","?","$","M","E","R","E","T","?","?","M","?","$","R","BOSS"],"build_version":"2017-12-21-PROD1","purchased_purges":1,"victory":false,"master_deck":["Strike_R","Strike_R","Strike_R","Strike_R","Strike_R","Defend_R","Defend_R","Defend_R","Defend_R","Bash","Rage","Shrug It Off","Evolve","Shrug It Off","Shockwave","Iron Wave","Intimidate","Dual Wield","Spot Weakness","Inflame"],"max_hp_per_floor":[80,80,80,80,80,80,80,80,80,80,80,80,80,80,80],"relics":["Burning Blood","Juzu Bracelet","Sundial","Omamori","Kunai"],"campfire_meditates":0,"card_choices":[{"not_picked":["Seeing Red","Iron Wave"],"picked":"Rage"},{"not_picked":["Dual Wield","Battle Trance"],"picked":"Shrug It Off"},{"not_picked":["Fire Breathing","Sword Boomerang"],"picked":"Shrug It Off"},{"not_picked":["Perfected Strike","Rupture"],"picked":"Shockwave"},{"not_picked":["Searing Blow","Berserk"],"picked":"Iron Wave"},{"not_picked":["Body Slam","Whirlwind"],"picked":"Intimidate"},{"not_picked":["Anger","Warcry"],"picked":"Dual Wield"}],"player_experience":67069,"potions_floor_usage":[16,16],"damage_taken":[{"damage":6,"enemies":"Jaw Worm","floor":1,"turns":5},{"damage":18,"enemies":"Blue Slaver","floor":2,"turns":6},{"damage":4,"enemies":"Cultist","floor":5,"turns":5},{"damage":39,"enemies":"3 Sentries","floor":6,"turns":13},{"damage":24,"enemies":"Gremlin Nob","floor":8,"turns":5},{"damage":13,"enemies":"Gremlin Nob","floor":10,"turns":5},{"damage":4,"enemies":"2 Fungi Beasts","floor":12,"turns":4},{"damage":44,"enemies":"Hexaghost","floor":16,"turns":11}],"event_choices":[{"event_name":"Upgrade Shrine","player_choice":"Upgraded","floor":3,"damage_taken":0},{"event_name":"Dead Adventurer","player_choice":"Searched \u00271\u0027 times","floor":10,"damage_taken":0},{"event_name":"Golden Idol","player_choice":"Ignored","floor":11,"damage_taken":0},{"event_name":"Purifier","player_choice":"One Purge","floor":13,"damage_taken":0}],"boss_relics":[],"potions_floor_spawned":[1,2,6,8,10,12],"seed_played":"-6841183605623339655","killed_by":"Hexaghost","is_trial":false}