{"path_per_floor":["M","?","$","?","$","R","M","$","T","R","M","M","M","M","R","B",null,"M","M","M","M","?","R","M","?","T","M","R","$","M","?","R","B",null,"M","$","M","?","M","R","?","$","T","R","M","?","R","?","R","B"],"character_chosen":"IRONCLAD","items_purchased":["Shrug It Off","Omamori","Shuriken","Spot Weakness"],"gold_per_floor":[112,112,65,140,140,140,160,5,5,5,20,32,51,70,70,168,168,188,200,217,229,229,229,249,349,349,359,359,17,37,37,37,132,132,149,74,92,92,102,102,102,2,2,2,17,17,17,17,17,17],"floor_reached":51,"campfire_rested":6,"playtime":3479,"current_hp_per_floor":[80,77,77,66,66,66,63,63,63,63,60,57,54,51,51,21,80,77,74,53,30,30,54,49,49,49,28,52,52,44,44,68,56,80,72,72,64,64,34,58,58,58,58,80,64,64,64,64,80,32],"items_purged":["Feel No Pain","Defend_R"],"gold":17,"play_id":"6b5b5d74-7406-4e41-979e-cee43a8c575b","is_prod":false,"is_daily":false,"campfire_rituals":0,"campfire_upgraded":3,"is_hardmode":false,"path_taken":["M","?","$","?","?","R","?","$","T","R","M","?","M","M","R","BOSS","M","?","M","M","?","R","?","?","T","M","R","$","M","?","R","BOSS","M","$","M","?","M","R","?","$","T","R","M","?","R","?","R","BOSS"],"build_version":"2017-12-29-BETA1","purchased_purges":2,"victory":true,"master_deck":["Strike_R","Strike_R","Strike_R","Bash","Bloodletting","Cleave","Twin Strike","Shrug It Off","Flex","Iron Wave","Iron Wave","Dropkick","Headbutt","Cleave","Pommel Strike","Clash","Spot Weakness","Thunderclap","Flex","Shrug It Off","Headbutt","Offering","Pommel Strike","Sword Boomerang"],"max_hp_per_floor":[80,80,80,80,80,80,80,80,80,80,80,80,80,80,80,80,80,80,80,80,80,80,80,80,80,80,80,80,80,80,80,80,80,80,80,80,80,80,80,80,80,80,80,80,80,80,80,80,80,80],"relics":["Astrolabe","Centennial Puzzle","Omamori","Gambling Chip","Sozu","Champion Belt","Shuriken","Orrery","Peace Pipe"],"campfire_meditates":0,"card_choices":[{"not_picked":["Battle Trance","Heavy Blade"],"picked":"Twin Strike"},{"not_picked":["Bludgeon","Perfected Strike"],"picked":"Flex"},{"not_picked":["Clash","Anger"],"picked":"Iron Wave"},{"not_picked":["Twin Strike","Cleave"],"picked":"Iron Wave"},{"not_picked":["Evolve","Cleave"],"picked":"Feel No Pain"},{"not_picked":["Dual Wield","Warcry"],"picked":"Dropkick"},{"not_picked":["Rupture","Iron Wave"],"picked":"Headbutt"},{"not_picked":["Perfected Strike","True Grit"],"picked":"Cleave"},{"not_picked":["Disarm","Flex"],"picked":"Pommel Strike"},{"not_picked":["Perfected Strike","Burning Pact"],"picked":"Clash"},{"not_picked":["Limit Break","Body Slam"],"picked":"Thunderclap"},{"not_picked":["Clash","Anger"],"picked":"Flex"},{"not_picked":["Body Slam","Armaments"],"picked":"Shrug It Off"},{"not_picked":["Perfected Strike","Pummel"],"picked":"Headbutt"},{"not_picked":["Clothesline","Clash"],"picked":"Offering"},{"not_picked":["Havoc","Flex"],"picked":"Pommel Strike"},{"not_picked":["Shrug It Off","Armaments"],"picked":"Sword Boomerang"}],"player_experience":133667,"potions_floor_usage":[16],"damage_taken":[{"damage":0,"enemies":"2 Louse","floor":1,"turns":3},{"damage":3,"enemies":"Small Slimes","floor":7,"turns":1},{"damage":3,"enemies":"Cultist","floor":11,"turns":2},{"damage":3,"enemies":"2 Fungi Beasts","floor":12,"turns":2},{"damage":3,"enemies":"Looter","floor":13,"turns":2},{"damage":3,"enemies":"Lots of Slimes","floor":14,"turns":3},{"damage":30,"enemies":"The Guardian","floor":16,"turns":11},{"damage":3,"enemies":"Chosen","floor":18,"turns":2},{"damage":3,"enemies":"3 Byrds","floor":19,"turns":4},{"damage":21,"enemies":"Centurion and Healer","floor":20,"turns":4},{"damage":23,"enemies":"Snecko","floor":21,"turns":4},{"damage":5,"enemies":"3 Cultists","floor":24,"turns":4},{"damage":21,"enemies":"Centurion and Healer","floor":27,"turns":4},{"damage":8,"enemies":"Sentry and Sphere","floor":30,"turns":3},{"damage":12,"enemies":"Collector","floor":33,"turns":6},{"damage":8,"enemies":"3 Shapes","floor":35,"turns":3},{"damage":8,"enemies":"3 Darklings","floor":37,"turns":1},{"damage":30,"enemies":"Spire Growth","floor":39,"turns":3},{"damage":16,"enemies":"Sphere and 2 Shapes","floor":45,"turns":2},{"damage":48,"enemies":"Awakened One","floor":50,"turns":6}],"event_choices":[{"event_name":"Scrap Ooze","player_choice":"success","floor":2,"damage_taken":3},{"event_name":"World of Goop","player_choice":"Gather Gold","floor":4,"damage_taken":0},{"event_name":"Vampires","player_choice":"Ignored","floor":22,"damage_taken":0},{"event_name":"Golden Shrine","player_choice":"Pray","floor":25,"damage_taken":0},{"event_name":"Accursed Blacksmith","player_choice":"Forge","floor":31,"damage_taken":0},{"event_name":"Upgrade Shrine","player_choice":"Upgraded","floor":38,"damage_taken":0},{"event_name":"Purifier","player_choice":"One Purge","floor":46,"damage_taken":0},{"event_name":"Mysterious Sphere","player_choice":"Ignore","floor":48,"damage_taken":0}],"boss_relics":[{"not_picked":["Runic Dome","Runic Cube"],"picked":"Sozu"},{"not_picked":["Runic Pyramid","Snecko Eye"],"picked":"Orrery"}],"potions_floor_spawned":[1,7,13,18,19,21,33],"seed_played":"-7614197993245880492","is_trial":false}