{"path_per_floor":["M","?","?","$","$","R","?","?","T","R","M","$","M","M","R","B",null,"M","?","M","$","M","R","M","T","T","E","M","E","$","M","R","B",null,"M","T","M","M","M","?","R","M","T","R","M","M","R","$","R"],"character_chosen":"IRONCLAD","items_purchased":["Bag of Marbles","Double Tap","Battle Trance","Clash","Evolve"],"gold_per_floor":[118,118,118,118,118,118,218,218,274,274,297,70,89,109,109,237,237,250,165,180,0,23,23,42,94,144,179,192,231,33,49,49,180,180,200,200,225,245,261,261,261,277,277,277,292,313,313,43,43],"floor_reached":50,"campfire_rested":5,"playtime":3266,"current_hp_per_floor":[80,64,64,64,64,64,64,64,64,64,63,63,63,51,51,25,80,77,77,73,73,73,73,73,73,73,21,21,16,16,16,40,6,77,69,69,69,53,19,19,42,29,29,52,28,24,47,47,70],"items_purged":["Regret","Regret","Pain","Pain"],"gold":43,"play_id":"fb571ae4-0b7e-4096-9b95-ae59aa644b96","is_prod":false,"is_daily":false,"campfire_rituals":0,"campfire_upgraded":4,"is_hardmode":false,"path_taken":["M","?","?","?","$","R","?","?","T","R","?","$","M","M","R","BOSS","M","?","M","$","M","R","M","?","T","E","?","E","$","M","R","BOSS","M","?","M","?","M","?","R","M","T","R","M","M","R","$","R","BOSS"],"build_version":"2017-12-29-BETA1","purchased_purges":4,"victory":false,"master_deck":["Strike_R","Strike_R","Strike_R","Strike_R","Strike_R","Defend_R","Defend_R","Defend_R","Bash","Iron Wave","Bludgeon","Shrug It Off","Perfected Strike","Intimidate","Battle Trance","Double Tap","Headbutt","Pommel Strike","Battle Trance","Perfected Strike","Offering","Injury","Fiend Fire","Thunderclap","Warcry","Perfected Strike","Thunderclap","Clash","Flex","Clash","Evolve"],"max_hp_per_floor":[80,80,80,80,80,80,80,80,80,80,80,80,80,80,80,80,80,80,80,80,80,80,80,80,80,80,80,80,80,80,80,80,80,77,77,77,77,77,77,77,77,77,77,77,77,77,77,77,77],"relics":["Cursed Key","Golden Idol","Tiny Chest","Bag of Marbles","Mark of Pain","Anchor","Ancient Tea Set","Vajra","Shuriken","Bag of Preparation","Astrolabe"],"campfire_meditates":0,"card_choices":[{"not_picked":["Rage","Flex"],"picked":"Iron Wave"},{"not_picked":["Armaments","Rupture"],"picked":"Bludgeon"},{"not_picked":["Heavy Blade","Armaments"],"picked":"Shrug It Off"},{"not_picked":["Anger","Sword Boomerang"],"picked":"Perfected Strike"},{"not_picked":["Dual Wield","Feel No Pain"],"picked":"Intimidate"},{"not_picked":["Pommel Strike","True Grit"],"picked":"Battle Trance"},{"not_picked":["Uppercut","Anger"],"picked":"Headbutt"},{"not_picked":["Anger","Heavy Blade"],"picked":"Pommel Strike"},{"not_picked":["Cleave","Warcry"],"picked":"Perfected Strike"},{"not_picked":["Limit Break","Brutality"],"picked":"Offering"},{"not_picked":["Feel No Pain","Cleave"],"picked":"Thunderclap"},{"not_picked":["Hemokinesis","Sword Boomerang"],"picked":"Warcry"},{"not_picked":["Warcry","Disarm"],"picked":"Perfected Strike"},{"not_picked":["Warcry","Uppercut"],"picked":"Clash"},{"not_picked":["Warcry","Spot Weakness"],"picked":"Flex"}],"player_experience":137146,"potions_floor_usage":[28,33,33,33,38,50],"damage_taken":[{"damage":0,"enemies":"Small Slimes","floor":1,"turns":2},{"damage":1,"enemies":"Cultist","floor":11,"turns":4},{"damage":0,"enemies":"Jaw Worm","floor":13,"turns":1},{"damage":12,"enemies":"Exordium Wildlife","floor":14,"turns":3},{"damage":26,"enemies":"The Guardian","floor":16,"turns":7},{"damage":3,"enemies":"Spheric Guardian","floor":18,"turns":3},{"damage":4,"enemies":"2 Thieves","floor":20,"turns":4},{"damage":0,"enemies":"Centurion and Healer","floor":22,"turns":3},{"damage":0,"enemies":"Snecko","floor":24,"turns":3},{"damage":52,"enemies":"Gremlin Leader","floor":27,"turns":6},{"damage":0,"enemies":"Snake Plant","floor":28,"turns":3},{"damage":5,"enemies":"Slavers","floor":29,"turns":3},{"damage":0,"enemies":"Slaver and Parasite","floor":31,"turns":3},{"damage":34,"enemies":"Automaton","floor":33,"turns":5},{"damage":8,"enemies":"3 Shapes","floor":35,"turns":3},{"damage":0,"enemies":"Flame Bruiser 1 Orb","floor":37,"turns":3},{"damage":25,"enemies":"Maw","floor":38,"turns":5},{"damage":34,"enemies":"Flame Bruiser 2 Orb","floor":39,"turns":4},{"damage":13,"enemies":"4 Shapes","floor":42,"turns":2},{"damage":24,"enemies":"Maw","floor":45,"turns":5},{"damage":4,"enemies":"Flame Bruiser 2 Orb","floor":46,"turns":1},{"damage":77,"enemies":"Donu and Deca","floor":50,"turns":5}],"event_choices":[{"event_name":"Golden Idol","player_choice":"Take Damage","floor":2,"damage_taken":0},{"event_name":"Liars Game","player_choice":"disagreed","floor":3,"damage_taken":0},{"event_name":"Golden Shrine","player_choice":"Pray","floor":7,"damage_taken":0},{"event_name":"The Woman in Blue","player_choice":"Bought 0 Potions","floor":8,"damage_taken":0},{"event_name":"Addict","player_choice":"Obtained Relic","floor":19,"damage_taken":0},{"event_name":"Duplicator","player_choice":"One dupe","floor":40,"damage_taken":0}],"boss_relics":[{"not_picked":["Philosopher\u0027s Stone","Black Star"],"picked":"Mark of Pain"},{"not_picked":["Runic Cube","Tiny House"],"picked":"Astrolabe"}],"potions_floor_spawned":[1,11,18,27,28,31,33,35,39,45],"seed_played":"-3053082437169524026","killed_by":"Donu and Deca","is_trial":false}