{"path_per_floor":["M","M","?","M","$","R","M","R","T","E","?","M","?","?","R","B",null,"M","?","?","?","$","R","E","R","T","M","M","R","E","$","R","B",null,"M","?","$","T","M","R","M","R","T","E","$","E","M","$","R","B"],"character_chosen":"IRONCLAD","items_purchased":["Flame Barrier","Finesse","Oddly Smooth Stone","Pen Nib","Headbutt"],"gold_per_floor":[15,28,28,47,47,47,59,59,359,394,394,412,412,412,412,515,515,531,531,559,474,349,349,376,376,403,423,435,435,467,309,309,405,405,418,418,197,197,207,207,222,222,222,286,48,77,96,56,56,56],"floor_reached":51,"campfire_rested":2,"playtime":3574,"current_hp_per_floor":[80,80,80,80,80,80,78,78,78,74,74,66,54,80,80,22,80,72,72,28,28,28,52,54,54,54,55,77,77,75,75,75,77,80,80,80,80,80,80,80,55,55,55,57,57,53,62,62,80,65],"items_purged":["Strike_R","Defend_R","Defend_R","Strike_R"],"gold":56,"play_id":"d30c5f58-5455-4290-8999-85c70b9961e7","is_prod":false,"is_daily":false,"campfire_rituals":0,"campfire_upgraded":8,"is_hardmode":false,"path_taken":["M","M","?","M","$","R","?","R","T","E","?","M","?","?","R","BOSS","M","?","?","?","?","R","E","R","T","M","M","R","E","$","R","BOSS","M","?","$","?","M","R","M","R","T","E","?","E","M","$","R","BOSS"],"build_version":"2018-01-05-BETA1","purchased_purges":4,"victory":true,"master_deck":["Strike_R","Defend_R","Defend_R","Bash","True Grit","Uppercut","Reaper","Rampage","Offering","True Grit","Metallicize","Flame Barrier","Inflame","Evolve","Pommel Strike","Battle Trance","Finesse","Impervious","Entrench","Body Slam","Thunderclap","Spot Weakness","True Grit","Headbutt"],"max_hp_per_floor":[80,80,80,80,80,80,80,80,80,80,80,80,80,80,80,80,80,80,80,80,80,80,80,80,80,80,80,80,80,80,80,80,80,80,80,80,80,80,80,80,80,80,80,80,80,80,80,80,80,80],"relics":["Burning Blood","Old Coin","The Courier","Spirit Poop","Ornamental Fan","Sozu","Red Mask","Torii","Orichalcum","Bag of Marbles","Matryoshka","Mark of Pain","Oddly Smooth Stone","Prayer Wheel","Happy Flower","Shuriken","Du-Vu Doll","Tiny Chest","Pen Nib","Omamori"],"campfire_meditates":0,"card_choices":[{"not_picked":["Rage","Power Through"],"picked":"True Grit"},{"not_picked":["Wild Strike","Thunderclap"],"picked":"Uppercut"},{"not_picked":["Limit Break","Shrug It Off"],"picked":"Reaper"},{"not_picked":["Flex","True Grit"],"picked":"Rampage"},{"not_picked":["Immolate","Berserk"],"picked":"Offering"},{"not_picked":["Rupture","Thunderclap"],"picked":"True Grit"},{"not_picked":["Sever Soul","Wild Strike"],"picked":"Metallicize"},{"not_picked":["Carnage","Seeing Red"],"picked":"Inflame"},{"not_picked":["Heavy Blade","True Grit"],"picked":"Evolve"},{"not_picked":["Clash","Sentinel"],"picked":"Pommel Strike"},{"not_picked":["Pommel Strike","Shrug It Off"],"picked":"Battle Trance"},{"not_picked":["Feed","Immolate"],"picked":"Impervious"},{"not_picked":["Thunderclap","Corruption"],"picked":"Entrench"},{"not_picked":["Dual Wield","Pummel"],"picked":"Body Slam"},{"not_picked":["Armaments","Havoc"],"picked":"Thunderclap"},{"not_picked":["Heavy Blade","Carnage"],"picked":"Spot Weakness"},{"not_picked":["Uppercut","Clash"],"picked":"True Grit"}],"player_experience":363293,"potions_floor_usage":[7,16],"damage_taken":[{"damage":0,"enemies":"2 Louse","floor":1,"turns":3},{"damage":3,"enemies":"Cultist","floor":2,"turns":4},{"damage":1,"enemies":"Small Slimes","floor":4,"turns":5},{"damage":8,"enemies":"Gremlin Gang","floor":7,"turns":5},{"damage":10,"enemies":"Gremlin Nob","floor":10,"turns":4},{"damage":14,"enemies":"Large Slime","floor":12,"turns":6},{"damage":70,"enemies":"Hexaghost","floor":16,"turns":10},{"damage":18,"enemies":"3 Byrds","floor":18,"turns":7},{"damage":57,"enemies":"Masked Bandits","floor":20,"turns":7},{"damage":14,"enemies":"Slavers","floor":24,"turns":10},{"damage":5,"enemies":"Spheric Guardian","floor":27,"turns":5},{"damage":4,"enemies":"Centurion and Healer","floor":28,"turns":7},{"damage":15,"enemies":"Gremlin Leader","floor":30,"turns":7},{"damage":4,"enemies":"Champ","floor":33,"turns":9},{"damage":4,"enemies":"3 Darklings","floor":35,"turns":6},{"damage":4,"enemies":"3 Shapes","floor":39,"turns":4},{"damage":47,"enemies":"Flame Bruiser 2 Orb","floor":41,"turns":7},{"damage":4,"enemies":"Giant Head","floor":44,"turns":7},{"damage":10,"enemies":"Nemesis","floor":46,"turns":4},{"damage":4,"enemies":"Maw","floor":47,"turns":6},{"damage":40,"enemies":"Awakened One","floor":50,"turns":9}],"event_choices":[{"event_name":"Accursed Blacksmith","player_choice":"Forge","floor":3,"damage_taken":0},{"event_name":"Bonfire Elementals","player_choice":"CURSE","floor":11,"damage_taken":0},{"event_name":"Scrap Ooze","player_choice":"success","floor":13,"damage_taken":12},{"event_name":"Big Fish","player_choice":"Banana","floor":14,"damage_taken":0},{"event_name":"The Woman in Blue","player_choice":"Bought 0 Potions","floor":19,"damage_taken":0},{"event_name":"Masked Bandits","player_choice":"Fought over 531 gold","floor":20,"damage_taken":0},{"event_name":"Addict","player_choice":"Obtained Relic","floor":21,"damage_taken":0},{"event_name":"The Lab","player_choice":"Got Potions","floor":36,"damage_taken":0}],"boss_relics":[{"not_picked":["Philosopher\u0027s Stone","Runic Dome"],"picked":"Sozu"},{"not_picked":["Pandora\u0027s Box","Calling Bell"],"picked":"Mark of Pain"}],"potions_floor_spawned":[4,12,16,18,28,33,41,44,46],"seed_played":"1601333305138493043","is_trial":false}