{"path_per_floor":["M","M","?","M","?","R","E","R","T","M","$","E","M","$","R","B",null,"M","?","M","M","M"],"character_chosen":"IRONCLAD","items_purchased":["Evolve"],"gold_per_floor":[111,126,126,139,139,139,171,171,246,262,110,136,149,49,49,144,144,161,161,171,185,197],"floor_reached":23,"campfire_rested":2,"playtime":1337,"current_hp_per_floor":[73,57,57,51,44,44,27,51,51,51,51,26,23,23,47,4,80,75,85,45,40,16],"items_purged":["Strike_R","Strike_R"],"gold":197,"play_id":"32f1acd9-6663-433f-8c13-0c4388d0612b","is_prod":false,"is_daily":false,"campfire_rituals":0,"campfire_upgraded":1,"is_hardmode":false,"path_taken":["M","M","?","M","?","R","E","R","T","M","$","E","M","$","R","BOSS","M","?","M","M","M","E"],"build_version":"2018-01-12-BETA1","purchased_purges":2,"victory":false,"master_deck":["Strike_R","Strike_R","Defend_R","Defend_R","Defend_R","Defend_R","Bash","Cleave","Rampage","Carnage","Dark Shackles","Power Through","Combust","Evolve","Body Slam","Dark Embrace","Feel No Pain","Shrug It Off","Rupture","Iron Wave"],"max_hp_per_floor":[80,80,80,80,80,80,80,80,80,80,80,80,80,80,80,80,80,80,90,90,90,90],"relics":["Black Star","Happy Flower","Vajra","Bottled Lightning","Centennial Puzzle","Blue Candle","Eternal Feather","Pear"],"campfire_meditates":0,"card_choices":[{"not_picked":["Infernal Blade","Anger"],"picked":"Cleave"},{"not_picked":["Warcry","Corruption"],"picked":"Rampage"},{"not_picked":["Berserk","Entrench"],"picked":"Power Through"},{"not_picked":["Feel No Pain","Blood for Blood"],"picked":"Combust"},{"not_picked":["Iron Wave","Thunderclap"],"picked":"Body Slam"},{"not_picked":["Limit Break","Brutality"],"picked":"Dark Embrace"},{"not_picked":["Rupture","Cleave"],"picked":"Feel No Pain"},{"not_picked":["Flex","Dual Wield"],"picked":"Shrug It Off"},{"not_picked":["Shrug It Off","Clothesline"],"picked":"Rupture"},{"not_picked":["Dual Wield","Perfected Strike"],"picked":"Iron Wave"}],"player_experience":190451,"potions_floor_usage":[12,18,18,21],"damage_taken":[{"damage":7,"enemies":"Small Slimes","floor":1,"turns":4},{"damage":16,"enemies":"Blue Slaver","floor":2,"turns":6},{"damage":6,"enemies":"Jaw Worm","floor":4,"turns":4},{"damage":17,"enemies":"Lagavulin","floor":7,"turns":5},{"damage":0,"enemies":"2 Fungi Beasts","floor":10,"turns":3},{"damage":25,"enemies":"3 Sentries","floor":12,"turns":4},{"damage":3,"enemies":"Large Slime","floor":13,"turns":4},{"damage":43,"enemies":"Hexaghost","floor":16,"turns":10},{"damage":5,"enemies":"2 Thieves","floor":18,"turns":5},{"damage":40,"enemies":"Spheric Guardian","floor":20,"turns":6},{"damage":5,"enemies":"Snecko","floor":21,"turns":6},{"damage":24,"enemies":"Snake Plant","floor":22,"turns":7},{"damage":19,"enemies":"Book of Stabbing","floor":23,"turns":5}],"event_choices":[{"event_name":"Match and Keep!","player_choice":"2 cards matched","floor":3,"damage_taken":0},{"event_name":"Golden Wing","player_choice":"Card Removal","floor":5,"damage_taken":0},{"event_name":"The Mausoleum","player_choice":"Yes","floor":19,"damage_taken":0}],"boss_relics":[{"not_picked":["Runic Cube","Pandora\u0027s Box"],"picked":"Eternal Feather"}],"potions_floor_spawned":[2,10,12,13,20,21],"seed_played":"7927454979223252134","killed_by":"Book of Stabbing","is_trial":false}