{"path_per_floor":["M","?","M","M","M","E","R","M","T","M","R","$","M","E","R","B",null,"M","M","?","$","M","R","?","M","T","E","?","M","M","T","R","B",null,"M","?","M","M","?","R","E","$","T","M","$","R","M","$","R"],"character_chosen":"IRONCLAD","items_purchased":["Impervious","Toolbox"],"gold_per_floor":[112,112,123,137,156,186,186,204,204,216,216,4,20,49,49,146,146,163,177,210,110,128,128,43,57,57,86,86,101,120,120,120,215,215,235,335,352,362,362,362,388,24,24,38,38,38,53,53,53],"floor_reached":50,"campfire_rested":4,"playtime":3520,"current_hp_per_floor":[80,64,58,64,70,20,44,44,44,41,41,41,40,20,45,37,84,86,76,76,76,74,74,74,71,71,58,58,66,72,72,72,23,94,96,96,98,100,100,100,36,36,36,23,23,57,83,83,116],"items_purged":["Strike_R","Strike_R","Strike_R"],"gold":53,"play_id":"a465db32-eb0b-4262-920c-c2588dbe3f8e","is_prod":false,"is_daily":false,"campfire_rituals":0,"campfire_upgraded":3,"is_hardmode":false,"path_taken":["M","?","M","M","M","E","R","M","T","M","R","$","M","E","R","BOSS","M","?","?","$","?","R","?","?","T","E","?","M","M","?","R","BOSS","M","?","?","M","?","R","E","$","T","M","$","R","M","?","R","BOSS"],"build_version":"2018-01-05-BETA1","purchased_purges":3,"victory":false,"master_deck":["Strike_R","Strike_R","Defend_R","Defend_R","Defend_R","Bash","Pummel","Spot Weakness","Heavy Blade","Shrug It Off","Flame Barrier","Headbutt","Armaments","Impervious","Shrug It Off","Double Tap","Flame Barrier","Clothesline","Pummel","True Grit","Reaper"],"max_hp_per_floor":[80,80,80,80,80,80,80,82,82,82,82,82,82,84,84,84,84,86,88,88,88,90,90,90,90,90,92,92,94,94,94,94,94,94,96,96,98,100,100,100,112,112,112,114,114,114,116,116,116],"relics":["Black Blood","Singing Bowl","Peace Pipe","Art of War","Velvet Choker","Red Mask","Darkstone Periapt","Girya","Ginger","Pear","Toolbox","Unceasing Top"],"campfire_meditates":0,"card_choices":[{"not_picked":["Seeing Red","Corruption"],"picked":"Pummel"},{"not_picked":["Anger","Whirlwind"],"picked":"Spot Weakness"},{"not_picked":["Pummel","Cleave"],"picked":"Heavy Blade"},{"not_picked":["Reckless Charge","Pommel Strike"],"picked":"Shrug It Off"},{"not_picked":["Havoc","Perfected Strike"],"picked":"Flame Barrier"},{"not_picked":["Dual Wield","Feel No Pain"],"picked":"Headbutt"},{"not_picked":["Havoc","Shockwave"],"picked":"Armaments"},{"not_picked":["Inflame","Anger"],"picked":"Shrug It Off"},{"not_picked":["Limit Break","Bludgeon"],"picked":"Double Tap"},{"not_picked":["Evolve","Battle Trance"],"picked":"Flame Barrier"},{"not_picked":["Body Slam","Infernal Blade"],"picked":"Clothesline"},{"not_picked":["Wild Strike","Armaments"],"picked":"True Grit"},{"not_picked":["Exhume","Immolate"],"picked":"Reaper"}],"player_experience":386619,"potions_floor_usage":[14,14,16,20,27,35,37,41],"damage_taken":[{"damage":6,"enemies":"Jaw Worm","floor":1,"turns":3},{"damage":12,"enemies":"Blue Slaver","floor":3,"turns":4},{"damage":0,"enemies":"2 Louse","floor":4,"turns":2},{"damage":0,"enemies":"Exordium Thugs","floor":5,"turns":4},{"damage":56,"enemies":"Lagavulin","floor":6,"turns":11},{"damage":8,"enemies":"Gremlin Gang","floor":8,"turns":5},{"damage":9,"enemies":"Exordium Wildlife","floor":10,"turns":4},{"damage":7,"enemies":"Exordium Thugs","floor":13,"turns":7},{"damage":28,"enemies":"3 Sentries","floor":14,"turns":7},{"damage":14,"enemies":"Hexaghost","floor":16,"turns":9},{"damage":5,"enemies":"3 Byrds","floor":18,"turns":6},{"damage":18,"enemies":"Shell Parasite","floor":19,"turns":4},{"damage":21,"enemies":"Masked Bandits","floor":20,"turns":6},{"damage":10,"enemies":"Sentry and Sphere","floor":22,"turns":3},{"damage":9,"enemies":"3 Cultists","floor":25,"turns":4},{"damage":21,"enemies":"Book of Stabbing","floor":27,"turns":6},{"damage":0,"enemies":"Snake Plant","floor":29,"turns":3},{"damage":0,"enemies":"Centurion and Healer","floor":30,"turns":6},{"damage":55,"enemies":"Champ","floor":33,"turns":12},{"damage":0,"enemies":"Orb Walker","floor":35,"turns":4},{"damage":26,"enemies":"3 Darklings","floor":37,"turns":10},{"damage":16,"enemies":"Maw","floor":38,"turns":9},{"damage":86,"enemies":"Giant Head","floor":41,"turns":10},{"damage":39,"enemies":"Sphere and 2 Shapes","floor":44,"turns":10},{"damage":6,"enemies":"3 Darklings","floor":47,"turns":6},{"damage":122,"enemies":"Donu and Deca","floor":50,"turns":7}],"event_choices":[{"event_name":"Shining Light","player_choice":"Entered Light","floor":2,"damage_taken":0},{"event_name":"Masked Bandits","player_choice":"Fought over 177 gold","floor":20,"damage_taken":0},{"event_name":"Addict","player_choice":"Obtained Relic","floor":24,"damage_taken":0},{"event_name":"Duplicator","player_choice":"One dupe","floor":28,"damage_taken":0},{"event_name":"Golden Shrine","player_choice":"Pray","floor":36,"damage_taken":0},{"event_name":"Accursed Blacksmith","player_choice":"Forge","floor":39,"damage_taken":0}],"boss_relics":[{"not_picked":["Cursed Key","Calling Bell"],"picked":"Velvet Choker"},{"not_picked":["Tiny House","Snecko Eye"],"picked":"Black Blood"}],"potions_floor_spawned":[4,5,14,19,22,30,35,38,47],"seed_played":"3764273931708728746","killed_by":"Donu and Deca","is_trial":false}