{"path_per_floor":["M","?","M","?","?","E","R","?","T","M","E","M","E","M","R","B",null,"M","M","?","M","$","E","?","?","T","R","E","M","T","E","R","B",null,"M","?","M","?","?","E","M","E","T","M","R","M","M","E","R","B"],"character_chosen":"IRONCLAD","items_purchased":["Uppercut"],"gold_per_floor":[111,111,130,130,130,155,155,155,223,233,259,269,304,321,321,422,422,438,455,481,497,352,378,328,328,352,352,379,390,390,418,418,520,520,534,534,545,545,545,609,625,652,652,662,662,672,691,722,722,722],"floor_reached":51,"campfire_rested":0,"playtime":3594,"current_hp_per_floor":[80,80,80,80,85,85,85,85,85,92,75,62,64,69,69,37,92,92,84,92,89,89,62,62,62,62,62,64,76,76,72,72,56,92,92,92,92,92,92,92,92,79,79,90,90,82,92,94,94,75],"items_purged":["Strike_R"],"gold":722,"play_id":"6b653010-3fe5-47df-a48f-e91ff4905731","is_prod":false,"is_daily":false,"campfire_rituals":0,"campfire_upgraded":4,"is_hardmode":false,"path_taken":["M","?","?","?","?","E","R","?","T","?","E","M","E","M","R","BOSS","M","M","?","M","$","E","?","?","T","R","E","M","?","E","R","BOSS","M","?","M","?","?","E","M","E","T","M","R","M","?","E","R","BOSS"],"build_version":"2018-01-12-BETA1","purchased_purges":1,"victory":true,"master_deck":["Strike_R","Strike_R","Defend_R","Defend_R","Bash","True Grit","Bandage Up","Spot Weakness","Sword Boomerang","Pummel","Inflame","Evolve","Shrug It Off","Limit Break","Metallicize","Pummel","Pommel Strike","Uppercut","Heavy Blade","Disarm","Shrug It Off","Shockwave","Impervious","Thunderclap","Uppercut","True Grit","Rampage","Clothesline"],"max_hp_per_floor":[80,80,80,80,85,85,85,92,92,92,92,92,92,92,92,92,92,92,92,92,92,92,92,92,92,92,92,92,92,92,92,92,92,92,92,92,92,92,92,92,92,92,92,92,92,92,92,94,94,94],"relics":["Burning Blood","NeowsBlessing","Meat on the Bone","Strawberry","Toolbox","Matryoshka","Toxic Egg","Snecko Eye","Red Mask","Pen Nib","Bag of Preparation","Blood Vial","Ancient Tea Set","Molten Egg","Happy Flower","Peace Pipe","Black Star","Paper Frog","Tiny Chest","Regal Pillow","Prayer Wheel","Anchor","Ice Cream","Singing Bowl","Bag of Marbles"],"campfire_meditates":0,"card_choices":[{"not_picked":["Blood for Blood","Heavy Blade"],"picked":"True Grit"},{"not_picked":["Second Wind","Body Slam"],"picked":"Spot Weakness"},{"not_picked":["Pummel","Intimidate"],"picked":"Sword Boomerang"},{"not_picked":["Dropkick","Entrench"],"picked":"Pummel"},{"not_picked":["Seeing Red","Searing Blow"],"picked":"Inflame"},{"not_picked":["Power Through","Clash"],"picked":"Evolve"},{"not_picked":["Dual Wield","Spot Weakness"],"picked":"Shrug It Off"},{"not_picked":["Exhume","Fiend Fire"],"picked":"Limit Break"},{"not_picked":["Fire Breathing","Ghostly Armor"],"picked":"Metallicize"},{"not_picked":["Wild Strike","Searing Blow"],"picked":"Pummel"},{"not_picked":["Anger","Iron Wave"],"picked":"Pommel Strike"},{"not_picked":["Rage","Cleave"],"picked":"Heavy Blade"},{"not_picked":["Headbutt","Battle Trance"],"picked":"Disarm"},{"not_picked":["Metallicize","Exhume"],"picked":"Shrug It Off"},{"not_picked":["Pummel","Wild Strike"],"picked":"Shockwave"},{"not_picked":["Brutality","Immolate"],"picked":"Impervious"},{"not_picked":["Brutality","Twin Strike"],"picked":"Uppercut"},{"not_picked":["Rage","Headbutt"],"picked":"True Grit"},{"not_picked":["Thunderclap","Iron Wave"],"picked":"Rampage"},{"not_picked":["Headbutt","Dual Wield"],"picked":"Clothesline"}],"player_experience":174762,"potions_floor_usage":[11,16,20,21,37,48,50,50],"damage_taken":[{"damage":0,"enemies":"Cultist","floor":1,"turns":1},{"damage":0,"enemies":"Blue Slaver","floor":3,"turns":1},{"damage":0,"enemies":"Gremlin Nob","floor":6,"turns":1},{"damage":2,"enemies":"Small Slimes","floor":10,"turns":3},{"damage":27,"enemies":"Lagavulin","floor":11,"turns":4},{"damage":23,"enemies":"Exordium Thugs","floor":12,"turns":5},{"damage":8,"enemies":"Gremlin Nob","floor":13,"turns":3},{"damage":5,"enemies":"Exordium Wildlife","floor":14,"turns":3},{"damage":54,"enemies":"Hexaghost","floor":16,"turns":9},{"damage":10,"enemies":"3 Byrds","floor":18,"turns":6},{"damage":18,"enemies":"Spheric Guardian","floor":19,"turns":5},{"damage":1,"enemies":"Masked Bandits","floor":20,"turns":3},{"damage":13,"enemies":"Centurion and Healer","floor":21,"turns":10},{"damage":48,"enemies":"Gremlin Leader","floor":23,"turns":6},{"damage":10,"enemies":"Book of Stabbing","floor":28,"turns":3},{"damage":0,"enemies":"3 Cultists","floor":29,"turns":3},{"damage":16,"enemies":"Slavers","floor":31,"turns":4},{"damage":28,"enemies":"Automaton","floor":33,"turns":7},{"damage":6,"enemies":"Orb Walker","floor":35,"turns":3},{"damage":6,"enemies":"3 Shapes","floor":37,"turns":8},{"damage":5,"enemies":"Giant Head","floor":40,"turns":5},{"damage":0,"enemies":"Spire Growth","floor":41,"turns":3},{"damage":19,"enemies":"Nemesis","floor":42,"turns":4},{"damage":1,"enemies":"Maw","floor":44,"turns":5},{"damage":16,"enemies":"4 Shapes","floor":46,"turns":3},{"damage":0,"enemies":"Spire Growth","floor":47,"turns":4},{"damage":0,"enemies":"Giant Head","floor":48,"turns":7},{"damage":25,"enemies":"Awakened One","floor":50,"turns":6}],"event_choices":[{"event_name":"Match and Keep!","player_choice":"1 cards matched","floor":2,"damage_taken":0},{"event_name":"Upgrade Shrine","player_choice":"Upgraded","floor":4,"damage_taken":0},{"event_name":"Big Fish","player_choice":"Donut","floor":5,"damage_taken":0},{"event_name":"Scrap Ooze","player_choice":"success","floor":8,"damage_taken":7},{"event_name":"Masked Bandits","player_choice":"Fought over 455 gold","floor":20,"damage_taken":0},{"event_name":"The Joust","player_choice":"Bet on Owner","floor":24,"damage_taken":0},{"event_name":"The Lab","player_choice":"Got Potions","floor":25,"damage_taken":0},{"event_name":"Transmorgrifier","player_choice":"Transform","floor":36,"damage_taken":0},{"event_name":"Purifier","player_choice":"One Purge","floor":38,"damage_taken":0},{"event_name":"Wheel of Change","player_choice":"Relic","floor":39,"damage_taken":0}],"boss_relics":[{"not_picked":["Cursed Key","Question Card"],"picked":"Snecko Eye"},{"not_picked":["Orrery","Velvet Choker"],"picked":"Black Star"}],"potions_floor_spawned":[3,10,13,14,16,18,21,31,33,37,41,44,46],"seed_played":"1072050088747177655","is_trial":false}