{"path_per_floor":["M","?","?","$","M","R","E","R","T","$","?","R","M","M","R","B",null,"M","M","$","M","?","R","M","R","T","?","?","M","?","M","R","B",null,"M","?"],"character_chosen":"IRONCLAD","items_purchased":["Rampage","Clothesline"],"gold_per_floor":[117,192,192,42,56,56,85,85,85,40,40,40,55,70,70,167,167,187,204,104,116,116,116,135,135,135,135,135,154,154,174,174,275,275,295,295],"floor_reached":37,"campfire_rested":1,"playtime":2049,"current_hp_per_floor":[80,69,69,69,71,71,52,52,52,52,52,52,58,66,66,44,80,67,67,67,64,64,64,64,64,64,49,78,73,78,63,90,49,92,59,59],"items_purged":["Strike_R","Strike_R"],"gold":295,"play_id":"dff5d28d-e455-49ec-bdb4-48777f2b80ff","is_prod":false,"is_daily":false,"campfire_rituals":0,"campfire_upgraded":6,"is_hardmode":false,"path_taken":["M","?","?","$","M","R","E","R","T","$","?","R","M","M","R","BOSS","M","M","$","M","?","R","M","R","T","?","?","M","?","M","R","BOSS","M","?","?"],"build_version":"2018-01-05-BETA1","purchased_purges":2,"victory":false,"master_deck":["Strike_R","Strike_R","Defend_R","Defend_R","Defend_R","Bash","Dropkick","Rampage","Clothesline","Spot Weakness","Feed","True Grit","Iron Wave","True Grit","Feel No Pain","Rampage"],"max_hp_per_floor":[80,80,80,80,80,80,80,80,80,80,80,80,80,80,80,80,80,83,83,83,83,83,83,83,83,83,88,88,92,92,92,92,92,92,92,92],"relics":["Burning Blood","Juzu Bracelet","Blood Vial","Mark of Pain","Bird Faced Urn","Black Star"],"campfire_meditates":0,"card_choices":[{"not_picked":["Entrench","Clash"],"picked":"Dropkick"},{"not_picked":["Warcry","Corruption"],"picked":"Armaments"},{"not_picked":["Feel No Pain","Clothesline"],"picked":"Spot Weakness"},{"not_picked":["Reaper","Limit Break"],"picked":"Feed"},{"not_picked":["Cleave","Flex"],"picked":"True Grit"},{"not_picked":["Warcry","Pummel"],"picked":"Iron Wave"},{"not_picked":["Entrench","Havoc"],"picked":"True Grit"},{"not_picked":["Rage","Battle Trance"],"picked":"Feel No Pain"},{"not_picked":["Cleave","Pommel Strike"],"picked":"Rampage"}],"player_experience":384570,"potions_floor_usage":[7,16,24,29,33,33],"damage_taken":[{"damage":2,"enemies":"Small Slimes","floor":1,"turns":4},{"damage":4,"enemies":"Jaw Worm","floor":5,"turns":4},{"damage":25,"enemies":"Gremlin Nob","floor":7,"turns":4},{"damage":2,"enemies":"2 Louse","floor":13,"turns":2},{"damage":0,"enemies":"Looter","floor":14,"turns":4},{"damage":30,"enemies":"Slime Boss","floor":16,"turns":11},{"damage":22,"enemies":"3 Byrds","floor":18,"turns":5},{"damage":8,"enemies":"Chosen","floor":19,"turns":3},{"damage":11,"enemies":"Snecko","floor":21,"turns":4},{"damage":8,"enemies":"Centurion and Healer","floor":24,"turns":6},{"damage":19,"enemies":"Chosen and Byrds","floor":29,"turns":8},{"damage":25,"enemies":"Snecko","floor":31,"turns":6},{"damage":51,"enemies":"Collector","floor":33,"turns":12},{"damage":41,"enemies":"3 Darklings","floor":35,"turns":8},{"damage":67,"enemies":"Mysterious Sphere","floor":37,"turns":14}],"event_choices":[{"event_name":"World of Goop","player_choice":"Gather Gold","floor":2,"damage_taken":0},{"event_name":"Living Wall","player_choice":"Forget","floor":3,"damage_taken":0},{"event_name":"The Lab","player_choice":"Got Potions","floor":11,"damage_taken":0},{"event_name":"Back to Basics","player_choice":"Elegance","floor":22,"damage_taken":0},{"event_name":"Forgotten Altar","player_choice":"Shed Blood","floor":27,"damage_taken":0},{"event_name":"The Library","player_choice":"Heal","floor":28,"damage_taken":0},{"event_name":"Bonfire Elementals","player_choice":"SKILL","floor":30,"damage_taken":0},{"event_name":"Accursed Blacksmith","player_choice":"Forge","floor":36,"damage_taken":0},{"event_name":"Mysterious Sphere","player_choice":"Fight","floor":37,"damage_taken":0}],"boss_relics":[{"not_picked":["Orrery","Ectoplasm"],"picked":"Mark of Pain"},{"not_picked":["White Beast Statue","Astrolabe"],"picked":"Black Star"}],"potions_floor_spawned":[1,7,16,24,31,33],"seed_played":"1791244014872154602","killed_by":"Mysterious Sphere","is_trial":false}