{"path_per_floor":["M","M","M","M","M","R","E","M","T","M","R","$","R","M","R","B",null,"M","M","M","?","?","R","?","M","T","$","R","M","R","M","R","B",null,"M","M","M","M","?","R","M","$","T","$","?","M","M","M","R","B"],"character_chosen":"IRONCLAD","items_purchased":["Whetstone","Ghostly Armor","Flash of Steel"],"gold_per_floor":[110,127,141,154,164,164,197,217,243,257,257,182,182,194,194,290,290,310,328,344,269,269,269,269,287,361,39,39,54,54,70,70,167,167,183,200,220,235,235,235,249,124,124,30,84,103,115,132,132,132],"floor_reached":51,"campfire_rested":2,"playtime":2824,"current_hp_per_floor":[72,75,80,80,70,70,48,54,54,55,55,55,55,50,50,26,80,40,27,27,27,27,57,41,38,38,38,68,62,68,74,80,58,80,80,80,80,74,64,74,66,66,66,66,67,80,61,78,80,25],"items_purged":["Strike_R","Double Tap","Defend_R"],"gold":132,"play_id":"e3eaddec-70ca-4caa-b679-fc5f1a127b97","is_prod":false,"is_daily":false,"campfire_rituals":0,"campfire_upgraded":8,"is_hardmode":false,"path_taken":["M","M","M","M","M","R","E","?","T","M","R","$","R","M","R","BOSS","M","M","M","?","?","R","?","M","T","$","R","M","R","?","R","BOSS","M","M","M","?","?","R","M","$","T","$","?","M","?","M","R","BOSS"],"build_version":"2018-01-05-BETA1","purchased_purges":3,"victory":true,"master_deck":["Strike_R","Defend_R","Defend_R","Defend_R","Bash","Flex","Inflame","Sword Boomerang","True Grit","Spot Weakness","Headbutt","Heavy Blade","Cleave","Clothesline","Heavy Blade","Uppercut","Ghostly Armor","Feel No Pain","Reaper","Sword Boomerang","Infernal Blade","Feel No Pain","Madness","Madness","Flash of Steel"],"max_hp_per_floor":[80,80,80,80,80,80,80,80,80,80,80,80,80,80,80,80,80,80,80,80,80,80,80,80,80,80,80,80,80,80,80,80,80,80,80,80,80,80,80,80,80,80,80,80,80,80,80,80,80,80],"relics":["Burning Blood","Prayer Wheel","Omamori","Eternal Feather","Necronomicon","Bottled Tornado","Whetstone","Sozu","Magic Flower","Champion Belt"],"campfire_meditates":0,"card_choices":[{"not_picked":["Heavy Blade","Wild Strike"],"picked":"Flex"},{"not_picked":["True Grit","Battle Trance"],"picked":"Inflame"},{"not_picked":["Rage","Sever Soul"],"picked":"Sword Boomerang"},{"not_picked":["Iron Wave","Infernal Blade"],"picked":"True Grit"},{"not_picked":["Corruption","Pummel"],"picked":"Spot Weakness"},{"not_picked":["Havoc","Twin Strike"],"picked":"Headbutt"},{"not_picked":["Thunderclap","Clash"],"picked":"Heavy Blade"},{"not_picked":["Brutality","Spot Weakness"],"picked":"Cleave"},{"not_picked":["Feed","Dark Embrace"],"picked":"Double Tap"},{"not_picked":["Heavy Blade","Pommel Strike"],"picked":"Clothesline"},{"not_picked":["Sword Boomerang","Anger"],"picked":"Heavy Blade"},{"not_picked":["Anger","Heavy Blade"],"picked":"Uppercut"},{"not_picked":["Hemokinesis","Armaments"],"picked":"Feel No Pain"},{"not_picked":["Fiend Fire","Impervious"],"picked":"Reaper"},{"not_picked":["Evolve","Armaments"],"picked":"Sword Boomerang"},{"not_picked":["Wild Strike","Shrug It Off"],"picked":"Infernal Blade"},{"not_picked":["Ghostly Armor","Havoc"],"picked":"Feel No Pain"}],"player_experience":366867,"potions_floor_usage":[5,14,16,16,25],"damage_taken":[{"damage":14,"enemies":"Blue Slaver","floor":1,"turns":4},{"damage":3,"enemies":"Cultist","floor":2,"turns":5},{"damage":0,"enemies":"2 Louse","floor":3,"turns":4},{"damage":5,"enemies":"Looter","floor":4,"turns":4},{"damage":16,"enemies":"Exordium Thugs","floor":5,"turns":6},{"damage":28,"enemies":"Gremlin Nob","floor":7,"turns":5},{"damage":0,"enemies":"Large Slime","floor":8,"turns":5},{"damage":5,"enemies":"3 Louse","floor":10,"turns":3},{"damage":11,"enemies":"Exordium Wildlife","floor":14,"turns":2},{"damage":30,"enemies":"Hexaghost","floor":16,"turns":5},{"damage":46,"enemies":"2 Thieves","floor":18,"turns":4},{"damage":19,"enemies":"Shell Parasite","floor":19,"turns":5},{"damage":6,"enemies":"Snecko","floor":20,"turns":3},{"damage":9,"enemies":"3 Cultists","floor":25,"turns":4},{"damage":12,"enemies":"Snake Plant","floor":29,"turns":2},{"damage":0,"enemies":"Chosen and Byrds","floor":31,"turns":3},{"damage":28,"enemies":"Champ","floor":33,"turns":7},{"damage":0,"enemies":"Flame Bruiser 1 Orb","floor":35,"turns":3},{"damage":4,"enemies":"3 Darklings","floor":36,"turns":7},{"damage":4,"enemies":"Sphere and 2 Shapes","floor":37,"turns":7},{"damage":12,"enemies":"Spire Growth","floor":38,"turns":4},{"damage":28,"enemies":"4 Shapes","floor":41,"turns":4},{"damage":29,"enemies":"Mysterious Sphere","floor":45,"turns":3},{"damage":11,"enemies":"3 Darklings","floor":46,"turns":6},{"damage":28,"enemies":"Maw","floor":47,"turns":5},{"damage":20,"enemies":"Sphere and 2 Shapes","floor":48,"turns":4},{"damage":86,"enemies":"Time Eater","floor":50,"turns":10}],"event_choices":[{"event_name":"Beggar","player_choice":"Gave Gold","floor":21,"damage_taken":0},{"event_name":"Back to Basics","player_choice":"Elegance","floor":22,"damage_taken":0},{"event_name":"Cursed Tome","player_choice":"Obtained Book","floor":24,"damage_taken":0},{"event_name":"Winding Halls","player_choice":"Embrace Madness","floor":39,"damage_taken":0},{"event_name":"Mysterious Sphere","player_choice":"Fight","floor":45,"damage_taken":0}],"boss_relics":[{"not_picked":["Mark of Pain","Pandora\u0027s Box"],"picked":"Eternal Feather"},{"not_picked":["Runic Cube","Question Card"],"picked":"Sozu"}],"potions_floor_spawned":[2,3,10,14,19,20,25,33,36,37,38,47,48],"seed_played":"-3721648989198138560","is_trial":false}