{"path_per_floor":["M","?","M","?","$","E","R","?","T","M","R","M","$","M","R","B",null,"M","$","M","?","$","R","M","E","T","M","R","$","M","E","R"],"character_chosen":"IRONCLAD","items_purchased":["Power Through"],"gold_per_floor":[119,119,134,134,59,93,93,93,93,117,117,133,96,111,111,230,230,244,144,163,163,38,38,63,94,94,113,113,113,131,165,165],"floor_reached":33,"campfire_rested":2,"playtime":1763,"current_hp_per_floor":[77,61,62,62,62,17,17,17,17,21,21,19,19,24,46,8,76,76,76,76,76,76,76,76,61,61,43,43,43,32,17,39],"items_purged":["Strike_R","Strike_R","Strike_R"],"gold":165,"play_id":"89e7d40d-eb61-4984-9085-a27a429eb12c","is_prod":false,"is_daily":false,"campfire_rituals":0,"campfire_upgraded":4,"is_hardmode":false,"path_taken":["M","?","?","?","$","E","R","?","T","M","R","M","?","M","R","BOSS","M","?","M","?","$","R","?","E","T","M","R","$","M","E","R","BOSS"],"build_version":"2018-01-02-BETA1","purchased_purges":3,"victory":false,"master_deck":["Strike_R","Strike_R","Defend_R","Defend_R","Defend_R","Defend_R","Bash","Sword Boomerang","Shrug It Off","Second Wind","Rampage","Power Through","Dropkick","Impervious","Twin Strike","Flex","Injury","Body Slam","Ghostly Armor","Sword Boomerang","Evolve"],"max_hp_per_floor":[80,80,80,80,80,80,80,76,76,76,76,76,76,76,76,76,76,76,76,76,76,76,76,76,76,76,76,76,76,76,76,76],"relics":["Burning Blood","Bag of Preparation","Golden Idol","Calipers","Velvet Choker","Shuriken","Charon\u0027s Ashes","Thread and Needle"],"campfire_meditates":0,"card_choices":[{"not_picked":["Iron Wave","Dual Wield"],"picked":"Sword Boomerang"},{"not_picked":["Whirlwind","Body Slam"],"picked":"Shrug It Off"},{"not_picked":["Clash","Disarm"],"picked":"Second Wind"},{"not_picked":["Clash","Body Slam"],"picked":"Rampage"},{"not_picked":["True Grit","Entrench"],"picked":"Dropkick"},{"not_picked":["Barricade","Brutality"],"picked":"Impervious"},{"not_picked":["Combust","Uppercut"],"picked":"Twin Strike"},{"not_picked":["Bloodletting","Armaments"],"picked":"Flex"},{"not_picked":["Rupture","Second Wind"],"picked":"Body Slam"},{"not_picked":["Clash","Anger"],"picked":"Ghostly Armor"},{"not_picked":["Warcry","Combust"],"picked":"Sword Boomerang"},{"not_picked":["Searing Blow","Dual Wield"],"picked":"Evolve"}],"player_experience":308443,"potions_floor_usage":[16,30,31],"damage_taken":[{"damage":9,"enemies":"2 Louse","floor":1,"turns":3},{"damage":5,"enemies":"Small Slimes","floor":3,"turns":3},{"damage":51,"enemies":"3 Sentries","floor":6,"turns":9},{"damage":2,"enemies":"Blue Slaver","floor":10,"turns":4},{"damage":8,"enemies":"Gremlin Gang","floor":12,"turns":5},{"damage":1,"enemies":"2 Fungi Beasts","floor":14,"turns":3},{"damage":44,"enemies":"Slime Boss","floor":16,"turns":12},{"damage":4,"enemies":"Spheric Guardian","floor":18,"turns":5},{"damage":6,"enemies":"Shell Parasite","floor":20,"turns":7},{"damage":0,"enemies":"Snecko","floor":24,"turns":5},{"damage":21,"enemies":"Book of Stabbing","floor":25,"turns":7},{"damage":24,"enemies":"Centurion and Healer","floor":27,"turns":8},{"damage":17,"enemies":"3 Cultists","floor":30,"turns":7},{"damage":21,"enemies":"Gremlin Leader","floor":31,"turns":9},{"damage":40,"enemies":"Collector","floor":33,"turns":4}],"event_choices":[{"event_name":"Shining Light","player_choice":"Entered Light","floor":2,"damage_taken":0},{"event_name":"Liars Game","player_choice":"disagreed","floor":4,"damage_taken":0},{"event_name":"Golden Idol","player_choice":"Lose Max HP","floor":8,"damage_taken":0},{"event_name":"Accursed Blacksmith","player_choice":"Forge","floor":21,"damage_taken":0}],"boss_relics":[{"not_picked":["Sozu","Question Card"],"picked":"Velvet Choker"}],"potions_floor_spawned":[10,12,16,20,25,30],"seed_played":"3180511914826413964","killed_by":"Collector","is_trial":false}