{"path_per_floor":["M","M","?","$","M","R","E","?","T","M","M","E","$","M","R","B",null,"M","?","M","?","M"],"character_chosen":"IRONCLAD","items_purchased":[],"gold_per_floor":[119,131,131,56,70,70,103,103,126,146,157,189,89,101,101,198,198,215,250,240,155,168],"floor_reached":23,"campfire_rested":1,"playtime":1528,"current_hp_per_floor":[58,57,50,50,50,50,17,33,33,31,33,16,16,9,28,5,64,46,18,16,16,4],"items_purged":["Strike_R","Strike_R"],"gold":168,"play_id":"daa95987-2e0b-480a-84d2-caaa02413512","is_prod":false,"is_daily":false,"campfire_rituals":0,"campfire_upgraded":1,"is_hardmode":false,"path_taken":["M","M","?","$","?","R","E","?","T","M","M","E","?","M","R","BOSS","M","?","M","?","?","E"],"build_version":"2018-01-12-BETA1","purchased_purges":2,"victory":false,"master_deck":["Bash","Cleave","Pommel Strike","Flame Barrier","Metallicize","Parasite","Thunderclap","Headbutt","True Grit","Demon Form","Shrug It Off","Corruption","Blood for Blood","Body Slam","Twin Strike","Clash","True Grit","True Grit"],"max_hp_per_floor":[64,64,64,64,64,64,64,64,64,64,64,64,64,64,64,64,64,64,64,64,64,64],"relics":["Runic Cube","Toolbox","Blood Vial","Pen Nib","Pandora\u0027s Box","Red Mask","Ancient Tea Set"],"campfire_meditates":0,"card_choices":[{"not_picked":["Anger","Dual Wield"],"picked":"Cleave"},{"not_picked":["Carnage","Wild Strike"],"picked":"Pommel Strike"},{"not_picked":["Battle Trance","Armaments"],"picked":"Flame Barrier"},{"not_picked":["Exhume","Ghostly Armor"],"picked":"Metallicize"},{"not_picked":["Reckless Charge","Clash"],"picked":"Thunderclap"},{"not_picked":["Sword Boomerang","Twin Strike"],"picked":"Headbutt"},{"not_picked":["Bloodletting","Pommel Strike"],"picked":"True Grit"},{"not_picked":["Limit Break","Offering"],"picked":"Demon Form"},{"not_picked":["Cleave","Bloodletting"],"picked":"True Grit"},{"not_picked":["Burning Pact","Twin Strike"],"picked":"True Grit"}],"player_experience":182300,"potions_floor_usage":[10,12,16],"damage_taken":[{"damage":6,"enemies":"Jaw Worm","floor":1,"turns":3},{"damage":1,"enemies":"Cultist","floor":2,"turns":3},{"damage":0,"enemies":"Small Slimes","floor":5,"turns":3},{"damage":33,"enemies":"3 Sentries","floor":7,"turns":7},{"damage":4,"enemies":"Gremlin Gang","floor":10,"turns":4},{"damage":0,"enemies":"3 Louse","floor":11,"turns":3},{"damage":19,"enemies":"Gremlin Nob","floor":12,"turns":5},{"damage":9,"enemies":"Exordium Thugs","floor":14,"turns":3},{"damage":25,"enemies":"Slime Boss","floor":16,"turns":11},{"damage":18,"enemies":"Shell Parasite","floor":18,"turns":10},{"damage":30,"enemies":"Masked Bandits","floor":19,"turns":4},{"damage":4,"enemies":"2 Thieves","floor":20,"turns":4},{"damage":14,"enemies":"Snecko","floor":22,"turns":7},{"damage":6,"enemies":"Gremlin Leader","floor":23,"turns":3}],"event_choices":[{"event_name":"Golden Wing","player_choice":"Card Removal","floor":3,"damage_taken":0},{"event_name":"Mushrooms","player_choice":"Healed and dodged fight","floor":8,"damage_taken":0},{"event_name":"Masked Bandits","player_choice":"Fought over 215 gold","floor":19,"damage_taken":0},{"event_name":"Addict","player_choice":"Obtained Relic","floor":21,"damage_taken":0}],"boss_relics":[{"not_picked":["Question Card","Philosopher\u0027s Stone"],"picked":"Pandora\u0027s Box"}],"potions_floor_spawned":[2,7,10,20],"seed_played":"-381041968345921657","killed_by":"Gremlin Leader","is_trial":false}