{"path_per_floor":["M","M","M","M","M","R","E","R","T","M","?","E","M","$","R","B",null,"M","M","T","$","M","R","M","E","T","E","$","R","M","M","R","B",null,"M","$","?","M","M","E","M"],"character_chosen":"IRONCLAD","items_purchased":["Vajra","Armaments","Metallicize"],"gold_per_floor":[118,138,157,172,187,187,245,245,245,262,362,393,409,163,163,262,262,262,202,202,102,102,102,102,102,102,102,28,28,28,28,28,28,28,28,28,28,28,28,28,28],"floor_reached":42,"campfire_rested":2,"playtime":3263,"current_hp_per_floor":[79,71,67,52,54,54,23,47,47,43,43,21,21,21,45,35,80,80,74,74,74,71,71,71,61,61,57,57,57,59,61,61,33,80,73,73,67,69,41,20,13],"items_purged":["Strike_R","Strike_R"],"gold":28,"play_id":"40ad0cbd-3a94-4f96-a2ed-c17b58891a00","is_prod":false,"is_daily":false,"campfire_rituals":0,"campfire_upgraded":2,"is_hardmode":false,"path_taken":["M","M","M","M","M","R","E","R","T","M","?","E","?","$","R","BOSS","M","M","?","$","M","R","M","E","T","E","$","R","?","M","R","BOSS","M","$","?","?","M","E","M","E"],"build_version":"2018-01-12-BETA1","purchased_purges":2,"victory":false,"master_deck":["Strike_R","Strike_R","Strike_R","Defend_R","Defend_R","Defend_R","Defend_R","Bash","Inflame","Metallicize","Metallicize","Twin Strike","Disarm","Iron Wave","Sword Boomerang","Clothesline","Armaments","Juggernaut","True Grit","Uppercut","Shrug It Off","Metallicize","Body Slam","Demon Form","Heavy Blade","Dual Wield","Evolve","Battle Trance"],"max_hp_per_floor":[80,80,80,80,80,80,80,80,80,80,80,80,80,80,80,80,80,80,80,80,80,80,80,80,80,80,80,80,80,80,80,80,80,80,80,80,80,80,80,80,80],"relics":["White Beast Statue","Tiny Chest","Ginger","Bag of Preparation","Vajra","Ectoplasm","Lantern","Blood Vial","Torii","Shovel","Prayer Wheel","Dream Catcher","Mark of Pain","Charon\u0027s Ashes","Pantograph"],"campfire_meditates":0,"card_choices":[{"not_picked":["Warcry","Body Slam"],"picked":"Inflame"},{"not_picked":["Iron Wave","Rage"],"picked":"Metallicize"},{"not_picked":["Dropkick","Sever Soul"],"picked":"Metallicize"},{"not_picked":["Dual Wield","Body Slam"],"picked":"Twin Strike"},{"not_picked":["Dark Embrace","Perfected Strike"],"picked":"Disarm"},{"not_picked":["Headbutt","Clothesline"],"picked":"Iron Wave"},{"not_picked":["Clothesline","Fire Breathing"],"picked":"Sword Boomerang"},{"not_picked":["Heavy Blade","Entrench"],"picked":"Clothesline"},{"not_picked":["Dark Embrace","Double Tap"],"picked":"Juggernaut"},{"not_picked":["Clash","Rage"],"picked":"True Grit"},{"not_picked":["Clash","Infernal Blade"],"picked":"Uppercut"},{"not_picked":["Infernal Blade","Burning Pact"],"picked":"Shrug It Off"},{"not_picked":["Exhume","Feel No Pain"],"picked":"Body Slam"},{"not_picked":["Fiend Fire","Immolate"],"picked":"Demon Form"},{"not_picked":["Shockwave","Flex"],"picked":"Heavy Blade"},{"not_picked":["Wild Strike","Intimidate"],"picked":"Dual Wield"},{"not_picked":["Searing Blow","Sentinel"],"picked":"Evolve"},{"not_picked":["Second Wind","Spot Weakness"],"picked":"Battle Trance"}],"player_experience":183828,"potions_floor_usage":[5,5,10,13,19,19,25,27,30,37,38,41,42],"damage_taken":[{"damage":1,"enemies":"Jaw Worm","floor":1,"turns":4},{"damage":8,"enemies":"Blue Slaver","floor":2,"turns":6},{"damage":4,"enemies":"2 Louse","floor":3,"turns":4},{"damage":15,"enemies":"Lots of Slimes","floor":4,"turns":6},{"damage":13,"enemies":"Exordium Thugs","floor":5,"turns":6},{"damage":31,"enemies":"3 Sentries","floor":7,"turns":8},{"damage":4,"enemies":"2 Fungi Beasts","floor":10,"turns":3},{"damage":22,"enemies":"Gremlin Nob","floor":12,"turns":5},{"damage":0,"enemies":"3 Louse","floor":13,"turns":3},{"damage":10,"enemies":"Hexaghost","floor":16,"turns":9},{"damage":0,"enemies":"Shell Parasite","floor":18,"turns":5},{"damage":6,"enemies":"2 Thieves","floor":19,"turns":4},{"damage":3,"enemies":"Snecko","floor":22,"turns":5},{"damage":0,"enemies":"Chosen and Byrds","floor":24,"turns":7},{"damage":10,"enemies":"Slavers","floor":25,"turns":7},{"damage":6,"enemies":"Book of Stabbing","floor":27,"turns":6},{"damage":0,"enemies":"Snake Plant","floor":30,"turns":5},{"damage":0,"enemies":"Snecko","floor":31,"turns":4},{"damage":30,"enemies":"Champ","floor":33,"turns":13},{"damage":7,"enemies":"3 Shapes","floor":35,"turns":6},{"damage":23,"enemies":"Mysterious Sphere","floor":37,"turns":10},{"damage":0,"enemies":"Flame Bruiser 1 Orb","floor":38,"turns":7},{"damage":30,"enemies":"Spire Growth","floor":39,"turns":6},{"damage":23,"enemies":"Nemesis","floor":40,"turns":7},{"damage":9,"enemies":"Flame Bruiser 2 Orb","floor":41,"turns":6},{"damage":29,"enemies":"2 Orb Walkers","floor":42,"turns":2}],"event_choices":[{"event_name":"Golden Shrine","player_choice":"Pray","floor":11,"damage_taken":0},{"event_name":"Mysterious Sphere","player_choice":"Fight","floor":37,"damage_taken":0}],"boss_relics":[{"not_picked":["Orrery","Sozu"],"picked":"Ectoplasm"},{"not_picked":["Philosopher\u0027s Stone","Snecko Eye"],"picked":"Mark of Pain"}],"potions_floor_spawned":[1,2,3,4,5,7,10,12,13,16,18,19,22,24,25,27,30,31,33,35,37,38,39,40,41],"seed_played":"529384249716091398","killed_by":"2 Orb Walkers","is_trial":false}