{"path_per_floor":["M","M","?","M","M","R","?","R","T","M","R","E","$","?","R","B",null,"M","?","M","$","M","R","M","R","T","M","?","$","M"],"character_chosen":"IRONCLAD","items_purchased":["Armaments"],"gold_per_floor":[14,33,33,52,64,64,64,64,91,108,108,143,21,21,21,117,117,134,134,144,44,59,59,74,74,74,93,127,2,14],"floor_reached":31,"campfire_rested":1,"playtime":1079,"current_hp_per_floor":[78,80,64,56,46,46,51,51,51,47,47,23,23,23,48,33,85,77,77,71,71,65,65,64,64,64,36,8,8,13],"items_purged":["Strike_R","Strike_R","Defend_R"],"gold":14,"play_id":"842f9076-0724-4202-9144-9cd1e65fb52f","is_prod":false,"is_daily":false,"campfire_rituals":0,"campfire_upgraded":5,"is_hardmode":false,"path_taken":["M","M","?","M","M","R","?","R","T","M","R","E","$","?","R","BOSS","M","?","M","$","M","R","M","R","T","M","?","$","M","M"],"build_version":"2018-01-04-BETA1","purchased_purges":3,"victory":false,"master_deck":["Strike_R","Strike_R","Defend_R","Defend_R","Bash","Inflame","Combust","Rampage","Disarm","Armaments","Double Tap","Twin Strike","True Grit","Hemokinesis","Rampage","Headbutt","Blood for Blood"],"max_hp_per_floor":[80,80,80,80,80,80,85,85,85,85,85,85,85,85,85,85,85,85,85,85,85,85,85,85,85,85,85,85,85,85],"relics":["Burning Blood","Happy Flower","Frozen Egg","Philosopher\u0027s Stone","Red Mask"],"campfire_meditates":0,"card_choices":[{"not_picked":["Spot Weakness","Cleave"],"picked":"Inflame"},{"not_picked":["Uppercut","Twin Strike"],"picked":"Combust"},{"not_picked":["Sword Boomerang","Immolate"],"picked":"Rampage"},{"not_picked":["Headbutt","Perfected Strike"],"picked":"Disarm"},{"not_picked":["Fiend Fire","Brutality"],"picked":"Double Tap"},{"not_picked":["Inflame","Pommel Strike"],"picked":"Twin Strike"},{"not_picked":["Shrug It Off","Whirlwind"],"picked":"True Grit"},{"not_picked":["Havoc","Heavy Blade"],"picked":"Hemokinesis"},{"not_picked":["Clash","Bloodletting"],"picked":"Rampage"},{"not_picked":["Pummel","True Grit"],"picked":"Headbutt"},{"not_picked":["Clothesline","Sever Soul"],"picked":"Blood for Blood"}],"player_experience":337697,"potions_floor_usage":[12],"damage_taken":[{"damage":8,"enemies":"Jaw Worm","floor":1,"turns":4},{"damage":1,"enemies":"Cultist","floor":2,"turns":3},{"damage":14,"enemies":"Small Slimes","floor":4,"turns":3},{"damage":16,"enemies":"3 Louse","floor":5,"turns":4},{"damage":10,"enemies":"Looter","floor":10,"turns":3},{"damage":30,"enemies":"3 Sentries","floor":12,"turns":4},{"damage":21,"enemies":"Slime Boss","floor":16,"turns":8},{"damage":14,"enemies":"Spheric Guardian","floor":18,"turns":3},{"damage":12,"enemies":"Chosen","floor":20,"turns":3},{"damage":12,"enemies":"Centurion and Healer","floor":22,"turns":4},{"damage":7,"enemies":"3 Cultists","floor":24,"turns":4},{"damage":34,"enemies":"Slaver and Parasite","floor":27,"turns":5},{"damage":34,"enemies":"Masked Bandits","floor":28,"turns":4},{"damage":1,"enemies":"Centurion and Healer","floor":30,"turns":3},{"damage":13,"enemies":"3 Cultists","floor":31,"turns":2}],"event_choices":[{"event_name":"Shining Light","player_choice":"Entered Light","floor":3,"damage_taken":0},{"event_name":"Big Fish","player_choice":"Donut","floor":7,"damage_taken":0},{"event_name":"The Cleric","player_choice":"Leave","floor":14,"damage_taken":0},{"event_name":"Addict","player_choice":"Ignored","floor":19,"damage_taken":0},{"event_name":"Masked Bandits","player_choice":"Fought over 93 gold","floor":28,"damage_taken":0}],"boss_relics":[{"not_picked":["Eternal Feather","Cursed Key"],"picked":"Philosopher\u0027s Stone"}],"potions_floor_spawned":[1,5,20,24,30],"seed_played":"2712179903870681955","killed_by":"3 Cultists","is_trial":false}