{"path_per_floor":["M","M","M","$","?","R","?","M","T","M","R","M","R","M","R","B",null,"M","$","?","M","M","?","M","R","T","R","M"],"character_chosen":"IRONCLAD","items_purchased":[],"gold_per_floor":[110,123,133,58,58,58,79,89,161,172,172,185,185,199,199,298,298,318,218,143,156,167,167,180,180,205,205,217],"floor_reached":29,"campfire_rested":0,"playtime":2222,"current_hp_per_floor":[80,80,80,80,73,73,75,80,90,90,90,90,90,90,90,10,90,90,90,90,83,65,65,41,41,41,41,21],"items_purged":["Strike_R","Strike_R"],"gold":217,"play_id":"7ba2f750-4df3-41a5-98aa-ede51d7d63d4","is_prod":false,"is_daily":false,"campfire_rituals":0,"campfire_upgraded":6,"is_hardmode":false,"path_taken":["M","M","M","$","?","R","?","M","T","M","R","?","R","M","R","BOSS","M","$","?","M","M","?","M","R","T","R","M","E"],"build_version":"2018-01-05-BETA1","purchased_purges":2,"victory":false,"master_deck":["Strike_R","Defend_R","Defend_R","Defend_R","Defend_R","Bash","Twin Strike","Armaments","Pommel Strike","Rampage","Bloodletting","Flame Barrier","Shrug It Off","Double Tap","Clothesline","Disarm"],"max_hp_per_floor":[80,80,80,80,80,80,80,80,90,90,90,90,90,90,90,90,90,90,90,90,90,90,90,90,90,90,90,90],"relics":["Burning Blood","Odd Mushroom","Black Star","Nloth\u0027s Gift","Juzu Bracelet"],"campfire_meditates":0,"card_choices":[{"not_picked":["Heavy Blade","Entrench"],"picked":"Twin Strike"},{"not_picked":["Offering","Thunderclap"],"picked":"Armaments"},{"not_picked":["Carnage","True Grit"],"picked":"Pommel Strike"},{"not_picked":["Armaments","Twin Strike"],"picked":"Rampage"},{"not_picked":["Twin Strike","Combust"],"picked":"Bloodletting"},{"not_picked":["Fire Breathing","Thunderclap"],"picked":"Flame Barrier"},{"not_picked":["Dual Wield","Sword Boomerang"],"picked":"Shrug It Off"},{"not_picked":["Immolate","Exhume"],"picked":"Double Tap"},{"not_picked":["Perfected Strike","Wild Strike"],"picked":"Clothesline"},{"not_picked":["Clash","Immolate"],"picked":"Disarm"}],"player_experience":361071,"potions_floor_usage":[7,10,14,16,24,28],"damage_taken":[{"damage":1,"enemies":"Cultist","floor":1,"turns":4},{"damage":1,"enemies":"Jaw Worm","floor":2,"turns":3},{"damage":1,"enemies":"2 Louse","floor":3,"turns":3},{"damage":4,"enemies":"The Mushroom Lair","floor":7,"turns":6},{"damage":0,"enemies":"Large Slime","floor":8,"turns":4},{"damage":0,"enemies":"Gremlin Gang","floor":10,"turns":4},{"damage":2,"enemies":"3 Louse","floor":12,"turns":4},{"damage":0,"enemies":"Exordium Thugs","floor":14,"turns":4},{"damage":101,"enemies":"Hexaghost","floor":16,"turns":12},{"damage":4,"enemies":"Shell Parasite","floor":18,"turns":10},{"damage":13,"enemies":"Spheric Guardian","floor":21,"turns":4},{"damage":24,"enemies":"Snake Plant","floor":22,"turns":5},{"damage":30,"enemies":"Slaver and Parasite","floor":24,"turns":7},{"damage":26,"enemies":"Sentry and Sphere","floor":28,"turns":9},{"damage":21,"enemies":"Slavers","floor":29,"turns":1}],"event_choices":[{"event_name":"Golden Wing","player_choice":"Card Removal","floor":5,"damage_taken":0},{"event_name":"Mushrooms","player_choice":"Fought Mushrooms","floor":7,"damage_taken":0},{"event_name":"Beggar","player_choice":"Gave Gold","floor":20,"damage_taken":0},{"event_name":"N\u0027loth","player_choice":"Traded a Pear","floor":23,"damage_taken":0}],"boss_relics":[{"not_picked":["Ectoplasm","Philosopher\u0027s Stone"],"picked":"Black Star"}],"potions_floor_spawned":[2,3,12,16,18],"seed_played":"3314515697284769480","killed_by":"Slavers","is_trial":false}