{"path_per_floor":["M","M","M","?","M","R","?","R","T","R","$","M","E","M","R","B",null,"M","?","?","?","$","R","E","T","T","$","E","R","M","E","R","B",null,"M","$","M","?","M","R","M","$","T","?","M","?","?","M","R","B"],"character_chosen":"IRONCLAD","items_purchased":["Inflame","Sword Boomerang"],"gold_per_floor":[16,35,55,55,69,69,69,69,69,69,36,54,89,102,102,207,207,221,221,221,221,146,146,175,175,198,98,123,123,140,167,167,272,272,283,158,175,175,193,193,212,160,160,160,178,0,0,14,14,14],"floor_reached":51,"campfire_rested":0,"playtime":3294,"current_hp_per_floor":[80,80,80,85,85,85,85,85,85,85,85,80,66,73,73,71,85,85,85,85,85,85,85,68,68,68,68,78,78,72,69,69,52,85,85,85,85,85,85,85,85,85,85,85,85,85,75,85,85,85],"items_purged":["Injury","Defend_R","Strike_R"],"gold":14,"play_id":"954a609f-bffe-4296-ae21-6312f31dcc7c","is_prod":false,"is_daily":false,"campfire_rituals":0,"campfire_upgraded":8,"is_hardmode":false,"path_taken":["M","M","M","?","M","R","?","R","T","R","$","M","E","M","R","BOSS","M","?","?","?","?","R","E","?","T","$","E","R","?","E","R","BOSS","M","$","M","?","M","R","M","$","T","?","M","?","?","?","R","BOSS"],"build_version":"2018-01-12-BETA1","purchased_purges":3,"victory":true,"master_deck":["Defend_R","Shrug It Off","Iron Wave","Shockwave","Flame Barrier","Inflame","Cleave","Headbutt","Inflame","Rupture","Limit Break","Intimidate","Battle Trance","True Grit","True Grit","Twin Strike","True Grit","Sword Boomerang","Body Slam","Madness","Madness"],"max_hp_per_floor":[80,80,80,85,85,85,85,85,85,85,85,85,85,85,85,85,85,85,85,85,85,85,85,85,85,85,85,85,85,85,85,85,85,85,85,85,85,85,85,85,85,85,85,85,85,85,85,85,85,85],"relics":["Burning Blood","Bird Faced Urn","Regal Pillow","Astrolabe","Dodecahedron","Thread and Needle","Prayer Wheel","Omamori","Peace Pipe","White Beast Statue","Frozen Eye","Red Mask"],"campfire_meditates":0,"card_choices":[{"not_picked":["Twin Strike","Rupture"],"picked":"Shrug It Off"},{"not_picked":["Rage","Warcry"],"picked":"Iron Wave"},{"not_picked":["Hemokinesis","Combust"],"picked":"Shockwave"},{"not_picked":["Armaments","Fiend Fire"],"picked":"Flame Barrier"},{"not_picked":["Perfected Strike","Sentinel"],"picked":"Cleave"},{"not_picked":["Havoc","Warcry"],"picked":"Headbutt"},{"not_picked":["Pommel Strike","Wild Strike"],"picked":"Inflame"},{"not_picked":["Shrug It Off","Infernal Blade"],"picked":"Battle Trance"},{"not_picked":["Twin Strike","Clash"],"picked":"True Grit"},{"not_picked":["Cleave","Reckless Charge"],"picked":"True Grit"},{"not_picked":["Reckless Charge","Uppercut"],"picked":"Twin Strike"},{"not_picked":["Fire Breathing","Twin Strike"],"picked":"True Grit"},{"not_picked":["Sword Boomerang","Armaments"],"picked":"Body Slam"}],"player_experience":203999,"potions_floor_usage":[24,28,28,28,33,37,39,39,48,50],"damage_taken":[{"damage":2,"enemies":"Small Slimes","floor":1,"turns":6},{"damage":2,"enemies":"Cultist","floor":2,"turns":4},{"damage":4,"enemies":"Blue Slaver","floor":3,"turns":6},{"damage":5,"enemies":"Looter","floor":5,"turns":4},{"damage":11,"enemies":"Gremlin Gang","floor":12,"turns":6},{"damage":22,"enemies":"Lagavulin","floor":13,"turns":7},{"damage":1,"enemies":"2 Fungi Beasts","floor":14,"turns":3},{"damage":12,"enemies":"The Guardian","floor":16,"turns":9},{"damage":4,"enemies":"3 Byrds","floor":18,"turns":6},{"damage":23,"enemies":"Gremlin Leader","floor":24,"turns":7},{"damage":2,"enemies":"Slavers","floor":28,"turns":5},{"damage":18,"enemies":"2 Thieves","floor":30,"turns":5},{"damage":15,"enemies":"Gremlin Leader","floor":31,"turns":7},{"damage":29,"enemies":"Collector","floor":33,"turns":6},{"damage":0,"enemies":"Flame Bruiser 1 Orb","floor":35,"turns":6},{"damage":0,"enemies":"3 Shapes","floor":37,"turns":6},{"damage":18,"enemies":"Sphere and 2 Shapes","floor":39,"turns":9},{"damage":0,"enemies":"Flame Bruiser 2 Orb","floor":41,"turns":5},{"damage":0,"enemies":"Maw","floor":45,"turns":6},{"damage":0,"enemies":"3 Darklings","floor":48,"turns":5},{"damage":4,"enemies":"Awakened One","floor":50,"turns":9}],"event_choices":[{"event_name":"Big Fish","player_choice":"Donut","floor":4,"damage_taken":0},{"event_name":"Accursed Blacksmith","player_choice":"Forge","floor":7,"damage_taken":0},{"event_name":"The Lab","player_choice":"Got Potions","floor":19,"damage_taken":0},{"event_name":"Vampires","player_choice":"Ignored","floor":20,"damage_taken":0},{"event_name":"The Mausoleum","player_choice":"No","floor":21,"damage_taken":0},{"event_name":"Mysterious Sphere","player_choice":"Ignore","floor":38,"damage_taken":0},{"event_name":"Tomb of Lord Red Mask","player_choice":"Paid","floor":46,"damage_taken":0},{"event_name":"Winding Halls","player_choice":"Embrace Madness","floor":47,"damage_taken":0}],"boss_relics":[{"not_picked":["Tiny House","Runic Pyramid"],"picked":"Astrolabe"},{"not_picked":["Pandora\u0027s Box","Runic Cube"],"picked":"White Beast Statue"}],"potions_floor_spawned":[13,14,24,30,31,35,37,39,41,45,48],"seed_played":"4679116068614453344","is_trial":false}