{"path_per_floor":["M","$","M","M","?","R","M","R","T","M","M","?","M","M","R","B",null,"M","M","M","?","?","R","?","M","T","R","E","M","$","M","R","B",null,"M","?","M","M","M","R","E","R","T","E","?","M","M","M","R","B"],"character_chosen":"IRONCLAD","items_purchased":["Thunderclap","Self Forming Clay"],"gold_per_floor":[110,10,30,41,41,41,57,57,84,94,109,109,126,139,139,234,234,248,268,288,288,288,288,288,303,303,303,337,349,9,29,29,124,124,142,0,18,31,48,48,83,83,110,138,138,150,170,180,180,180],"floor_reached":51,"campfire_rested":0,"playtime":2769,"current_hp_per_floor":[80,80,80,80,80,80,76,76,76,79,80,80,80,80,80,51,80,68,74,78,78,62,62,62,73,73,73,69,81,81,87,87,87,87,87,87,87,81,87,87,77,77,77,86,86,96,97,97,97,52],"items_purged":["Strike_R","Strike_R"],"gold":180,"play_id":"47cb50ce-6b6d-4b8d-a22f-718dca94ded8","is_prod":false,"is_daily":false,"campfire_rituals":0,"campfire_upgraded":9,"is_hardmode":false,"path_taken":["M","$","M","M","?","R","M","R","T","M","M","?","?","M","R","BOSS","M","?","M","?","?","R","?","M","T","R","E","M","$","M","R","BOSS","M","?","M","M","M","R","E","R","T","E","?","M","M","M","R","BOSS"],"build_version":"2018-01-19-BETA1","purchased_purges":2,"victory":true,"master_deck":["Strike_R","Defend_R","Defend_R","Defend_R","Defend_R","Bash","Shrug It Off","Thunderclap","Whirlwind","True Grit","Reaper","Limit Break","Battle Trance","Shockwave","Necronomicurse","Uppercut","Flex","Bludgeon","Warcry","Shrug It Off","Impervious"],"max_hp_per_floor":[80,80,80,80,80,80,80,80,80,80,80,80,80,80,80,80,80,80,80,80,80,80,80,80,80,80,80,87,87,87,87,87,87,87,87,87,87,87,87,87,87,87,87,97,97,97,97,97,97,97],"relics":["Burning Blood","Blood Vial","Sozu","Necronomicon","Charon\u0027s Ashes","Strawberry","Self Forming Clay","Black Star","Red Mask","Bottled Flame","Centennial Puzzle","Whetstone","Pear","Smiling Mask"],"campfire_meditates":0,"card_choices":[{"not_picked":["Sword Boomerang","Perfected Strike"],"picked":"Shrug It Off"},{"not_picked":["Sword Boomerang","Reckless Charge"],"picked":"Whirlwind"},{"not_picked":["Rupture","Sever Soul"],"picked":"True Grit"},{"not_picked":["Reckless Charge","Fire Breathing"],"picked":"Metallicize"},{"not_picked":["Brutality","Immolate"],"picked":"Limit Break"},{"not_picked":["Cleave","Perfected Strike"],"picked":"Battle Trance"},{"not_picked":["Metallicize","Headbutt"],"picked":"Shockwave"},{"not_picked":["Pommel Strike","Thunderclap"],"picked":"Flex"},{"not_picked":["Limit Break","Immolate"],"picked":"Bludgeon"},{"not_picked":["Body Slam","Evolve"],"picked":"Warcry"},{"not_picked":["Dark Embrace","Armaments"],"picked":"Shrug It Off"},{"not_picked":["Headbutt","Twin Strike"],"picked":"Impervious"}],"player_experience":287043,"potions_floor_usage":[],"damage_taken":[{"damage":6,"enemies":"Jaw Worm","floor":1,"turns":3},{"damage":0,"enemies":"2 Louse","floor":3,"turns":3},{"damage":0,"enemies":"Cultist","floor":4,"turns":3},{"damage":10,"enemies":"Looter","floor":7,"turns":3},{"damage":5,"enemies":"Red Slaver","floor":10,"turns":5},{"damage":0,"enemies":"Lots of Slimes","floor":11,"turns":1},{"damage":0,"enemies":"Gremlin Gang","floor":13,"turns":1},{"damage":0,"enemies":"Large Slime","floor":14,"turns":3},{"damage":35,"enemies":"Slime Boss","floor":16,"turns":10},{"damage":18,"enemies":"Spheric Guardian","floor":18,"turns":6},{"damage":8,"enemies":"Chosen","floor":19,"turns":6},{"damage":4,"enemies":"Snecko","floor":20,"turns":4},{"damage":8,"enemies":"Sentry and Sphere","floor":25,"turns":4},{"damage":24,"enemies":"Gremlin Leader","floor":28,"turns":5},{"damage":5,"enemies":"Snake Plant","floor":29,"turns":4},{"damage":0,"enemies":"3 Cultists","floor":31,"turns":2},{"damage":8,"enemies":"Champ","floor":33,"turns":5},{"damage":0,"enemies":"Orb Walker","floor":35,"turns":2},{"damage":0,"enemies":"3 Darklings","floor":37,"turns":2},{"damage":12,"enemies":"Spire Growth","floor":38,"turns":3},{"damage":0,"enemies":"Maw","floor":39,"turns":6},{"damage":16,"enemies":"2 Orb Walkers","floor":41,"turns":4},{"damage":9,"enemies":"Nemesis","floor":44,"turns":4},{"damage":16,"enemies":"Sphere and 2 Shapes","floor":46,"turns":5},{"damage":6,"enemies":"3 Darklings","floor":47,"turns":2},{"damage":12,"enemies":"Flame Bruiser 2 Orb","floor":48,"turns":4},{"damage":58,"enemies":"Time Eater","floor":50,"turns":11}],"event_choices":[{"event_name":"The Cleric","player_choice":"Leave","floor":5,"damage_taken":0},{"event_name":"Transmorgrifier","player_choice":"Transform","floor":12,"damage_taken":0},{"event_name":"Back to Basics","player_choice":"Elegance","floor":21,"damage_taken":0},{"event_name":"Cursed Tome","player_choice":"Obtained Book","floor":22,"damage_taken":0},{"event_name":"The Library","player_choice":"Read","floor":24,"damage_taken":0},{"event_name":"Tomb of Lord Red Mask","player_choice":"Paid","floor":36,"damage_taken":0}],"boss_relics":[{"not_picked":["Snecko Eye","Black Blood"],"picked":"Sozu"},{"not_picked":["Mark of Pain","Runic Cube"],"picked":"Black Star"}],"potions_floor_spawned":[3,13,16,20,29,31,33,35,37,47],"seed_played":"5481530944889660992","is_trial":false}