{"path_per_floor":["M","M","?","M","M","R","M","E","T","$","M","R","$","?","R","B",null,"M","?","M","?","T","R","$","?","T","M","E","R","M","M","R","B",null,"M","$","?","M","?","R","M","$","T","E"],"character_chosen":"IRONCLAD","items_purchased":["Sword Boomerang"],"gold_per_floor":[112,123,123,143,163,163,181,210,210,113,128,128,28,28,28,123,123,92,92,105,105,105,105,105,105,105,120,149,149,159,179,179,276,276,294,169,169,185,185,185,200,50,50,85],"floor_reached":45,"campfire_rested":2,"playtime":2509,"current_hp_per_floor":[36,35,35,33,30,30,33,10,10,10,15,39,39,39,39,23,80,58,58,37,63,63,63,63,63,77,61,37,37,29,27,55,31,94,54,54,77,94,94,94,70,70,70,41],"items_purged":["Injury","Reckless Charge","Strike_R","Writhe"],"gold":85,"play_id":"097e031d-0763-4550-8cf0-491ba0c0fcd5","is_prod":false,"is_daily":false,"campfire_rituals":0,"campfire_upgraded":5,"is_hardmode":false,"path_taken":["M","?","?","M","M","R","M","E","T","$","M","R","?","?","R","BOSS","M","?","?","?","?","R","$","?","T","M","E","R","M","M","R","BOSS","M","$","?","M","?","R","M","$","T","E","M"],"build_version":"2018-01-15-BETA1","purchased_purges":4,"victory":false,"master_deck":["Strike_R","Strike_R","Defend_R","Defend_R","Defend_R","Defend_R","Bash","Limit Break","Spot Weakness","Shrug It Off","Ghostly Armor","Sword Boomerang","Reaper","Double Tap","True Grit","Thunderclap","Decay"],"max_hp_per_floor":[80,80,80,80,80,80,80,80,80,80,80,80,80,80,80,80,80,80,80,80,80,80,80,80,80,94,94,94,94,94,94,94,94,94,94,94,94,94,94,94,94,94,94,94],"relics":["Burning Blood","Art of War","Torii","Orrery","Oddly Smooth Stone","Mango","Dodecahedron","Sozu","Ginger","Matryoshka"],"campfire_meditates":0,"card_choices":[{"not_picked":["Corruption","Reaper"],"picked":"Spot Weakness"},{"not_picked":["Pommel Strike","Entrench"],"picked":"Shrug It Off"},{"not_picked":["Clothesline","Corruption"],"picked":"Ghostly Armor"},{"not_picked":["Demon Form","Feed"],"picked":"Reaper"},{"not_picked":["Body Slam","Armaments"],"picked":"Double Tap"},{"not_picked":["Carnage","Shrug It Off"],"picked":"True Grit"},{"not_picked":["Corruption","Havoc"],"picked":"Thunderclap"}],"player_experience":224959,"potions_floor_usage":[7,7,20,20,28,33],"damage_taken":[{"damage":10,"enemies":"Blue Slaver","floor":1,"turns":7},{"damage":7,"enemies":"2 Louse","floor":2,"turns":3},{"damage":8,"enemies":"Cultist","floor":4,"turns":6},{"damage":9,"enemies":"Exordium Thugs","floor":5,"turns":4},{"damage":12,"enemies":"3 Louse","floor":7,"turns":4},{"damage":29,"enemies":"Lagavulin","floor":8,"turns":9},{"damage":1,"enemies":"Exordium Wildlife","floor":11,"turns":4},{"damage":22,"enemies":"Hexaghost","floor":16,"turns":10},{"damage":28,"enemies":"2 Thieves","floor":18,"turns":5},{"damage":27,"enemies":"Chosen","floor":20,"turns":4},{"damage":22,"enemies":"Snake Plant","floor":27,"turns":4},{"damage":51,"enemies":"Gremlin Leader","floor":28,"turns":8},{"damage":22,"enemies":"Snecko","floor":30,"turns":5},{"damage":28,"enemies":"Centurion and Healer","floor":31,"turns":7},{"damage":66,"enemies":"Automaton","floor":33,"turns":10},{"damage":56,"enemies":"3 Shapes","floor":35,"turns":13},{"damage":19,"enemies":"3 Darklings","floor":38,"turns":5},{"damage":30,"enemies":"Flame Bruiser 2 Orb","floor":41,"turns":6},{"damage":78,"enemies":"Giant Head","floor":44,"turns":8},{"damage":65,"enemies":"Sphere and 2 Shapes","floor":45,"turns":7}],"event_choices":[{"event_name":"Accursed Blacksmith","player_choice":"Forge","floor":3,"damage_taken":0},{"event_name":"The Cleric","player_choice":"Leave","floor":14,"damage_taken":0},{"event_name":"Vampires","player_choice":"Ignored","floor":19,"damage_taken":0},{"event_name":"The Library","player_choice":"Heal","floor":21,"damage_taken":0},{"event_name":"Drug Dealer","player_choice":"Ignored","floor":25,"damage_taken":0},{"event_name":"Winding Halls","player_choice":"Writhe","floor":37,"damage_taken":0},{"event_name":"Wheel of Change","player_choice":"Curse","floor":39,"damage_taken":0}],"boss_relics":[{"not_picked":["Calling Bell","Question Card"],"picked":"Orrery"},{"not_picked":["Cursed Key","Runic Pyramid"],"picked":"Sozu"}],"potions_floor_spawned":[4,5,16,18,20,31,35],"seed_played":"6995276084293777229","killed_by":"Sphere and 2 Shapes","is_trial":false}