{"path_per_floor":["M","$","M","M","M","R","E","?","T","M","?","R","E","M","R","B",null,"M","?","?","T","M","E","$","?","T","R","M","?","M","M","R","B",null,"M","?","M","M","M","R","E","?","T","M","$","R","?","M","R","B"],"character_chosen":"IRONCLAD","items_purchased":[],"gold_per_floor":[119,44,54,67,37,37,62,85,85,95,95,95,127,147,147,247,247,260,260,285,285,303,331,231,231,231,231,248,248,259,272,272,369,369,380,380,400,417,432,432,464,464,489,509,384,384,606,618,618,618],"floor_reached":51,"campfire_rested":0,"playtime":3813,"current_hp_per_floor":[43,43,49,53,54,54,37,46,46,51,44,44,58,55,55,54,82,82,66,65,65,71,61,61,61,75,75,81,81,89,97,97,54,104,97,97,91,94,96,102,106,106,106,105,105,111,111,112,114,107],"items_purged":["Strike_R","Strike_R","Defend_R"],"gold":618,"play_id":"654fb0d6-cf0e-418f-85e8-5ace57a57041","is_prod":false,"is_daily":false,"campfire_rituals":0,"campfire_upgraded":6,"is_hardmode":false,"path_taken":["M","$","M","M","M","R","E","?","T","M","?","R","E","M","R","BOSS","M","?","?","?","?","E","$","?","T","R","?","?","M","M","R","BOSS","M","?","M","M","?","R","E","?","T","M","$","R","?","M","R","BOSS"],"build_version":"2018-01-15-BETA1","purchased_purges":3,"victory":true,"master_deck":["Defend_R","Bash","True Grit","Shrug It Off","Shockwave","True Grit","Body Slam","Battle Trance","Shrug It Off","Juggernaut","Pommel Strike","Clothesline","Disarm","Entrench","Offering","Seeing Red","Shrug It Off"],"max_hp_per_floor":[80,80,80,80,80,80,80,80,80,80,80,80,82,82,82,82,82,82,82,84,84,84,86,86,86,100,100,100,100,102,104,104,104,104,106,106,108,110,110,110,112,112,112,112,112,112,112,114,114,114],"relics":["Burning Blood","Vajra","Odd Mushroom","Unceasing Top","Singing Bowl","Sozu","Enchiridion","Red Mask","Pen Nib","Peace Pipe","Mango","Eternal Feather","Dream Catcher","Juzu Bracelet"],"campfire_meditates":0,"card_choices":[{"not_picked":["Limit Break","Pummel"],"picked":"Shrug It Off"},{"not_picked":["Power Through","Hemokinesis"],"picked":"Shockwave"},{"not_picked":["Infernal Blade","Flex"],"picked":"True Grit"},{"not_picked":["Metallicize","Dual Wield"],"picked":"Body Slam"},{"not_picked":["Whirlwind","Second Wind"],"picked":"Battle Trance"},{"not_picked":["Wild Strike","Inflame"],"picked":"Shrug It Off"},{"not_picked":["Feed","Bludgeon"],"picked":"Juggernaut"},{"not_picked":["Cleave","Searing Blow"],"picked":"Pommel Strike"},{"not_picked":["Inflame","Heavy Blade"],"picked":"Clothesline"},{"not_picked":["Bloodletting","Body Slam"],"picked":"Entrench"},{"not_picked":["Double Tap","Reaper"],"picked":"Offering"},{"not_picked":["Clash","Thunderclap"],"picked":"Seeing Red"},{"not_picked":["Dual Wield","Heavy Blade"],"picked":"Shrug It Off"}],"player_experience":221146,"potions_floor_usage":[8,13,13],"damage_taken":[{"damage":3,"enemies":"Jaw Worm","floor":1,"turns":6},{"damage":0,"enemies":"2 Louse","floor":3,"turns":4},{"damage":2,"enemies":"Small Slimes","floor":4,"turns":5},{"damage":5,"enemies":"Looter","floor":5,"turns":4},{"damage":23,"enemies":"Gremlin Nob","floor":7,"turns":5},{"damage":12,"enemies":"The Mushroom Lair","floor":8,"turns":10},{"damage":1,"enemies":"2 Fungi Beasts","floor":10,"turns":5},{"damage":9,"enemies":"3 Sentries","floor":13,"turns":10},{"damage":9,"enemies":"3 Louse","floor":14,"turns":4},{"damage":7,"enemies":"The Guardian","floor":16,"turns":10},{"damage":0,"enemies":"3 Byrds","floor":18,"turns":6},{"damage":9,"enemies":"Masked Bandits","floor":20,"turns":5},{"damage":0,"enemies":"Shell Parasite","floor":22,"turns":4},{"damage":18,"enemies":"Slavers","floor":23,"turns":5},{"damage":0,"enemies":"Centurion and Healer","floor":28,"turns":6},{"damage":0,"enemies":"Chosen and Byrds","floor":30,"turns":6},{"damage":0,"enemies":"3 Cultists","floor":31,"turns":5},{"damage":49,"enemies":"Collector","floor":33,"turns":12},{"damage":15,"enemies":"3 Shapes","floor":35,"turns":5},{"damage":14,"enemies":"Flame Bruiser 1 Orb","floor":37,"turns":4},{"damage":5,"enemies":"Maw","floor":38,"turns":6},{"damage":4,"enemies":"3 Darklings","floor":39,"turns":6},{"damage":4,"enemies":"Giant Head","floor":41,"turns":8},{"damage":7,"enemies":"Spire Growth","floor":44,"turns":4},{"damage":7,"enemies":"Flame Bruiser 2 Orb","floor":48,"turns":3},{"damage":13,"enemies":"Awakened One","floor":50,"turns":11}],"event_choices":[{"event_name":"Mushrooms","player_choice":"Fought Mushrooms","floor":8,"damage_taken":0},{"event_name":"Golden Wing","player_choice":"Card Removal","floor":11,"damage_taken":0},{"event_name":"Cursed Tome","player_choice":"Obtained Book","floor":19,"damage_taken":0},{"event_name":"Masked Bandits","player_choice":"Fought over 260 gold","floor":20,"damage_taken":0},{"event_name":"The Library","player_choice":"Read","floor":25,"damage_taken":0},{"event_name":"The Mausoleum","player_choice":"No","floor":29,"damage_taken":0},{"event_name":"Bonfire Elementals","player_choice":"BASIC","floor":36,"damage_taken":0},{"event_name":"Transmorgrifier","player_choice":"Transform","floor":42,"damage_taken":0},{"event_name":"Tomb of Lord Red Mask","player_choice":"Wore Mask","floor":47,"damage_taken":0}],"boss_relics":[{"not_picked":["Black Blood","Cursed Key"],"picked":"Sozu"},{"not_picked":["Snecko Eye","Runic Cube"],"picked":"Eternal Feather"}],"potions_floor_spawned":[1,4,7,10,20,22,23,33,38,39,44],"seed_played":"2796528274688110305","is_trial":false}