{"path_per_floor":["M","$","?","M","$","M","?","R","T","R","E","M","M","E","R","B",null,"M","?","?","?","M","E","?","?","T","R","M","R","$","M","R","B",null,"M","M","$","?","?","E","R","M","T","M","?","$","$","T","R","B"],"character_chosen":"IRONCLAD","items_purchased":["True Grit"],"gold_per_floor":[118,69,69,83,8,23,23,23,47,47,76,95,112,141,141,244,244,261,289,289,204,223,252,252,177,177,177,191,191,91,102,102,200,200,210,229,104,74,74,104,104,120,144,163,163,163,13,37,37,37],"floor_reached":51,"campfire_rested":1,"playtime":2189,"current_hp_per_floor":[62,62,44,49,49,55,48,48,48,48,34,38,44,47,47,21,72,72,46,46,46,40,46,46,46,46,46,52,52,52,58,58,61,72,67,72,72,72,72,72,72,72,72,72,72,72,72,72,72,54],"items_purged":["Defend_R","Strike_R","Defend_R","Defend_R"],"gold":37,"play_id":"2be68888-f478-47fd-9ad8-63f3ae56d188","is_prod":false,"is_daily":false,"campfire_rituals":0,"campfire_upgraded":7,"is_hardmode":false,"path_taken":["M","$","?","M","$","M","?","R","T","R","E","M","M","E","R","BOSS","M","?","?","?","M","E","?","?","T","R","M","R","$","?","R","BOSS","M","M","$","?","?","E","R","?","T","M","?","?","$","?","R","BOSS"],"build_version":"2018-01-15-BETA1","purchased_purges":4,"victory":true,"master_deck":["Ghostly Armor","Double Tap","Rampage","True Grit","Rampage","Inflame","Impervious","Pommel Strike","Shrug It Off","Seeing Red","Shockwave"],"max_hp_per_floor":[72,72,72,72,72,72,72,72,72,72,72,72,72,72,72,72,72,72,72,72,72,72,72,72,72,72,72,72,72,72,72,72,72,72,72,72,72,72,72,72,72,72,72,72,72,72,72,72,72,72],"relics":["Burning Blood","Frozen Eye","Dream Catcher","Paper Frog","Anchor","Philosopher\u0027s Stone","Red Mask","Gambling Chip","Orichalcum","Molten Egg","Black Star","Bag of Marbles","Happy Flower","Juzu Bracelet","Oddly Smooth Stone"],"campfire_meditates":0,"card_choices":[{"not_picked":["Bloodletting","Carnage"],"picked":"Rampage"},{"not_picked":["Flex","Clothesline"],"picked":"Rampage"},{"not_picked":["Evolve","Uppercut"],"picked":"Inflame"},{"not_picked":["Double Tap","Fiend Fire"],"picked":"Impervious"},{"not_picked":["Headbutt","Armaments"],"picked":"Pommel Strike"},{"not_picked":["Entrench","Iron Wave"],"picked":"Shrug It Off"},{"not_picked":["Ghostly Armor","Sword Boomerang"],"picked":"Seeing Red"},{"not_picked":["Limit Break","Battle Trance"],"picked":"Shockwave"}],"player_experience":215301,"potions_floor_usage":[14,31,33],"damage_taken":[{"damage":16,"enemies":"Blue Slaver","floor":1,"turns":4},{"damage":1,"enemies":"Jaw Worm","floor":4,"turns":3},{"damage":0,"enemies":"Small Slimes","floor":6,"turns":5},{"damage":20,"enemies":"Gremlin Nob","floor":11,"turns":4},{"damage":2,"enemies":"Exordium Wildlife","floor":12,"turns":4},{"damage":0,"enemies":"Large Slime","floor":13,"turns":4},{"damage":3,"enemies":"3 Sentries","floor":14,"turns":6},{"damage":32,"enemies":"Slime Boss","floor":16,"turns":8},{"damage":0,"enemies":"Chosen","floor":18,"turns":4},{"damage":32,"enemies":"Masked Bandits","floor":19,"turns":4},{"damage":12,"enemies":"2 Thieves","floor":22,"turns":3},{"damage":0,"enemies":"Gremlin Leader","floor":23,"turns":5},{"damage":0,"enemies":"3 Cultists","floor":28,"turns":3},{"damage":0,"enemies":"Sentry and Sphere","floor":31,"turns":3},{"damage":3,"enemies":"Collector","floor":33,"turns":5},{"damage":11,"enemies":"3 Shapes","floor":35,"turns":6},{"damage":0,"enemies":"Flame Bruiser 1 Orb","floor":36,"turns":3},{"damage":5,"enemies":"2 Orb Walkers","floor":40,"turns":3},{"damage":0,"enemies":"Maw","floor":42,"turns":4},{"damage":0,"enemies":"3 Darklings","floor":44,"turns":4},{"damage":24,"enemies":"Time Eater","floor":50,"turns":5}],"event_choices":[{"event_name":"Scrap Ooze","player_choice":"success","floor":3,"damage_taken":18},{"event_name":"Golden Wing","player_choice":"Card Removal","floor":7,"damage_taken":0},{"event_name":"Masked Bandits","player_choice":"Fought over 261 gold","floor":19,"damage_taken":0},{"event_name":"Purifier","player_choice":"One Purge","floor":20,"damage_taken":0},{"event_name":"Addict","player_choice":"Obtained Relic","floor":21,"damage_taken":0},{"event_name":"The Mausoleum","player_choice":"No","floor":24,"damage_taken":0},{"event_name":"Beggar","player_choice":"Gave Gold","floor":25,"damage_taken":0},{"event_name":"The Woman in Blue","player_choice":"Bought 2 Potions","floor":38,"damage_taken":0},{"event_name":"Upgrade Shrine","player_choice":"Upgraded","floor":45,"damage_taken":0}],"boss_relics":[{"not_picked":["Calling Bell","Mark of Pain"],"picked":"Philosopher\u0027s Stone"},{"not_picked":["Runic Pyramid","Runic Cube"],"picked":"Black Star"}],"potions_floor_spawned":[1,4,14,19,31,33,44],"seed_played":"-3939661109450544041","is_trial":false}