{"path_per_floor":["M","?","?","M","$","R","?","R","T","R","M","?","M","M","R","B",null,"M","$","?","M","M","R","M","R","T","M","?","E","?","M","R","B",null,"M","M","?","?","M","R","M","M","T","$","?","R","E","M","R","B"],"character_chosen":"IRONCLAD","items_purchased":[],"gold_per_floor":[111,111,111,127,52,52,52,52,52,52,64,86,99,112,112,215,215,232,132,132,145,162,162,180,180,180,193,193,218,218,238,238,333,333,345,355,355,355,374,374,390,404,474,349,397,397,422,433,433,433],"floor_reached":51,"campfire_rested":0,"playtime":2373,"current_hp_per_floor":[80,73,57,61,61,61,61,61,61,61,67,72,78,80,80,31,80,80,80,80,77,79,79,79,79,79,80,80,80,65,67,67,49,85,85,85,85,85,85,85,85,85,85,85,84,84,82,85,85,77],"items_purged":["Strike_R","Strike_R","Defend_R"],"gold":433,"play_id":"2bfec48f-a2d8-485a-9894-6f22aadc000a","is_prod":false,"is_daily":false,"campfire_rituals":0,"campfire_upgraded":10,"is_hardmode":false,"path_taken":["M","?","?","?","$","R","?","R","T","R","M","?","?","M","R","BOSS","M","$","?","?","M","R","M","R","T","M","?","E","?","M","R","BOSS","M","?","?","?","M","R","M","M","T","$","?","R","E","M","R","BOSS"],"build_version":"2018-01-19-BETA1","purchased_purges":3,"victory":true,"master_deck":["Defend_R","Defend_R","Bash","True Grit","Cleave","Iron Wave","Headbutt","Offering","Twin Strike","Bludgeon","Impervious","Pommel Strike","Feel No Pain","Flame Barrier","Clothesline","Uppercut","Uppercut","Writhe","Shockwave","Evolve","Spot Weakness","Reaper"],"max_hp_per_floor":[80,80,80,80,80,80,80,80,80,80,80,80,80,80,80,80,80,80,80,80,80,80,80,80,80,80,80,80,80,85,85,85,85,85,85,85,85,85,85,85,85,85,85,85,85,85,85,85,85,85],"relics":["Burning Blood","Sundial","Odd Mushroom","Mark of Pain","Ginger","Bronze Scales","Snecko Eye","Paper Frog","Gambling Chip","Anchor"],"campfire_meditates":0,"card_choices":[{"not_picked":["Corruption","Wild Strike"],"picked":"True Grit"},{"not_picked":["Iron Wave","Body Slam"],"picked":"Cleave"},{"not_picked":["True Grit","Seeing Red"],"picked":"Iron Wave"},{"not_picked":["Heavy Blade","Pommel Strike"],"picked":"Headbutt"},{"not_picked":["Combust","True Grit"],"picked":"Offering"},{"not_picked":["Blood for Blood","Bloodletting"],"picked":"Twin Strike"},{"not_picked":["Brutality","Offering"],"picked":"Bludgeon"},{"not_picked":["Wild Strike","Bloodletting"],"picked":"Pommel Strike"},{"not_picked":["Inflame","Sever Soul"],"picked":"Feel No Pain"},{"not_picked":["Clothesline","Pommel Strike"],"picked":"Flame Barrier"},{"not_picked":["Battle Trance","Dropkick"],"picked":"Clothesline"},{"not_picked":["Rupture","Clothesline"],"picked":"Uppercut"},{"not_picked":["Twin Strike","True Grit"],"picked":"Uppercut"},{"not_picked":["Flame Barrier","Fire Breathing"],"picked":"Shockwave"},{"not_picked":["Twin Strike","Rage"],"picked":"Evolve"},{"not_picked":["Wild Strike","Pommel Strike"],"picked":"Spot Weakness"},{"not_picked":["Infernal Blade","True Grit"],"picked":"Reaper"}],"player_experience":278173,"potions_floor_usage":[33,39,41,41,50,50],"damage_taken":[{"damage":2,"enemies":"Small Slimes","floor":1,"turns":4},{"damage":2,"enemies":"Jaw Worm","floor":4,"turns":4},{"damage":0,"enemies":"2 Louse","floor":11,"turns":2},{"damage":1,"enemies":"The Mushroom Lair","floor":12,"turns":3},{"damage":0,"enemies":"Exordium Wildlife","floor":13,"turns":2},{"damage":0,"enemies":"3 Louse","floor":14,"turns":2},{"damage":55,"enemies":"The Guardian","floor":16,"turns":9},{"damage":4,"enemies":"Chosen","floor":18,"turns":2},{"damage":9,"enemies":"2 Thieves","floor":21,"turns":3},{"damage":4,"enemies":"Snake Plant","floor":22,"turns":2},{"damage":6,"enemies":"3 Cultists","floor":24,"turns":5},{"damage":4,"enemies":"Centurion and Healer","floor":27,"turns":3},{"damage":4,"enemies":"Slavers","floor":29,"turns":5},{"damage":4,"enemies":"Chosen and Byrds","floor":31,"turns":4},{"damage":24,"enemies":"Automaton","floor":33,"turns":12},{"damage":4,"enemies":"Flame Bruiser 1 Orb","floor":35,"turns":4},{"damage":0,"enemies":"Orb Walker","floor":36,"turns":2},{"damage":5,"enemies":"Maw","floor":39,"turns":4},{"damage":4,"enemies":"Flame Bruiser 2 Orb","floor":41,"turns":3},{"damage":2,"enemies":"Sphere and 2 Shapes","floor":42,"turns":4},{"damage":7,"enemies":"Mysterious Sphere","floor":45,"turns":2},{"damage":8,"enemies":"Giant Head","floor":47,"turns":6},{"damage":0,"enemies":"Maw","floor":48,"turns":4},{"damage":14,"enemies":"Donu and Deca","floor":50,"turns":5}],"event_choices":[{"event_name":"Golden Wing","player_choice":"Card Removal","floor":2,"damage_taken":0},{"event_name":"Shining Light","player_choice":"Entered Light","floor":3,"damage_taken":0},{"event_name":"Living Wall","player_choice":"Forget","floor":7,"damage_taken":0},{"event_name":"Mushrooms","player_choice":"Fought Mushrooms","floor":12,"damage_taken":0},{"event_name":"Transmorgrifier","player_choice":"Transform","floor":20,"damage_taken":0},{"event_name":"The Woman in Blue","player_choice":"Bought 0 Potions","floor":28,"damage_taken":0},{"event_name":"Forgotten Altar","player_choice":"Shed Blood","floor":30,"damage_taken":0},{"event_name":"The Lab","player_choice":"Got Potions","floor":37,"damage_taken":0},{"event_name":"Winding Halls","player_choice":"Writhe","floor":38,"damage_taken":0},{"event_name":"Mysterious Sphere","player_choice":"Fight","floor":45,"damage_taken":0}],"boss_relics":[{"not_picked":["White Beast Statue","Orrery"],"picked":"Mark of Pain"},{"not_picked":["Tiny House","Astrolabe"],"picked":"Snecko Eye"}],"potions_floor_spawned":[11,12,18,24,29,39,41,48],"seed_played":"2440715899269504896","is_trial":false}