{"path_per_floor":["M","M","?","?","$","E","R","M","T","?","R","E","?","$","R","B",null,"M","?","?","?","?","R","E","R","T","M","E","?","T","$","R"],"character_chosen":"IRONCLAD","items_purchased":["Shrug It Off","True Grit"],"gold_per_floor":[115,135,135,135,60,88,88,100,100,100,100,133,133,83,83,183,183,203,203,203,203,118,118,143,143,143,115,144,144,144,19,19],"floor_reached":33,"campfire_rested":0,"playtime":1049,"current_hp_per_floor":[80,80,80,85,85,85,85,85,85,68,68,70,63,63,63,36,85,85,85,85,70,70,70,54,54,54,49,32,32,32,32,32],"items_purged":["Strike_R","Strike_R","Defend_R"],"gold":19,"play_id":"8415520b-9449-4693-aad4-518917706d92","is_prod":false,"is_daily":false,"campfire_rituals":0,"campfire_upgraded":6,"is_hardmode":false,"path_taken":["M","M","?","?","$","E","R","?","T","?","R","E","?","$","R","BOSS","M","?","?","?","?","R","E","R","T","M","E","?","?","?","R","BOSS"],"build_version":"2018-01-17-BETA2","purchased_purges":3,"victory":false,"master_deck":["Strike_R","Defend_R","Defend_R","Bash","Thunderclap","Uppercut","Disarm","Ghostly Armor","Body Slam","Cleave","Demon Form","Bloodletting","Flame Barrier","Shrug It Off","True Grit"],"max_hp_per_floor":[80,80,80,85,85,85,85,85,85,85,85,85,85,85,85,85,85,85,85,85,90,90,90,90,90,90,90,90,90,90,90,90],"relics":["Burning Blood","NeowsBlessing","War Paint","Red Skull","Smiling Mask","Runic Dome","Vajra","Dodecahedron","Du-Vu Doll","Juzu Bracelet","Bottled Flame"],"campfire_meditates":0,"card_choices":[{"not_picked":["Twin Strike","Flex"],"picked":"Thunderclap"},{"not_picked":["Feel No Pain","Infernal Blade"],"picked":"Uppercut"},{"not_picked":["Heavy Blade","Infernal Blade"],"picked":"Ghostly Armor"},{"not_picked":["Perfected Strike","Armaments"],"picked":"Body Slam"},{"not_picked":["Burning Pact","Combust"],"picked":"Cleave"},{"not_picked":["Immolate","Offering"],"picked":"Demon Form"},{"not_picked":["Warcry","Rage"],"picked":"Bloodletting"},{"not_picked":["Havoc","Corruption"],"picked":"Flame Barrier"}],"player_experience":249680,"potions_floor_usage":[12,24,33],"damage_taken":[{"damage":0,"enemies":"Blue Slaver","floor":1,"turns":1},{"damage":0,"enemies":"Jaw Worm","floor":2,"turns":1},{"damage":0,"enemies":"3 Sentries","floor":6,"turns":2},{"damage":0,"enemies":"2 Louse","floor":8,"turns":3},{"damage":4,"enemies":"Lagavulin","floor":12,"turns":6},{"damage":33,"enemies":"The Guardian","floor":16,"turns":8},{"damage":2,"enemies":"Chosen","floor":18,"turns":7},{"damage":31,"enemies":"Slavers","floor":24,"turns":4},{"damage":11,"enemies":"2 Thieves","floor":27,"turns":5},{"damage":23,"enemies":"Gremlin Leader","floor":28,"turns":7},{"damage":32,"enemies":"Champ","floor":33,"turns":9}],"event_choices":[{"event_name":"Transmorgrifier","player_choice":"Transform","floor":3,"damage_taken":0},{"event_name":"Big Fish","player_choice":"Donut","floor":4,"damage_taken":0},{"event_name":"Shining Light","player_choice":"Entered Light","floor":10,"damage_taken":0},{"event_name":"Golden Wing","player_choice":"Card Removal","floor":13,"damage_taken":0},{"event_name":"Drug Dealer","player_choice":"Ignored","floor":19,"damage_taken":0},{"event_name":"The Mausoleum","player_choice":"No","floor":20,"damage_taken":0},{"event_name":"Forgotten Altar","player_choice":"Shed Blood","floor":21,"damage_taken":0},{"event_name":"Addict","player_choice":"Obtained Relic","floor":22,"damage_taken":0},{"event_name":"Back to Basics","player_choice":"Elegance","floor":29,"damage_taken":0}],"boss_relics":[{"not_picked":["Mark of Pain","Lizard Tail"],"picked":"Runic Dome"}],"potions_floor_spawned":[6,8,12,24],"seed_played":"-698189379314184644","killed_by":"Champ","is_trial":false}