{"path_per_floor":["M","M","$","M","M","R","$","E","T","$","?","R","E","M","R","B",null,"M","?","?","M","M","E","R","M","T","M","R","$","R","?","R","B",null,"M","?","?","M","M","E","R","M","T","M","$","M","M","?","R"],"character_chosen":"IRONCLAD","items_purchased":["True Grit"],"gold_per_floor":[116,127,127,138,154,154,32,66,66,66,66,66,95,110,110,207,207,193,193,118,128,148,183,183,200,200,220,220,120,120,120,120,225,225,243,243,243,258,270,296,296,312,339,350,225,241,251,251,251],"floor_reached":50,"campfire_rested":0,"playtime":2812,"current_hp_per_floor":[75,80,80,80,80,80,80,73,73,73,73,73,64,72,72,42,87,87,71,71,87,87,70,70,87,87,75,75,75,75,75,75,78,87,87,87,87,87,87,57,57,91,91,68,68,95,97,97,97],"items_purged":["Strike_R","Strike_R","Strike_R"],"gold":251,"play_id":"969e2641-eb66-46e0-ae54-b1868f158988","is_prod":false,"is_daily":false,"campfire_rituals":0,"campfire_upgraded":9,"is_hardmode":false,"path_taken":["M","M","?","M","M","R","$","E","T","$","?","R","E","M","R","BOSS","M","?","?","M","M","E","R","M","T","M","R","$","R","?","R","BOSS","M","?","?","?","M","E","R","M","T","M","$","M","M","?","R","BOSS"],"build_version":"2018-01-19-BETA1","purchased_purges":3,"victory":false,"master_deck":["Strike_R","Defend_R","Defend_R","Defend_R","Defend_R","Bash","Inflame","Armaments","True Grit","Iron Wave","Rampage","Ghostly Armor","Reaper","Necronomicurse","Warcry","Shrug It Off","Seeing Red","Limit Break","Flame Barrier","Heavy Blade","Uppercut"],"max_hp_per_floor":[80,80,80,80,80,80,80,80,80,80,80,80,87,87,87,87,87,87,87,87,87,87,87,87,87,87,87,87,87,87,87,87,87,87,87,87,87,87,89,91,91,91,91,93,93,95,97,97,97],"relics":["Burning Blood","Bag of Marbles","Magic Flower","Strawberry","Necronomicon","Gremlin Horn","Singing Bowl","White Beast Statue","Ginger","Whetstone"],"campfire_meditates":0,"card_choices":[{"not_picked":["Evolve","Power Through"],"picked":"Inflame"},{"not_picked":["Warcry","Sword Boomerang"],"picked":"Armaments"},{"not_picked":["Cleave","Rupture"],"picked":"Iron Wave"},{"not_picked":["Exhume","Uppercut"],"picked":"Rampage"},{"not_picked":["Havoc","Reckless Charge"],"picked":"Ghostly Armor"},{"not_picked":["Offering","Demon Form"],"picked":"Reaper"},{"not_picked":["Rage","Pommel Strike"],"picked":"Clothesline"},{"not_picked":["Sword Boomerang","Second Wind"],"picked":"Warcry"},{"not_picked":["Corruption","Wild Strike"],"picked":"Shrug It Off"},{"not_picked":["Fire Breathing","Whirlwind"],"picked":"Seeing Red"},{"not_picked":["Offering","Immolate"],"picked":"Limit Break"},{"not_picked":["Flex","Clothesline"],"picked":"Flame Barrier"},{"not_picked":["Clothesline","Flex"],"picked":"Heavy Blade"},{"not_picked":["Shrug It Off","Wild Strike"],"picked":"Uppercut"}],"player_experience":265287,"potions_floor_usage":[8,21,33,35,40,46,47,50,50,50],"damage_taken":[{"damage":11,"enemies":"Blue Slaver","floor":1,"turns":4},{"damage":1,"enemies":"Jaw Worm","floor":2,"turns":3},{"damage":2,"enemies":"2 Louse","floor":4,"turns":3},{"damage":5,"enemies":"Looter","floor":5,"turns":4},{"damage":28,"enemies":"3 Sentries","floor":8,"turns":13},{"damage":25,"enemies":"Gremlin Nob","floor":13,"turns":4},{"damage":1,"enemies":"Exordium Thugs","floor":14,"turns":4},{"damage":39,"enemies":"The Guardian","floor":16,"turns":11},{"damage":20,"enemies":"2 Thieves","floor":18,"turns":4},{"damage":14,"enemies":"3 Byrds","floor":21,"turns":7},{"damage":2,"enemies":"Snecko","floor":22,"turns":5},{"damage":26,"enemies":"Book of Stabbing","floor":23,"turns":5},{"damage":2,"enemies":"3 Cultists","floor":25,"turns":4},{"damage":21,"enemies":"Snake Plant","floor":27,"turns":2},{"damage":36,"enemies":"Collector","floor":33,"turns":11},{"damage":6,"enemies":"3 Shapes","floor":35,"turns":7},{"damage":15,"enemies":"Flame Bruiser 1 Orb","floor":38,"turns":10},{"damage":15,"enemies":"4 Shapes","floor":39,"turns":5},{"damage":41,"enemies":"Nemesis","floor":40,"turns":10},{"damage":15,"enemies":"Flame Bruiser 2 Orb","floor":42,"turns":4},{"damage":34,"enemies":"Sphere and 2 Shapes","floor":44,"turns":7},{"damage":8,"enemies":"3 Darklings","floor":46,"turns":6},{"damage":3,"enemies":"Flame Bruiser 2 Orb","floor":47,"turns":5},{"damage":170,"enemies":"Donu and Deca","floor":50,"turns":12}],"event_choices":[{"event_name":"Liars Game","player_choice":"disagreed","floor":11,"damage_taken":0},{"event_name":"Cursed Tome","player_choice":"Obtained Book","floor":19,"damage_taken":0},{"event_name":"Beggar","player_choice":"Gave Gold","floor":20,"damage_taken":0},{"event_name":"Vampires","player_choice":"Ignored","floor":31,"damage_taken":0},{"event_name":"Duplicator","player_choice":"Ignored","floor":36,"damage_taken":0},{"event_name":"Tomb of Lord Red Mask","player_choice":"Ignored","floor":37,"damage_taken":0}],"boss_relics":[{"not_picked":["Pandora\u0027s Box","Calling Bell","Runic Pyramid"]},{"not_picked":["Black Blood","Tiny House"],"picked":"White Beast Statue"}],"potions_floor_spawned":[1,4,21,25,27,35,38,39,40,42,44,46,47],"seed_played":"8998746891551693442","killed_by":"Donu and Deca","is_trial":false}