{"path_per_floor":["M","M","?","?","M","E","M","R","T","?","R","M","T","M","R","B",null,"M","?","?","M","$","E","R","E","T","M","M","$","M","$","R","B",null,"M","?","?","$","?","R","E","R","T","M","M","M","M","M","R","B"],"character_chosen":"IRONCLAD","items_purchased":["Inflame","Dropkick"],"gold_per_floor":[19,29,29,29,48,76,86,86,113,113,113,130,153,171,171,272,272,285,285,316,328,217,246,246,277,277,288,298,161,179,54,54,151,151,167,167,167,17,66,66,94,94,94,106,122,133,144,164,164,164],"floor_reached":51,"campfire_rested":2,"playtime":2642,"current_hp_per_floor":[80,80,64,57,63,49,44,44,44,70,70,76,76,76,76,16,80,74,58,63,67,67,56,56,30,30,32,34,34,35,35,35,21,80,76,66,66,66,32,56,44,44,44,59,71,73,61,69,80,48],"items_purged":["Strike_R","Strike_R","Strike_R","Strike_R"],"gold":164,"play_id":"9e5aad98-f46f-4056-baf9-56257cdd0abf","is_prod":false,"is_daily":false,"campfire_rituals":0,"campfire_upgraded":6,"is_hardmode":false,"path_taken":["M","M","?","?","?","E","M","R","T","?","R","?","?","M","R","BOSS","M","?","?","?","$","E","R","E","T","M","M","?","M","$","R","BOSS","M","?","?","$","?","R","E","R","T","M","M","M","M","?","R","BOSS"],"build_version":"2018-01-21-BETA1","purchased_purges":4,"victory":true,"master_deck":["Defend_R","Defend_R","Defend_R","Bash","Flame Barrier","Shockwave","Headbutt","Whirlwind","Flame Barrier","Thunderclap","Pommel Strike","Juggernaut","Dropkick","Clothesline","Inflame","Offering","Feel No Pain","Dropkick","Battle Trance","Demon Form","Madness","Madness","Body Slam","Uppercut","Shrug It Off"],"max_hp_per_floor":[80,80,80,80,80,80,80,80,80,80,80,80,80,80,80,80,80,80,80,80,80,80,80,80,80,80,80,80,80,80,80,80,80,80,80,80,80,80,80,80,80,80,80,80,80,80,80,80,80,80],"relics":["Burning Blood","Ice Cream","Kunai","Oddly Smooth Stone","War Paint","Philosopher\u0027s Stone","Enchiridion","Red Mask","Prayer Wheel","Mummified Hand","Ginger","Velvet Choker","Gambling Chip","Bird Faced Urn","Whetstone"],"campfire_meditates":0,"card_choices":[{"not_picked":["Spot Weakness","Perfected Strike"],"picked":"Flame Barrier"},{"not_picked":["Fiend Fire","Wild Strike"],"picked":"Shockwave"},{"not_picked":["Shrug It Off","Impervious"],"picked":"Headbutt"},{"not_picked":["Thunderclap","Metallicize"],"picked":"Whirlwind"},{"not_picked":["Anger","Metallicize"],"picked":"Flame Barrier"},{"not_picked":["Twin Strike","True Grit"],"picked":"Thunderclap"},{"not_picked":["Whirlwind","Cleave"],"picked":"Pommel Strike"},{"not_picked":["Dark Embrace","Immolate"],"picked":"Juggernaut"},{"not_picked":["Inflame","Iron Wave"],"picked":"Dropkick"},{"not_picked":["Perfected Strike","Flame Barrier"],"picked":"Clothesline"},{"not_picked":["Sword Boomerang","Flex"],"picked":"Offering"},{"not_picked":["Entrench","Combust"],"picked":"Feel No Pain"},{"not_picked":["Clothesline","Iron Wave"],"picked":"Battle Trance"},{"not_picked":["Immolate","Exhume"],"picked":"Demon Form"},{"not_picked":["Anger","Shrug It Off"],"picked":"Body Slam"},{"not_picked":["Wild Strike","Cleave"],"picked":"Uppercut"},{"not_picked":["Havoc","Clothesline"],"picked":"Shrug It Off"}],"player_experience":291800,"potions_floor_usage":[18,20,23,23,50,50],"damage_taken":[{"damage":5,"enemies":"Jaw Worm","floor":1,"turns":4},{"damage":0,"enemies":"2 Louse","floor":2,"turns":3},{"damage":0,"enemies":"Small Slimes","floor":5,"turns":3},{"damage":20,"enemies":"Gremlin Nob","floor":6,"turns":4},{"damage":11,"enemies":"Exordium Wildlife","floor":7,"turns":5},{"damage":0,"enemies":"Gremlin Gang","floor":12,"turns":1},{"damage":6,"enemies":"3 Louse","floor":14,"turns":3},{"damage":66,"enemies":"Hexaghost","floor":16,"turns":13},{"damage":12,"enemies":"Shell Parasite","floor":18,"turns":4},{"damage":1,"enemies":"Masked Bandits","floor":20,"turns":2},{"damage":2,"enemies":"2 Thieves","floor":21,"turns":3},{"damage":17,"enemies":"Slavers","floor":23,"turns":4},{"damage":32,"enemies":"Gremlin Leader","floor":25,"turns":5},{"damage":4,"enemies":"3 Cultists","floor":27,"turns":1},{"damage":4,"enemies":"Snecko","floor":28,"turns":3},{"damage":5,"enemies":"Chosen and Byrds","floor":30,"turns":5},{"damage":20,"enemies":"Collector","floor":33,"turns":6},{"damage":10,"enemies":"3 Darklings","floor":35,"turns":4},{"damage":40,"enemies":"Mysterious Sphere","floor":39,"turns":5},{"damage":18,"enemies":"Nemesis","floor":41,"turns":4},{"damage":1,"enemies":"3 Shapes","floor":44,"turns":5},{"damage":0,"enemies":"Spire Growth","floor":45,"turns":4},{"damage":12,"enemies":"4 Shapes","floor":46,"turns":4},{"damage":28,"enemies":"Sphere and 2 Shapes","floor":47,"turns":5},{"damage":0,"enemies":"3 Darklings","floor":48,"turns":2},{"damage":51,"enemies":"Donu and Deca","floor":50,"turns":6}],"event_choices":[{"event_name":"Shining Light","player_choice":"Entered Light","floor":3,"damage_taken":0},{"event_name":"Golden Wing","player_choice":"Card Removal","floor":4,"damage_taken":0},{"event_name":"Big Fish","player_choice":"Banana","floor":10,"damage_taken":0},{"event_name":"Cursed Tome","player_choice":"Obtained Book","floor":19,"damage_taken":0},{"event_name":"Masked Bandits","player_choice":"Fought over 285 gold","floor":20,"damage_taken":0},{"event_name":"Winding Halls","player_choice":"Embrace Madness","floor":36,"damage_taken":0},{"event_name":"Mysterious Sphere","player_choice":"Fight","floor":39,"damage_taken":0}],"boss_relics":[{"not_picked":["White Beast Statue","Ectoplasm"],"picked":"Philosopher\u0027s Stone"},{"not_picked":["Sozu","Cursed Key"],"picked":"Velvet Choker"}],"potions_floor_spawned":[1,2,16,18,21,27,28,35,39,41,48],"seed_played":"8223456910924199309","is_trial":false}