{"path_per_floor":["M","M","M","M","?","M","R","?","T","M","R","M","R","M","R","B",null,"M","?","M","?","$","R","$","M","T","R","?","T","E","M","R","B",null,"M","?","?","?","$","E","R","M","T","M","R","$","$","M","R","B"],"character_chosen":"IRONCLAD","items_purchased":["Rampage","Reaper"],"gold_per_floor":[19,33,47,63,23,38,38,38,38,52,52,68,68,88,88,190,190,201,101,119,119,44,44,44,58,85,85,115,166,200,219,219,316,316,334,334,334,334,213,240,240,250,250,268,268,74,24,39,39,39],"floor_reached":51,"campfire_rested":1,"playtime":2669,"current_hp_per_floor":[80,77,80,80,80,80,80,80,80,74,74,73,73,79,79,22,80,77,77,71,55,55,55,55,53,53,53,53,53,61,53,53,23,80,80,70,70,70,70,26,50,55,55,53,53,53,53,74,74,73],"items_purged":["Strike_R","Defend_R","Strike_R","Defend_R"],"gold":39,"play_id":"93778eef-3024-4cbd-bc58-f167c2157bdc","is_prod":false,"is_daily":false,"campfire_rituals":0,"campfire_upgraded":7,"is_hardmode":false,"path_taken":["M","M","M","M","?","M","R","?","T","M","R","M","R","M","R","BOSS","M","?","?","?","$","R","?","M","T","R","?","?","E","?","R","BOSS","M","?","?","?","$","E","R","M","T","M","R","?","$","?","R","BOSS"],"build_version":"2018-01-19-BETA1","purchased_purges":4,"victory":true,"master_deck":["Defend_R","Defend_R","Bash","Shrug It Off","Thunderclap","Flame Barrier","Clothesline","Cleave","Offering","Body Slam","Shockwave","Shrug It Off","Demon Form","Iron Wave","Madness","Madness","Rampage","Reaper"],"max_hp_per_floor":[80,80,80,80,80,80,80,80,80,80,80,80,80,80,80,80,80,80,80,80,80,80,80,80,80,80,80,80,80,80,80,80,80,80,80,80,80,80,80,80,80,80,80,80,80,80,80,83,83,83],"relics":["Burning Blood","Shovel","Sozu","Nilry\u0027s Codex","Oddly Smooth Stone","Omamori","Tiny Chest","Ancient Tea Set","Smiling Mask","Vajra","Velvet Choker","Bag of Preparation","Bag of Marbles"],"campfire_meditates":0,"card_choices":[{"not_picked":["Battle Trance","True Grit"],"picked":"Shrug It Off"},{"not_picked":["Bloodletting","Reckless Charge"],"picked":"Thunderclap"},{"not_picked":["Twin Strike","True Grit"],"picked":"Flame Barrier"},{"not_picked":["Body Slam","Sword Boomerang"],"picked":"Clothesline"},{"not_picked":["Inflame","Combust"],"picked":"Cleave"},{"not_picked":["Double Tap","Exhume"],"picked":"Offering"},{"not_picked":["Havoc","Clothesline"],"picked":"Body Slam"},{"not_picked":["Combust","Twin Strike"],"picked":"Shockwave"},{"not_picked":["Thunderclap","Wild Strike"],"picked":"Shrug It Off"},{"not_picked":["Bludgeon","Fiend Fire"],"picked":"Demon Form"},{"not_picked":["Second Wind","Clothesline"],"picked":"Iron Wave"}],"player_experience":282741,"potions_floor_usage":[10,12,16],"damage_taken":[{"damage":1,"enemies":"Cultist","floor":1,"turns":3},{"damage":9,"enemies":"Blue Slaver","floor":2,"turns":6},{"damage":3,"enemies":"Jaw Worm","floor":3,"turns":3},{"damage":5,"enemies":"3 Louse","floor":4,"turns":5},{"damage":4,"enemies":"2 Fungi Beasts","floor":6,"turns":4},{"damage":12,"enemies":"Exordium Thugs","floor":10,"turns":5},{"damage":7,"enemies":"Exordium Wildlife","floor":12,"turns":5},{"damage":0,"enemies":"Lots of Slimes","floor":14,"turns":3},{"damage":63,"enemies":"Hexaghost","floor":16,"turns":16},{"damage":9,"enemies":"Shell Parasite","floor":18,"turns":6},{"damage":12,"enemies":"Spheric Guardian","floor":20,"turns":4},{"damage":8,"enemies":"3 Cultists","floor":25,"turns":4},{"damage":4,"enemies":"Book of Stabbing","floor":30,"turns":5},{"damage":14,"enemies":"Sentry and Sphere","floor":31,"turns":6},{"damage":36,"enemies":"Collector","floor":33,"turns":10},{"damage":5,"enemies":"Orb Walker","floor":35,"turns":3},{"damage":50,"enemies":"2 Orb Walkers","floor":40,"turns":6},{"damage":1,"enemies":"3 Darklings","floor":42,"turns":4},{"damage":8,"enemies":"4 Shapes","floor":44,"turns":5},{"damage":14,"enemies":"Sphere and 2 Shapes","floor":48,"turns":8},{"damage":37,"enemies":"Donu and Deca","floor":50,"turns":6}],"event_choices":[{"event_name":"The Woman in Blue","player_choice":"Bought 3 Potions","floor":5,"damage_taken":0},{"event_name":"Liars Game","player_choice":"disagreed","floor":8,"damage_taken":0},{"event_name":"Drug Dealer","player_choice":"Got JAXXED","floor":19,"damage_taken":0},{"event_name":"Cursed Tome","player_choice":"Obtained Book","floor":21,"damage_taken":0},{"event_name":"Addict","player_choice":"Gave JAX","floor":28,"damage_taken":0},{"event_name":"Winding Halls","player_choice":"Embrace Madness","floor":36,"damage_taken":0},{"event_name":"Tomb of Lord Red Mask","player_choice":"Ignored","floor":37,"damage_taken":0}],"boss_relics":[{"not_picked":["White Beast Statue","Ectoplasm"],"picked":"Sozu"},{"not_picked":["Philosopher\u0027s Stone","Cursed Key"],"picked":"Velvet Choker"}],"potions_floor_spawned":[3,6,12,16,18,20,31,48],"seed_played":"1649593378985326473","is_trial":false}