{"path_per_floor":["M","T","M","M","M","R","E","R","T","M","M","M","T","$","R","B",null,"M","M","$","?","M","R","$","R","T","?","M"],"character_chosen":"IRONCLAD","items_purchased":["Limit Break","Cleave","Impervious"],"gold_per_floor":[114,140,155,167,182,182,212,212,283,302,320,336,366,157,157,260,260,241,260,52,52,70,70,70,70,70,70,88],"floor_reached":29,"campfire_rested":0,"playtime":1861,"current_hp_per_floor":[75,75,72,75,75,75,60,60,60,60,66,71,71,71,71,59,80,60,60,60,60,35,35,35,35,35,35,27],"items_purged":["Strike_R","Strike_R"],"gold":88,"play_id":"cf1a9ca4-24ae-4b29-b152-faab98e646fb","is_prod":false,"is_daily":false,"campfire_rituals":0,"campfire_upgraded":5,"is_hardmode":false,"path_taken":["M","?","M","M","M","R","E","R","T","M","?","M","?","$","R","BOSS","M","M","$","?","M","R","$","R","T","?","M","E"],"build_version":"2018-01-15-BETA1","purchased_purges":4,"victory":false,"master_deck":["Strike_R","Strike_R","Strike_R","Defend_R","Defend_R","Defend_R","Defend_R","Bash","True Grit","Body Slam","Clothesline","Armaments","Ghostly Armor","Disarm","Spot Weakness","Limit Break","Cleave","Juggernaut","Headbutt","Impervious","Sword Boomerang"],"max_hp_per_floor":[80,80,80,80,80,80,80,80,80,80,80,80,80,80,80,80,80,80,80,80,80,80,80,80,80,80,80,80],"relics":["Burning Blood","Regal Pillow","Happy Flower","The Courier","Tiny Chest","Sozu","Red Skull","Nloth\u0027s Gift"],"campfire_meditates":0,"card_choices":[{"not_picked":["Uppercut","Anger"],"picked":"True Grit"},{"not_picked":["Sentinel","Havoc"],"picked":"Body Slam"},{"not_picked":["Double Tap","Wild Strike"],"picked":"Clothesline"},{"not_picked":["Evolve","Bloodletting"],"picked":"Armaments"},{"not_picked":["Power Through","Wild Strike"],"picked":"Ghostly Armor"},{"not_picked":["Spot Weakness","Twin Strike"],"picked":"Disarm"},{"not_picked":["Metallicize","Infernal Blade"],"picked":"Spot Weakness"},{"not_picked":["Immolate","Feed"],"picked":"Juggernaut"},{"not_picked":["Wild Strike","Intimidate"],"picked":"Headbutt"},{"not_picked":["Pummel","Fire Breathing"],"picked":"Sword Boomerang"}],"player_experience":232043,"potions_floor_usage":[7],"damage_taken":[{"damage":11,"enemies":"Blue Slaver","floor":1,"turns":5},{"damage":9,"enemies":"Cultist","floor":3,"turns":4},{"damage":3,"enemies":"Small Slimes","floor":4,"turns":4},{"damage":6,"enemies":"Exordium Wildlife","floor":5,"turns":5},{"damage":21,"enemies":"3 Sentries","floor":7,"turns":7},{"damage":6,"enemies":"Large Slime","floor":10,"turns":8},{"damage":0,"enemies":"Lots of Slimes","floor":11,"turns":5},{"damage":1,"enemies":"3 Louse","floor":12,"turns":4},{"damage":18,"enemies":"The Guardian","floor":16,"turns":9},{"damage":26,"enemies":"2 Thieves","floor":18,"turns":4},{"damage":6,"enemies":"Shell Parasite","floor":19,"turns":5},{"damage":31,"enemies":"Snake Plant","floor":22,"turns":5},{"damage":14,"enemies":"Centurion and Healer","floor":28,"turns":3},{"damage":27,"enemies":"Slavers","floor":29,"turns":2}],"event_choices":[{"event_name":"Addict","player_choice":"Ignored","floor":21,"damage_taken":0},{"event_name":"N\u0027loth","player_choice":"Traded a Omamori","floor":27,"damage_taken":0}],"boss_relics":[{"not_picked":["Eternal Feather","Philosopher\u0027s Stone"],"picked":"Sozu"}],"potions_floor_spawned":[1,5,12,19,22],"seed_played":"6467550854570587295","killed_by":"Slavers","is_trial":false}