{"path_per_floor":["M","M","?","T","M","R","?","R","T","R","?","M","M","?","R","B",null,"M","?","M","?","M","$","R","M","T","$"],"character_chosen":"IRONCLAD","items_purchased":["Impervious","Shockwave"],"gold_per_floor":[114,130,80,80,95,95,195,195,221,221,221,236,251,251,251,354,354,334,424,439,439,453,221,221,238,238,67],"floor_reached":28,"campfire_rested":0,"playtime":2471,"current_hp_per_floor":[68,70,70,70,70,70,70,70,70,70,70,64,65,70,70,43,85,69,53,58,58,41,41,41,40,40,40],"items_purged":["Strike_R","Strike_R"],"gold":67,"score":250,"play_id":"c580dafb-4955-4cf3-a4b5-2be3fc441503","is_prod":false,"is_daily":false,"is_ascension_mode":true,"campfire_upgraded":5,"path_taken":["M","M","?","?","M","R","?","R","T","R","?","M","?","?","R","BOSS","M","?","M","?","?","$","R","M","T","$","M"],"build_version":"2018-02-05-BETA1","purchased_purges":2,"victory":false,"master_deck":["Strike_R","Strike_R","Defend_R","Defend_R","Defend_R","Defend_R","Bash","Juggernaut+1","Disarm+1","Rampage+1","Armaments+1","Flame Barrier+1","Cleave","Barricade","Body Slam","Entrench","Impervious","Shrug It Off+1","Shockwave"],"max_hp_per_floor":[80,80,80,80,80,80,80,80,80,80,80,80,80,85,85,85,85,87,87,87,87,87,87,87,87,87,87],"relics":["Black Blood","Charon\u0027s Ashes","Singing Bowl","Peace Pipe"],"card_choices":[{"not_picked":["Sever Soul","Heavy Blade"],"picked":"Disarm"},{"not_picked":["Power Through","Rupture"],"picked":"Rampage"},{"not_picked":["Perfected Strike","Sword Boomerang"],"picked":"Armaments"},{"not_picked":["Thunderclap","Havoc"],"picked":"Flame Barrier"},{"not_picked":["Whirlwind","Warcry"],"picked":"Cleave"},{"not_picked":["Offering","Limit Break"],"picked":"Barricade"},{"not_picked":["Iron Wave","Rage"],"picked":"Body Slam"},{"not_picked":["Battle Trance","Rupture"],"picked":"Entrench"},{"not_picked":["Pommel Strike","Twin Strike"],"picked":"Shrug It Off"}],"player_experience":429738,"potions_floor_usage":[12,28],"damage_taken":[{"damage":18,"enemies":"Small Slimes","floor":1,"turns":5},{"damage":4,"enemies":"Cultist","floor":2,"turns":4},{"damage":6,"enemies":"2 Louse","floor":5,"turns":3},{"damage":12,"enemies":"Exordium Thugs","floor":12,"turns":5},{"damage":5,"enemies":"Large Slime","floor":13,"turns":7},{"damage":33,"enemies":"Hexaghost","floor":16,"turns":12},{"damage":28,"enemies":"2 Thieves","floor":18,"turns":4},{"damage":5,"enemies":"Shell Parasite","floor":20,"turns":9},{"damage":27,"enemies":"Snake Plant","floor":22,"turns":7},{"damage":11,"enemies":"Centurion and Healer","floor":25,"turns":8},{"damage":40,"enemies":"Sentry and Sphere","floor":28,"turns":7}],"event_choices":[{"event_name":"The Cleric","player_choice":"Card Removal","floor":3,"damage_taken":0},{"event_name":"Golden Shrine","player_choice":"Pray","floor":7,"damage_taken":0},{"event_name":"Liars Game","player_choice":"disagreed","floor":11,"damage_taken":0},{"event_name":"Big Fish","player_choice":"Donut","floor":14,"damage_taken":0},{"event_name":"Knowing Skull","player_choice":"GOLD ","floor":19,"damage_taken":0},{"event_name":"The Mausoleum","player_choice":"No","floor":21,"damage_taken":0}],"boss_relics":[{"not_picked":["Question Card","Orrery"],"picked":"Black Blood"}],"potions_floor_spawned":[1,2,18,22,25],"seed_played":"-202970133953264278","killed_by":"Sentry and Sphere","ascension_level":4,"is_trial":false}