{"path_per_floor":["M","M","M","M","$","R","?","R","T","E","M","?","E","M","R","B",null,"M","?","?","M","$","R","M"],"character_chosen":"IRONCLAD","items_purchased":["Shrug It Off","Peace Pipe"],"gold_per_floor":[11,21,36,52,52,52,127,127,427,459,478,539,568,578,578,680,680,692,692,692,709,270,270,287],"floor_reached":25,"campfire_rested":0,"playtime":3710,"current_hp_per_floor":[80,80,80,80,80,80,69,69,69,48,42,44,37,55,55,19,80,78,90,74,68,68,68,36],"items_purged":["Berserk"],"gold":287,"play_id":"c3662c67-8b42-448a-93e1-4f2b1ca2c4a7","is_prod":false,"is_daily":false,"is_ascension_mode":true,"campfire_upgraded":4,"path_taken":["M","M","M","M","$","R","?","R","T","E","M","?","E","M","R","BOSS","M","?","?","M","$","R","M","E"],"build_version":"2018-02-02-BETA1","purchased_purges":1,"victory":false,"master_deck":["Strike_R","Defend_R","Defend_R","Defend_R","Bash","Reaper","Clothesline+1","Ghostly Armor","Limit Break","True Grit+1","Flex","Flame Barrier","Pommel Strike","Body Slam+1","Double Tap+1","Feed+1","Combust+1","Flame Barrier+1","Dual Wield","Shrug It Off"],"max_hp_per_floor":[80,80,80,80,80,80,80,80,80,80,80,80,80,80,80,80,80,80,90,90,94,94,94,98],"relics":["Burning Blood","Old Coin","Prayer Wheel","Bag of Marbles","Dream Catcher","Astrolabe","Nilry\u0027s Codex","Peace Pipe"],"card_choices":[{"not_picked":["Iron Wave","Entrench"],"picked":"Clothesline"},{"not_picked":["Power Through","Iron Wave"],"picked":"Ghostly Armor"},{"not_picked":["Dropkick","Anger"],"picked":"Limit Break"},{"not_picked":["Rupture","Disarm"],"picked":"True Grit"},{"not_picked":["Carnage","Searing Blow"],"picked":"Flex"},{"not_picked":["Wild Strike","Heavy Blade"],"picked":"Flame Barrier"},{"not_picked":["Dual Wield","Hemokinesis"],"picked":"Pommel Strike"},{"not_picked":["Blood for Blood","Perfected Strike"],"picked":"Body Slam"},{"not_picked":["Immolate","Juggernaut"],"picked":"Double Tap"},{"not_picked":["Twin Strike","Combust"],"picked":"Flame Barrier"},{"not_picked":["Metallicize","Ghostly Armor"],"picked":"Dual Wield"}],"player_experience":403885,"potions_floor_usage":[11,12,14,18,21,24],"damage_taken":[{"damage":7,"enemies":"Small Slimes","floor":1,"turns":6},{"damage":5,"enemies":"Cultist","floor":2,"turns":4},{"damage":0,"enemies":"2 Louse","floor":3,"turns":3},{"damage":0,"enemies":"2 Fungi Beasts","floor":4,"turns":4},{"damage":39,"enemies":"3 Sentries","floor":10,"turns":14},{"damage":16,"enemies":"Large Slime","floor":11,"turns":6},{"damage":7,"enemies":"Lagavulin Event","floor":12,"turns":8},{"damage":13,"enemies":"Lagavulin","floor":13,"turns":9},{"damage":6,"enemies":"3 Louse","floor":14,"turns":3},{"damage":42,"enemies":"The Guardian","floor":16,"turns":11},{"damage":8,"enemies":"3 Byrds","floor":18,"turns":6},{"damage":16,"enemies":"Spheric Guardian","floor":21,"turns":5},{"damage":45,"enemies":"Cultist and Chosen","floor":24,"turns":11},{"damage":36,"enemies":"Gremlin Leader","floor":25,"turns":3}],"event_choices":[{"event_name":"World of Goop","player_choice":"Gather Gold","floor":7,"damage_taken":0},{"event_name":"Dead Adventurer","player_choice":"Searched \u00271\u0027 times","floor":12,"damage_taken":0},{"event_name":"Bonfire Elementals","player_choice":"RARE","floor":19,"damage_taken":0},{"event_name":"Cursed Tome","player_choice":"Obtained Book","floor":20,"damage_taken":0}],"boss_relics":[{"not_picked":["Runic Cube","Eternal Feather"],"picked":"Astrolabe"}],"potions_floor_spawned":[4,10,11,12,14,21],"seed_played":"8039935570837375828","killed_by":"Gremlin Leader","ascension_level":1,"is_trial":false}