{"path_per_floor":["M","$","M","?","?","R","E","R","T","M","M","M","M","$","R","B",null,"M","?","M","?","$","R","E","M","T","M","?","T","R","M","R","B",null,"M","?","$","?","?","R","M","?","T","M","R","?","M"],"character_chosen":"IRONCLAD","items_purchased":["Blood for Blood","Bag of Preparation"],"gold_per_floor":[113,38,52,12,12,12,42,42,42,56,74,93,110,10,10,107,107,124,124,137,137,61,61,94,105,105,119,34,34,34,47,47,152,152,166,166,12,58,58,58,71,71,94,114,114,114,127],"floor_reached":48,"campfire_rested":5,"playtime":6868,"current_hp_per_floor":[80,80,80,80,85,85,85,85,85,85,85,85,85,85,85,70,85,64,64,29,29,29,54,34,40,40,9,9,9,36,29,56,60,92,92,92,92,8,31,58,52,52,52,35,62,92,26],"items_purged":["Strike_R","Strike_R"],"gold":127,"score":493,"play_id":"e74bf88d-a61b-47e9-b24e-8e95301672c2","is_prod":false,"is_daily":false,"is_ascension_mode":true,"campfire_upgraded":3,"path_taken":["M","$","M","?","?","R","E","R","T","M","?","M","M","$","R","BOSS","M","?","M","?","$","R","E","M","T","?","?","?","R","M","R","BOSS","M","?","$","?","?","R","M","?","T","?","R","?","?","M"],"build_version":"2018-02-05-BETA1","purchased_purges":3,"victory":false,"master_deck":["Strike_R","Strike_R","Defend_R","Defend_R","Defend_R","Defend_R","Bash+1","Battle Trance+1","True Grit","Disarm","Sword Boomerang","Barricade","Armaments+1","Impervious","Carnage+1","Blood for Blood","Cleave","Perfected Strike+1","Clothesline","Writhe","Searing Blow+1","Demon Form"],"max_hp_per_floor":[80,80,80,80,85,85,85,85,85,85,85,85,85,85,85,85,85,85,85,85,85,85,85,92,92,92,92,92,92,92,92,92,92,92,92,92,92,92,92,92,92,92,92,92,92,92,92],"relics":["Burning Blood","NeowsBlessing","Prayer Wheel","Self Forming Clay","Snecko Eye","Strawberry","Calipers","Art of War","Mercury Hourglass","Runic Dome","Bag of Preparation","Red Skull","Whetstone"],"card_choices":[{"not_picked":["Clash","Flex"],"picked":"Battle Trance"},{"not_picked":["Twin Strike","Carnage"],"picked":"True Grit"},{"not_picked":["Clothesline","Perfected Strike"],"picked":"Disarm"},{"not_picked":["Body Slam","Armaments"],"picked":"Sword Boomerang"},{"not_picked":["True Grit","Pummel"],"picked":"Barricade"},{"not_picked":["Wild Strike","Havoc"],"picked":"Armaments"},{"not_picked":["Limit Break","Immolate"],"picked":"Impervious"},{"not_picked":["Perfected Strike","Clash"],"picked":"Carnage"},{"not_picked":["Anger","Twin Strike"],"picked":"Cleave"},{"not_picked":["Iron Wave","Intimidate"],"picked":"Juggernaut"},{"not_picked":["Headbutt","Carnage"],"picked":"Perfected Strike"},{"not_picked":["Sword Boomerang","Iron Wave"],"picked":"Clothesline"},{"not_picked":["Thunderclap","Wild Strike"],"picked":"Searing Blow"},{"not_picked":["Combust","Anger"],"picked":"Demon Form"}],"player_experience":411131,"potions_floor_usage":[11,13,16,18,18,24,24,33,44,47],"damage_taken":[{"damage":0,"enemies":"Small Slimes","floor":1,"turns":1},{"damage":0,"enemies":"Blue Slaver","floor":3,"turns":1},{"damage":0,"enemies":"3 Sentries","floor":7,"turns":2},{"damage":0,"enemies":"Cultist","floor":10,"turns":3},{"damage":0,"enemies":"3 Louse","floor":11,"turns":2},{"damage":2,"enemies":"Exordium Wildlife","floor":12,"turns":4},{"damage":4,"enemies":"Exordium Thugs","floor":13,"turns":5},{"damage":21,"enemies":"The Guardian","floor":16,"turns":11},{"damage":27,"enemies":"Chosen","floor":18,"turns":6},{"damage":41,"enemies":"Spheric Guardian","floor":20,"turns":15},{"damage":33,"enemies":"Slavers","floor":24,"turns":9},{"damage":0,"enemies":"Snecko","floor":25,"turns":5},{"damage":37,"enemies":"Centurion and Healer","floor":27,"turns":14},{"damage":13,"enemies":"Snake Plant","floor":31,"turns":4},{"damage":2,"enemies":"Champ","floor":33,"turns":17},{"damage":0,"enemies":"Flame Bruiser 1 Orb","floor":35,"turns":4},{"damage":90,"enemies":"Mysterious Sphere","floor":38,"turns":8},{"damage":12,"enemies":"3 Shapes","floor":41,"turns":5},{"damage":23,"enemies":"Sphere and 2 Shapes","floor":44,"turns":4},{"damage":72,"enemies":"Flame Bruiser 2 Orb","floor":47,"turns":9},{"damage":31,"enemies":"3 Darklings","floor":48,"turns":4}],"event_choices":[{"event_name":"The Woman in Blue","player_choice":"Bought 3 Potions","floor":4,"damage_taken":0},{"event_name":"Big Fish","player_choice":"Donut","floor":5,"damage_taken":0},{"event_name":"Back to Basics","player_choice":"Elegance","floor":19,"damage_taken":0},{"event_name":"Match and Keep!","player_choice":"0 cards matched","floor":21,"damage_taken":0},{"event_name":"Addict","player_choice":"Obtained Relic","floor":28,"damage_taken":0},{"event_name":"Tomb of Lord Red Mask","player_choice":"Ignored","floor":36,"damage_taken":0},{"event_name":"Mysterious Sphere","player_choice":"Fight","floor":38,"damage_taken":0},{"event_name":"Winding Halls","player_choice":"Writhe","floor":39,"damage_taken":0},{"event_name":"Wheel of Change","player_choice":"Full Heal","floor":46,"damage_taken":0}],"boss_relics":[{"not_picked":["Astrolabe","Eternal Feather"],"picked":"Snecko Eye"},{"not_picked":["Question Card","Tiny House"],"picked":"Runic Dome"}],"potions_floor_spawned":[7,12,13,18,20,31,38,44],"seed_played":"-292878248709117709","killed_by":"3 Darklings","ascension_level":2,"is_trial":false}