{"path_per_floor":["M","M","?","?","?","E","R","M","T","R","M","E","R","M","R","B",null,"M","?","$","?","?","R","M","M","T","$","M","R","M","?","R"],"character_chosen":"IRONCLAD","items_purchased":["Toxic Egg 2","Blind"],"gold_per_floor":[118,132,132,132,82,116,116,135,135,135,153,178,178,196,196,297,297,316,406,16,42,42,42,59,72,97,47,58,58,72,72,72],"floor_reached":33,"campfire_rested":0,"playtime":3898,"current_hp_per_floor":[80,80,85,82,82,85,85,85,85,85,85,85,85,85,85,21,85,85,69,69,78,78,78,85,74,74,74,75,75,61,61,61],"items_purged":["Strike_R","Strike_R"],"gold":72,"score":336,"play_id":"d3c5c6f7-785e-4da0-9020-cf2bbbe909b1","is_prod":false,"is_daily":false,"is_ascension_mode":true,"campfire_upgraded":6,"path_taken":["M","M","?","?","?","E","R","M","T","R","M","E","R","M","R","BOSS","M","?","$","?","?","R","M","?","T","?","M","R","M","?","R","BOSS"],"build_version":"2018-02-05-BETA1","purchased_purges":2,"victory":false,"master_deck":["Strike_R","Strike_R","Defend_R","Defend_R","Defend_R","Defend_R","Bash+1","Armaments+1","Whirlwind+1","Ghostly Armor","Body Slam+1","Cleave","True Grit+1","Headbutt+1","Double Tap+1","Battle Trance","Blind+1","Shrug It Off+1","Seeing Red+1"],"max_hp_per_floor":[80,80,85,85,85,85,85,85,85,85,85,85,85,85,85,85,85,85,85,85,85,85,85,85,85,85,85,85,85,85,85,85],"relics":["Burning Blood","NeowsBlessing","Smiling Mask","Lantern","Shovel","Magic Flower","White Beast Statue","Toxic Egg 2","Red Mask","Oddly Smooth Stone","Meat on the Bone"],"card_choices":[{"not_picked":["Evolve","Twin Strike"],"picked":"Armaments"},{"not_picked":["Rage","Corruption"],"picked":"Whirlwind"},{"not_picked":["Uppercut","Thunderclap"],"picked":"Ghostly Armor"},{"not_picked":["Anger","Thunderclap"],"picked":"Body Slam"},{"not_picked":["Corruption","Headbutt"],"picked":"Cleave"},{"not_picked":["Wild Strike","Anger"],"picked":"True Grit"},{"not_picked":["Spot Weakness","Wild Strike"],"picked":"Headbutt"},{"not_picked":["Brutality","Bludgeon"],"picked":"Double Tap"},{"not_picked":["Rupture","Clothesline"],"picked":"Battle Trance"},{"not_picked":["Havoc","Twin Strike"],"picked":"Shrug It Off"},{"not_picked":["Inflame","Burning Pact"],"picked":"Seeing Red"}],"player_experience":432209,"potions_floor_usage":[11,16,18,25,28,28,30,30,33],"damage_taken":[{"damage":0,"enemies":"Jaw Worm","floor":1,"turns":1},{"damage":0,"enemies":"Cultist","floor":2,"turns":1},{"damage":0,"enemies":"Gremlin Nob","floor":6,"turns":1},{"damage":0,"enemies":"2 Louse","floor":8,"turns":2},{"damage":4,"enemies":"Exordium Wildlife","floor":11,"turns":4},{"damage":4,"enemies":"3 Sentries","floor":12,"turns":8},{"damage":4,"enemies":"Large Slime","floor":14,"turns":6},{"damage":73,"enemies":"Slime Boss","floor":16,"turns":20},{"damage":9,"enemies":"Spheric Guardian","floor":18,"turns":8},{"damage":0,"enemies":"Masked Bandits","floor":21,"turns":2},{"damage":0,"enemies":"Chosen","floor":24,"turns":4},{"damage":20,"enemies":"Snake Plant","floor":25,"turns":7},{"damage":8,"enemies":"Cultist and Chosen","floor":28,"turns":7},{"damage":23,"enemies":"Snecko","floor":30,"turns":8},{"damage":102,"enemies":"Champ","floor":33,"turns":16}],"event_choices":[{"event_name":"Big Fish","player_choice":"Donut","floor":3,"damage_taken":0},{"event_name":"Scrap Ooze","player_choice":"success","floor":4,"damage_taken":3},{"event_name":"The Cleric","player_choice":"Card Removal","floor":5,"damage_taken":0},{"event_name":"Knowing Skull","player_choice":"GOLD ","floor":19,"damage_taken":0},{"event_name":"Masked Bandits","player_choice":"Fought over 16 gold","floor":21,"damage_taken":0},{"event_name":"Vampires","player_choice":"Ignored","floor":22,"damage_taken":0},{"event_name":"Upgrade Shrine","player_choice":"Upgraded","floor":31,"damage_taken":0}],"boss_relics":[{"not_picked":["Snecko Eye","Tiny House"],"picked":"White Beast Statue"}],"potions_floor_spawned":[6,12,16,18,21,24,25,28,30],"seed_played":"8233171972370709707","killed_by":"Champ","ascension_level":4,"is_trial":false}