{"path_per_floor":["M","?","$","M","?","E","R","E","T","M","$","R","E","M","R","B",null,"M","M","?","?","$","R","M","M","T","$","E","$","R","M","R","B",null,"M","$","M","?","M","R","?","M","T","M","R","?","$","M","R","B"],"character_chosen":"IRONCLAD","items_purchased":["Orichalcum"],"gold_per_floor":[112,112,37,53,53,96,96,127,127,147,47,47,86,106,106,232,232,252,268,303,303,178,178,198,213,513,363,396,75,75,96,96,221,259,274,74,87,87,103,103,103,126,126,144,144,144,144,163,163,163],"floor_reached":51,"campfire_rested":7,"playtime":1769,"current_hp_per_floor":[80,74,74,73,73,36,58,46,46,46,46,46,48,50,50,32,87,73,69,41,41,41,68,57,43,43,43,17,17,46,48,78,59,110,108,108,97,97,95,114,114,86,86,66,101,118,118,78,114,22],"items_purged":["Strike_R","Strike_R","Defend_R","Defend_R","Strike_R","Defend_R"],"gold":163,"score":785,"play_id":"be46a395-29a8-4bcb-9ac2-d1b82e54bcc4","is_prod":false,"is_daily":false,"is_ascension_mode":false,"campfire_upgraded":2,"path_taken":["M","?","$","M","?","E","R","E","T","?","$","R","E","?","R","BOSS","M","M","?","?","$","R","?","M","T","?","E","$","R","M","R","BOSS","M","$","M","?","M","R","?","M","T","M","R","?","$","M","R","BOSS"],"build_version":"2018-02-16-BETA2","purchased_purges":6,"victory":true,"master_deck":["Strike_R+1","Defend_R+1","Bash+1","Rampage+1","Metallicize+1","Writhe"],"max_hp_per_floor":[80,74,74,74,74,74,74,81,81,81,81,81,83,85,85,87,87,89,91,93,93,93,93,95,97,97,97,99,99,99,101,101,103,110,112,112,112,112,114,114,114,116,116,118,118,118,118,120,120,120],"relics":["Sozu","Golden Idol","Thread and Needle","Strawberry","Singing Bowl","Toolbox","Question Card","Red Mask","Old Coin","Self Forming Clay","Orichalcum","Tiny House","Calipers"],"card_choices":[{"not_picked":["Reaper","Clash"],"picked":"Rampage"},{"not_picked":["Rupture","Flex","Anger"],"picked":"Metallicize"}],"player_experience":689786,"potions_floor_usage":[],"damage_taken":[{"damage":0,"enemies":"Small Slimes","floor":1,"turns":2},{"damage":1,"enemies":"Jaw Worm","floor":4,"turns":3},{"damage":37,"enemies":"3 Sentries","floor":6,"turns":12},{"damage":19,"enemies":"Gremlin Nob","floor":8,"turns":5},{"damage":0,"enemies":"Cultist","floor":10,"turns":3},{"damage":0,"enemies":"3 Sentries","floor":13,"turns":6},{"damage":0,"enemies":"Blue Slaver","floor":14,"turns":3},{"damage":20,"enemies":"Hexaghost","floor":16,"turns":7},{"damage":16,"enemies":"2 Thieves","floor":18,"turns":4},{"damage":6,"enemies":"Spheric Guardian","floor":19,"turns":5},{"damage":30,"enemies":"Masked Bandits","floor":20,"turns":5},{"damage":13,"enemies":"Snake Plant","floor":24,"turns":3},{"damage":16,"enemies":"Slaver and Parasite","floor":25,"turns":6},{"damage":28,"enemies":"Slavers","floor":28,"turns":6},{"damage":0,"enemies":"Snecko","floor":31,"turns":4},{"damage":21,"enemies":"Collector","floor":33,"turns":5},{"damage":4,"enemies":"3 Darklings","floor":35,"turns":5},{"damage":11,"enemies":"Flame Bruiser 1 Orb","floor":37,"turns":4},{"damage":4,"enemies":"Sphere and 2 Shapes","floor":39,"turns":4},{"damage":30,"enemies":"Maw","floor":42,"turns":6},{"damage":22,"enemies":"4 Shapes","floor":44,"turns":6},{"damage":42,"enemies":"Flame Bruiser 2 Orb","floor":48,"turns":10},{"damage":92,"enemies":"Time Eater","floor":50,"turns":10}],"event_choices":[{"event_name":"Golden Idol","player_choice":"Lose Max HP","floor":2,"damage_taken":0},{"event_name":"Bonfire Elementals","player_choice":"BASIC","floor":5,"damage_taken":0},{"event_name":"Masked Bandits","player_choice":"Fought over 268 gold","floor":20,"damage_taken":0},{"event_name":"Cursed Tome","player_choice":"Ignored","floor":21,"damage_taken":0},{"event_name":"Upgrade Shrine","player_choice":"Upgraded","floor":38,"damage_taken":0},{"event_name":"Duplicator","player_choice":"Ignored","floor":41,"damage_taken":0},{"event_name":"Winding Halls","player_choice":"Writhe","floor":46,"damage_taken":0}],"boss_relics":[{"not_picked":["Ectoplasm","White Beast Statue"],"picked":"Question Card"},{"not_picked":["Mark of Pain","Cursed Key"],"picked":"Tiny House"}],"potions_floor_spawned":[1,6,13,14,16,18,20,25,44,48],"seed_played":"-1189858047872760237","ascension_level":0,"is_trial":false}