{"path_per_floor":["M","?","M","$","?","E","?","E","T","M","?","R","?","E","R","B",null,"M","?","$","M","M","R","M","R","T","E","?","R","$","M","R"],"character_chosen":"IRONCLAD","items_purchased":["Shrug It Off","Inflame","Whetstone"],"gold_per_floor":[117,192,207,43,43,68,68,101,155,170,170,170,170,196,196,291,291,307,307,59,74,85,85,104,104,104,137,62,62,62,76,76],"floor_reached":33,"campfire_rested":0,"playtime":3586,"current_hp_per_floor":[80,69,75,75,72,78,78,68,68,74,74,74,58,54,54,52,80,80,65,65,63,57,57,63,63,77,71,71,71,71,65,65],"items_purged":["Strike_R","Strike_R"],"gold":76,"score":392,"play_id":"00f27e51-394b-45c5-93fb-ee2721b3c7cb","is_prod":false,"is_daily":false,"is_ascension_mode":true,"campfire_upgraded":6,"path_taken":["M","?","M","$","?","E","?","E","T","?","?","R","?","E","R","BOSS","M","?","?","M","M","R","M","R","T","E","?","R","$","?","R","BOSS"],"build_version":"2018-02-07-BETA1","purchased_purges":3,"victory":false,"master_deck":["Strike_R+1","Defend_R","Defend_R","Defend_R","Defend_R+1","Bash+1","Headbutt+1","True Grit+1","Shrug It Off","Inflame+1","Pommel Strike","Metallicize+1","Double Tap+1","Twin Strike","Shockwave+1","Dual Wield+1","Shrug It Off+1"],"max_hp_per_floor":[80,80,80,80,80,80,80,80,80,80,80,80,80,80,80,80,80,80,85,85,85,85,85,85,85,99,99,99,99,99,99,99],"relics":["Burning Blood","NeowsBlessing","Ice Cream","Orichalcum","Bronze Scales","Ancient Tea Set","Gambling Chip","White Beast Statue","Whetstone","Mango","Darkstone Periapt"],"card_choices":[{"not_picked":["Clash","Sever Soul"],"picked":"Headbutt"},{"not_picked":["Perfected Strike","Heavy Blade"],"picked":"True Grit"},{"not_picked":["True Grit","Flex"],"picked":"Pommel Strike"},{"not_picked":["Headbutt","Blood for Blood"],"picked":"Metallicize"},{"not_picked":["Brutality","Fiend Fire"],"picked":"Double Tap"},{"not_picked":["Headbutt","Havoc"],"picked":"Twin Strike"},{"not_picked":["Clothesline","Sever Soul"],"picked":"Shockwave"},{"not_picked":["Feel No Pain","Perfected Strike"],"picked":"Dual Wield"},{"not_picked":["Infernal Blade","Headbutt"],"picked":"Shrug It Off"}],"player_experience":436107,"potions_floor_usage":[8,14,21,24,27,27,27,33],"damage_taken":[{"damage":0,"enemies":"Jaw Worm","floor":1,"turns":1},{"damage":0,"enemies":"Small Slimes","floor":3,"turns":1},{"damage":0,"enemies":"Gremlin Nob","floor":6,"turns":1},{"damage":16,"enemies":"3 Sentries","floor":8,"turns":7},{"damage":0,"enemies":"Cultist","floor":10,"turns":3},{"damage":10,"enemies":"Gremlin Nob","floor":14,"turns":3},{"damage":8,"enemies":"Slime Boss","floor":16,"turns":10},{"damage":3,"enemies":"3 Byrds","floor":18,"turns":3},{"damage":8,"enemies":"Chosen","floor":21,"turns":5},{"damage":12,"enemies":"Centurion and Healer","floor":22,"turns":8},{"damage":0,"enemies":"Chosen and Byrds","floor":24,"turns":4},{"damage":27,"enemies":"Slavers","floor":27,"turns":6},{"damage":12,"enemies":"Snake Plant","floor":31,"turns":4},{"damage":68,"enemies":"Automaton","floor":33,"turns":10}],"event_choices":[{"event_name":"World of Goop","player_choice":"Gather Gold","floor":2,"damage_taken":0},{"event_name":"Scrap Ooze","player_choice":"success","floor":5,"damage_taken":3},{"event_name":"The Lab","player_choice":"Got Potions","floor":7,"damage_taken":0},{"event_name":"Living Wall","player_choice":"Forget","floor":11,"damage_taken":0},{"event_name":"Shining Light","player_choice":"Entered Light","floor":13,"damage_taken":0},{"event_name":"Forgotten Altar","player_choice":"Shed Blood","floor":19,"damage_taken":0},{"event_name":"Beggar","player_choice":"Gave Gold","floor":28,"damage_taken":0}],"boss_relics":[{"not_picked":["Snecko Eye","Lizard Tail"],"picked":"White Beast Statue"}],"potions_floor_spawned":[3,6,16,18,21,22,24,27,31],"seed_played":"-8989046112254128397","killed_by":"Automaton","ascension_level":4,"is_trial":false}