{"path_per_floor":["M","M","?","M","$","E","M","$","T","M","M","M","R","M","R","B",null,"M","M","M","$","T","R","E","M","T","R","M","M","M","?","R","B",null,"M","M","T","$","M","R","E","R","T","?","R","M","R","$","R"],"character_chosen":"IRONCLAD","items_purchased":["Twin Strike"],"gold_per_floor":[111,124,124,140,65,97,108,8,33,47,60,70,70,81,81,157,157,143,153,165,15,40,40,73,87,135,135,155,165,183,183,183,260,260,276,290,315,165,183,183,210,210,236,0,0,18,18,18,18],"floor_reached":50,"campfire_rested":3,"playtime":2617,"current_hp_per_floor":[74,73,72,64,64,57,63,63,63,64,62,68,68,74,74,72,77,75,79,67,67,67,67,50,29,29,52,41,29,19,4,29,31,71,81,62,62,62,72,72,49,49,49,49,49,47,47,47,84],"items_purged":["Strike_R","Strike_R","Strike_R","Defend_R"],"gold":18,"score":804,"play_id":"09fe6508-37f2-42c1-9129-74c1ace59f4f","is_prod":false,"is_daily":false,"is_ascension_mode":true,"campfire_upgraded":7,"path_taken":["M","M","?","M","$","E","M","$","T","M","M","M","R","M","R","BOSS","M","?","M","$","?","R","E","M","T","R","M","M","?","?","R","BOSS","M","M","?","$","M","R","E","R","T","?","R","M","R","?","R","BOSS"],"build_version":"2018-02-08-BETA1","purchased_purges":4,"victory":false,"master_deck":["Strike_R","Defend_R","Defend_R","Defend_R","Bash","Battle Trance+1","Whirlwind+1","Flame Barrier+1","Spot Weakness+1","Armaments+1","Disarm+1","Metallicize+1","Barricade+1","Cleave+1","Body Slam+1","Twin Strike+1","Shrug It Off","Shrug It Off+1","Dual Wield+1","Shrug It Off"],"max_hp_per_floor":[75,75,72,72,72,79,79,79,79,79,79,79,79,79,79,79,79,79,79,79,79,79,79,79,79,79,79,79,79,79,84,84,84,84,84,84,84,84,84,84,84,84,84,84,84,84,84,84,84],"relics":["Black Blood","Strawberry","Omamori","Runic Dome","Ancient Tea Set","Oddly Smooth Stone","War Paint","Whetstone","Regal Pillow","Dream Catcher","Red Mask"],"card_choices":[{"not_picked":["Sword Boomerang","True Grit"],"picked":"Whirlwind"},{"not_picked":["Havoc","Clothesline"],"picked":"Flame Barrier"},{"not_picked":["Twin Strike","Power Through"],"picked":"Spot Weakness"},{"not_picked":["Anger","Clash"],"picked":"Armaments"},{"not_picked":["Thunderclap","Immolate"],"picked":"Disarm"},{"not_picked":["Twin Strike","Inflame"],"picked":"Metallicize"},{"not_picked":["Brutality","Fiend Fire"],"picked":"Barricade"},{"not_picked":["Spot Weakness","Flex"],"picked":"Cleave"},{"not_picked":["Fire Breathing","Bludgeon"],"picked":"Body Slam"},{"not_picked":["Twin Strike","Perfected Strike"],"picked":"Shrug It Off"},{"not_picked":["Thunderclap","Feel No Pain"],"picked":"Shrug It Off"},{"not_picked":["Wild Strike","Metallicize"],"picked":"Dual Wield"},{"not_picked":["True Grit","Perfected Strike"],"picked":"Shrug It Off"}],"player_experience":506257,"potions_floor_usage":[6,6,10,16,24,25,35,41,41,46,50,50],"damage_taken":[{"damage":0,"enemies":"2 Louse","floor":1,"turns":3},{"damage":7,"enemies":"Jaw Worm","floor":2,"turns":3},{"damage":14,"enemies":"Blue Slaver","floor":4,"turns":8},{"damage":20,"enemies":"3 Sentries","floor":6,"turns":7},{"damage":0,"enemies":"Lots of Slimes","floor":7,"turns":1},{"damage":5,"enemies":"Gremlin Gang","floor":10,"turns":4},{"damage":8,"enemies":"Looter","floor":11,"turns":5},{"damage":0,"enemies":"Exordium Wildlife","floor":12,"turns":3},{"damage":0,"enemies":"Red Slaver","floor":14,"turns":5},{"damage":8,"enemies":"The Guardian","floor":16,"turns":12},{"damage":8,"enemies":"2 Thieves","floor":18,"turns":4},{"damage":0,"enemies":"Shell Parasite","floor":19,"turns":6},{"damage":18,"enemies":"Sentry and Sphere","floor":20,"turns":5},{"damage":23,"enemies":"Book of Stabbing","floor":24,"turns":8},{"damage":27,"enemies":"Centurion and Healer","floor":25,"turns":5},{"damage":17,"enemies":"Chosen and Byrds","floor":28,"turns":7},{"damage":18,"enemies":"Snecko","floor":29,"turns":6},{"damage":16,"enemies":"Centurion and Healer","floor":30,"turns":6},{"damage":4,"enemies":"Champ","floor":33,"turns":13},{"damage":0,"enemies":"Flame Bruiser 1 Orb","floor":35,"turns":7},{"damage":29,"enemies":"3 Darklings","floor":36,"turns":5},{"damage":0,"enemies":"Maw","floor":39,"turns":8},{"damage":33,"enemies":"2 Orb Walkers","floor":41,"turns":6},{"damage":12,"enemies":"Spire Growth","floor":46,"turns":5},{"damage":88,"enemies":"Donu and Deca","floor":50,"turns":7}],"event_choices":[{"event_name":"Living Wall","player_choice":"Forget","floor":3,"damage_taken":0},{"event_name":"Forgotten Altar","player_choice":"Shed Blood","floor":31,"damage_taken":0},{"event_name":"Tomb of Lord Red Mask","player_choice":"Paid","floor":44,"damage_taken":0}],"boss_relics":[{"not_picked":["Black Star","Ectoplasm"],"picked":"Runic Dome"},{"not_picked":["Tiny House","Snecko Eye"],"picked":"Black Blood"}],"potions_floor_spawned":[2,4,6,14,20,24,28,30,33,39,41,46],"seed_played":"-8806256043840001709","killed_by":"Donu and Deca","ascension_level":14,"is_trial":false}