{"path_per_floor":["M","?","?","M","M","R","M","R","T","M","M","M","R","M","R","B",null,"M","?","?","$","M","R","E","M","T","M","R","M","$","?","R","B",null,"M","$","M","?","?","R","M","E","T","M","R","$","M","M","R","B"],"character_chosen":"IRONCLAD","items_purchased":["Kunai"],"gold_per_floor":[111,61,61,80,99,99,113,113,113,129,142,157,157,181,181,309,309,329,329,244,169,181,181,210,230,230,246,246,260,22,22,22,127,127,141,41,54,102,102,102,120,155,181,201,201,76,91,101,101,101],"floor_reached":51,"campfire_rested":4,"playtime":2940,"current_hp_per_floor":[72,72,72,72,60,60,44,44,44,36,30,28,50,38,60,23,61,60,60,60,60,65,65,50,43,43,44,44,47,47,74,74,23,61,53,53,57,44,35,57,60,65,70,50,50,50,29,31,53,36],"items_purged":["Strike_R","Strike_R","Injury"],"gold":101,"score":812,"play_id":"e4f872ab-2245-4f21-8f20-e4ee98c479e0","is_prod":false,"is_daily":false,"is_ascension_mode":true,"campfire_upgraded":6,"path_taken":["M","?","?","M","M","R","?","R","T","M","M","M","R","M","R","BOSS","M","?","?","$","M","R","E","M","T","M","R","M","$","?","R","BOSS","M","$","M","?","?","R","?","E","T","M","R","$","M","M","R","BOSS"],"build_version":"2018-02-08-BETA1","purchased_purges":4,"victory":true,"master_deck":["Strike_R","Strike_R","Defend_R","Defend_R","Defend_R","Defend_R","Bash","Rampage+1","Dropkick","Armaments+1","Battle Trance","Shrug It Off+1","Impervious","True Grit+1","Shrug It Off+1","Juggernaut+1","Uppercut","Evolve+1","Madness","Madness","Entrench+1","Metallicize+1","Metallicize+1","Wild Strike"],"max_hp_per_floor":[80,80,74,74,74,74,74,74,74,74,74,74,74,74,74,74,74,74,74,74,74,74,74,74,74,74,74,74,74,74,74,74,74,74,74,74,74,74,74,74,74,74,74,74,74,74,74,74,74,74],"relics":["Sozu","Bloody Idol","Magic Flower","Runic Dome","Pen Nib","Happy Flower","Charon\u0027s Ashes","Kunai","Cursed Key","Gambling Chip","Prayer Wheel","Omamori"],"card_choices":[{"not_picked":["Sever Soul","Warcry"],"picked":"Rampage"},{"not_picked":["Searing Blow","Twin Strike"],"picked":"Dropkick"},{"not_picked":["Searing Blow","Carnage"],"picked":"Armaments"},{"not_picked":["Thunderclap","Bludgeon"],"picked":"Battle Trance"},{"not_picked":["Heavy Blade","Cleave"],"picked":"Shrug It Off"},{"not_picked":["Berserk","Brutality"],"picked":"Impervious"},{"not_picked":["Uppercut","Warcry"],"picked":"True Grit"},{"not_picked":["Bloodletting","Evolve"],"picked":"Shrug It Off"},{"not_picked":["Dark Embrace","Bludgeon"],"picked":"Juggernaut"},{"not_picked":["Bloodletting","Cleave"],"picked":"Uppercut"},{"not_picked":["True Grit","Infernal Blade"],"picked":"Evolve"},{"not_picked":["Hemokinesis","Uppercut"],"picked":"Entrench"},{"not_picked":["Warcry","Rampage"],"picked":"Metallicize"},{"not_picked":["Armaments","Anger"],"picked":"Metallicize"},{"not_picked":["Evolve","Warcry"],"picked":"Wild Strike"}],"player_experience":475811,"potions_floor_usage":[],"damage_taken":[{"damage":0,"enemies":"Cultist","floor":1,"turns":2},{"damage":0,"enemies":"2 Louse","floor":4,"turns":3},{"damage":12,"enemies":"Jaw Worm","floor":5,"turns":3},{"damage":16,"enemies":"Exordium Wildlife","floor":7,"turns":3},{"damage":8,"enemies":"3 Louse","floor":10,"turns":4},{"damage":6,"enemies":"Exordium Thugs","floor":11,"turns":5},{"damage":2,"enemies":"2 Fungi Beasts","floor":12,"turns":4},{"damage":12,"enemies":"3 Louse","floor":14,"turns":4},{"damage":37,"enemies":"Slime Boss","floor":16,"turns":9},{"damage":1,"enemies":"Spheric Guardian","floor":18,"turns":4},{"damage":0,"enemies":"3 Byrds","floor":22,"turns":6},{"damage":20,"enemies":"Book of Stabbing","floor":24,"turns":6},{"damage":12,"enemies":"Centurion and Healer","floor":25,"turns":4},{"damage":4,"enemies":"3 Cultists","floor":27,"turns":6},{"damage":2,"enemies":"Slaver and Parasite","floor":29,"turns":5},{"damage":56,"enemies":"Collector","floor":33,"turns":11},{"damage":13,"enemies":"Flame Bruiser 1 Orb","floor":35,"turns":7},{"damage":1,"enemies":"3 Shapes","floor":37,"turns":6},{"damage":18,"enemies":"Mysterious Sphere","floor":38,"turns":7},{"damage":2,"enemies":"Sphere and 2 Shapes","floor":41,"turns":6},{"damage":0,"enemies":"Giant Head","floor":42,"turns":6},{"damage":25,"enemies":"Maw","floor":44,"turns":7},{"damage":26,"enemies":"3 Darklings","floor":47,"turns":4},{"damage":3,"enemies":"Spire Growth","floor":48,"turns":5},{"damage":17,"enemies":"Donu and Deca","floor":50,"turns":11}],"event_choices":[{"event_name":"The Cleric","player_choice":"Card Removal","floor":2,"damage_taken":0},{"event_name":"Golden Idol","player_choice":"Lose Max HP","floor":3,"damage_taken":0},{"event_name":"Forgotten Altar","player_choice":"Gave Idol","floor":19,"damage_taken":0},{"event_name":"Addict","player_choice":"Obtained Relic","floor":20,"damage_taken":0},{"event_name":"Wheel of Change","player_choice":"Full Heal","floor":31,"damage_taken":0},{"event_name":"Mysterious Sphere","player_choice":"Fight","floor":38,"damage_taken":0},{"event_name":"Winding Halls","player_choice":"Embrace Madness","floor":39,"damage_taken":0}],"boss_relics":[{"not_picked":["Orrery","Black Star"],"picked":"Runic Dome"},{"not_picked":["Snecko Eye","Mark of Pain"],"picked":"Cursed Key"}],"potions_floor_spawned":[1,7,10,11,14,22,24,29,33,37,41,44,47],"seed_played":"8814688837758009546","ascension_level":9,"is_trial":false}