{"path_per_floor":["M","?","?","?","M","R","E","$","T","R","M","E","T","?","R","B",null,"M","?","$","?","M","R","M","$","T","R","E","R","M","?","R","B",null,"M","$","M","M","?","E","?","R","T","?","R","E","?","?","R","B"],"character_chosen":"IRONCLAD","items_purchased":["Flame Barrier"],"gold_per_floor":[109,109,109,109,123,123,151,0,0,0,19,48,121,177,177,278,278,291,206,106,106,121,121,131,6,59,59,92,92,105,105,105,209,209,226,76,92,108,108,133,133,133,133,0,0,35,35,82,82,82],"floor_reached":51,"campfire_rested":0,"playtime":4128,"current_hp_per_floor":[80,85,78,78,84,84,85,85,85,85,85,85,85,85,85,48,76,80,80,80,80,85,85,85,85,85,85,78,78,82,82,82,84,86,89,89,91,93,93,88,88,88,90,90,90,72,99,99,99,31],"items_purged":["Defend_R","Strike_R","Strike_R","Defend_R"],"gold":82,"score":769,"play_id":"54d695ab-8cc2-496c-91e3-212733f76747","is_prod":false,"is_daily":false,"is_ascension_mode":true,"campfire_upgraded":5,"path_taken":["M","?","?","?","M","R","E","$","T","R","?","E","?","?","R","BOSS","M","?","$","?","M","R","?","$","T","R","E","R","M","?","R","BOSS","M","$","M","M","?","E","?","R","T","?","R","E","?","?","R","BOSS"],"build_version":"2018-02-07-BETA1","purchased_purges":4,"victory":true,"master_deck":["Strike_R+1","Defend_R","Defend_R","Bash+1","Ghostly Armor+1","Armaments+1","Seeing Red","Flame Barrier+1","Rampage+1","Pommel Strike+1","Shrug It Off+1","Shrug It Off+1","Offering+1","Offering+1"],"max_hp_per_floor":[80,85,85,85,85,85,85,85,85,85,85,85,85,85,85,85,85,85,85,85,85,85,85,85,85,85,85,85,85,87,87,87,87,87,89,89,91,93,93,95,95,95,97,97,97,99,99,101,101,101],"relics":["Burning Blood","NeowsBlessing","Prayer Wheel","Vajra","Toxic Egg 2","Centennial Puzzle","Shovel","Velvet Choker","Bag of Marbles","Nloth\u0027s Gift","Pen Nib","Singing Bowl","Whetstone","Juzu Bracelet","Black Star","Letter Opener","Mercury Hourglass","Dream Catcher","Girya","Red Mask","Smiling Mask","Bottled Flame","Calipers"],"card_choices":[{"not_picked":["Flex","Warcry"],"picked":"Ghostly Armor"},{"not_picked":["Blood for Blood","Sever Soul"],"picked":"Armaments"},{"not_picked":["Pummel","Clothesline"],"picked":"Seeing Red"},{"not_picked":["Feel No Pain","Sentinel"],"picked":"Pummel"},{"not_picked":["Body Slam","Exhume"],"picked":"Rampage"},{"not_picked":["Cleave","Infernal Blade"],"picked":"Pommel Strike"},{"not_picked":["Seeing Red","Clash"],"picked":"Shrug It Off"},{"not_picked":["Fiend Fire","Twin Strike"],"picked":"Shrug It Off"},{"not_picked":["Anger","Juggernaut"],"picked":"Offering"},{"not_picked":["Juggernaut","Berserk"],"picked":"Offering"}],"player_experience":449017,"potions_floor_usage":[12,14,14,22,28,28,48],"damage_taken":[{"damage":0,"enemies":"Small Slimes","floor":1,"turns":1},{"damage":0,"enemies":"Jaw Worm","floor":5,"turns":1},{"damage":0,"enemies":"3 Sentries","floor":7,"turns":2},{"damage":0,"enemies":"2 Louse","floor":11,"turns":2},{"damage":3,"enemies":"Lagavulin","floor":12,"turns":5},{"damage":4,"enemies":"3 Sentries","floor":14,"turns":3},{"damage":43,"enemies":"The Guardian","floor":16,"turns":13},{"damage":2,"enemies":"3 Byrds","floor":18,"turns":6},{"damage":0,"enemies":"Chosen","floor":22,"turns":3},{"damage":4,"enemies":"Snecko","floor":24,"turns":5},{"damage":13,"enemies":"Slavers","floor":28,"turns":7},{"damage":4,"enemies":"Slaver and Parasite","floor":30,"turns":7},{"damage":4,"enemies":"Champ","floor":33,"turns":11},{"damage":4,"enemies":"Orb Walker","floor":35,"turns":3},{"damage":4,"enemies":"Flame Bruiser 1 Orb","floor":37,"turns":3},{"damage":4,"enemies":"4 Shapes","floor":38,"turns":7},{"damage":13,"enemies":"2 Orb Walkers","floor":40,"turns":3},{"damage":26,"enemies":"Giant Head","floor":46,"turns":6},{"damage":8,"enemies":"Mysterious Sphere","floor":48,"turns":4},{"damage":74,"enemies":"Awakened One","floor":50,"turns":12}],"event_choices":[{"event_name":"Big Fish","player_choice":"Donut","floor":2,"damage_taken":0},{"event_name":"Scrap Ooze","player_choice":"success","floor":3,"damage_taken":7},{"event_name":"Bonfire Elementals","player_choice":"BASIC","floor":4,"damage_taken":0},{"event_name":"Dead Adventurer","player_choice":"Searched \u00273\u0027 times","floor":14,"damage_taken":0},{"event_name":"Addict","player_choice":"Obtained Relic","floor":19,"damage_taken":0},{"event_name":"N\u0027loth","player_choice":"Traded a Blue Candle","floor":21,"damage_taken":0},{"event_name":"Back to Basics","player_choice":"Elegance","floor":31,"damage_taken":0},{"event_name":"Upgrade Shrine","player_choice":"Upgraded","floor":41,"damage_taken":0},{"event_name":"Tomb of Lord Red Mask","player_choice":"Paid","floor":44,"damage_taken":0},{"event_name":"Wheel of Change","player_choice":"Full Heal","floor":47,"damage_taken":0},{"event_name":"Mysterious Sphere","player_choice":"Fight","floor":48,"damage_taken":0}],"boss_relics":[{"not_picked":["Black Blood","Snecko Eye"],"picked":"Velvet Choker"},{"not_picked":["Orrery","Runic Pyramid"],"picked":"Black Star"}],"potions_floor_spawned":[1,7,12,14,18,24,37,46,48],"seed_played":"6661508371949664024","ascension_level":5,"is_trial":false}