{"path_per_floor":["M","M","M","M","$","E","R","M","T","R","?","M","R","M","R","B",null,"M","M","?","M","M","E","R","M","T","?","R","$","M","M","R","B",null,"M","$","?","M","?","R","M","?","T","M","R","$","M","M","R","B"],"character_chosen":"IRONCLAD","items_purchased":["Shuriken","Toxic Egg 2","Shrug It Off","Flame Barrier","Evolve"],"gold_per_floor":[366,381,398,410,89,119,119,134,134,134,189,203,203,223,223,318,318,332,352,352,365,381,407,407,421,444,369,369,75,91,111,111,216,216,234,57,57,71,71,71,88,88,163,182,182,109,126,138,138,138],"floor_reached":51,"campfire_rested":1,"playtime":1636,"current_hp_per_floor":[80,80,80,77,77,66,66,64,64,64,55,57,57,59,59,60,80,83,83,83,72,77,81,81,87,87,87,87,87,89,91,91,72,104,104,104,91,97,97,97,99,99,99,87,87,87,89,89,108,62],"items_purged":["Regret","Strike_R"],"gold":138,"score":575,"play_id":"455c3c75-c407-46e1-94ac-cbafc320c8d0","is_prod":false,"is_daily":false,"is_ascension_mode":false,"campfire_upgraded":9,"path_taken":["M","M","M","M","$","E","R","?","T","R","?","M","R","?","R","BOSS","M","M","?","M","M","E","R","?","T","?","R","$","M","M","R","BOSS","M","$","?","M","?","R","M","?","T","?","R","$","M","?","R","BOSS"],"build_version":"2018-02-16-BETA2","purchased_purges":2,"victory":true,"master_deck":["Strike_R","Strike_R","Defend_R","Defend_R","Defend_R","Defend_R+1","Bash","Uppercut+1","Ghostly Armor+1","Offering+1","Flex+1","Cleave+1","Thunderclap+1","Sword Boomerang+1","Spot Weakness+1","Feed+1","Battle Trance+1","Uppercut+1","Shockwave+1","Dropkick+1","Clumsy","Shrug It Off+1","Shrug It Off+1","Dropkick+1","Limit Break+1","Flame Barrier+1","Madness+1","Madness+1","Regret","Evolve+1","Sword Boomerang+1"],"max_hp_per_floor":[80,80,80,80,80,80,80,80,80,80,80,80,80,80,80,80,80,83,83,83,86,89,100,100,104,104,104,104,104,104,104,104,104,104,104,104,104,104,104,104,104,104,104,108,108,108,108,108,108,108],"relics":["Burning Blood","Shuriken","Regal Pillow","Du-Vu Doll","War Paint","Cursed Key","Strawberry","Bag of Marbles","Toxic Egg 2","Mark of Pain","Frozen Egg 2"],"card_choices":[{"not_picked":["Warcry","Perfected Strike"],"picked":"Uppercut"},{"not_picked":["Second Wind","Combust"],"picked":"Ghostly Armor"},{"not_picked":["Perfected Strike","Disarm"],"picked":"Offering"},{"not_picked":["Burning Pact","Clash"],"picked":"Flex"},{"not_picked":["Barricade","Power Through"],"picked":"Cleave"},{"not_picked":["Body Slam","Wild Strike"],"picked":"Thunderclap"},{"not_picked":["Uppercut","Bloodletting"],"picked":"Sword Boomerang"},{"not_picked":["Carnage","Twin Strike"],"picked":"Spot Weakness"},{"not_picked":["Offering","Immolate"],"picked":"Feed"},{"not_picked":["Thunderclap","Twin Strike"],"picked":"Armaments"},{"not_picked":["Heavy Blade","Twin Strike"],"picked":"Battle Trance"},{"not_picked":["Hemokinesis","Pummel"],"picked":"Uppercut"},{"not_picked":["Spot Weakness","Iron Wave"],"picked":"Shockwave"},{"not_picked":["Dark Embrace","Battle Trance"],"picked":"Dropkick"},{"not_picked":["Power Through","Sword Boomerang"],"picked":"Shrug It Off"},{"not_picked":["Power Through","Flex"],"picked":"Dropkick"},{"not_picked":["Feed","Impervious"],"picked":"Limit Break"},{"not_picked":["Hemokinesis","Sever Soul"],"picked":"Sword Boomerang"}],"player_experience":673775,"potions_floor_usage":[11,11,22,30,50,50],"damage_taken":[{"damage":6,"enemies":"Cultist","floor":1,"turns":3},{"damage":0,"enemies":"2 Louse","floor":2,"turns":2},{"damage":5,"enemies":"Small Slimes","floor":3,"turns":4},{"damage":9,"enemies":"Looter","floor":4,"turns":3},{"damage":17,"enemies":"Gremlin Nob","floor":6,"turns":4},{"damage":8,"enemies":"Red Slaver","floor":8,"turns":3},{"damage":15,"enemies":"3 Sentries","floor":11,"turns":6},{"damage":4,"enemies":"Exordium Wildlife","floor":12,"turns":1},{"damage":4,"enemies":"3 Louse","floor":14,"turns":2},{"damage":5,"enemies":"Slime Boss","floor":16,"turns":5},{"damage":6,"enemies":"Chosen","floor":18,"turns":2},{"damage":4,"enemies":"Spheric Guardian","floor":19,"turns":1},{"damage":20,"enemies":"Slaver and Parasite","floor":21,"turns":3},{"damage":4,"enemies":"Snecko","floor":22,"turns":2},{"damage":13,"enemies":"Slavers","floor":23,"turns":3},{"damage":4,"enemies":"Snake Plant","floor":25,"turns":2},{"damage":4,"enemies":"Chosen and Byrds","floor":30,"turns":2},{"damage":4,"enemies":"3 Cultists","floor":31,"turns":3},{"damage":25,"enemies":"Champ","floor":33,"turns":6},{"damage":2,"enemies":"Orb Walker","floor":35,"turns":2},{"damage":0,"enemies":"Flame Bruiser 1 Orb","floor":38,"turns":3},{"damage":4,"enemies":"Maw","floor":41,"turns":5},{"damage":22,"enemies":"4 Shapes","floor":44,"turns":2},{"damage":4,"enemies":"Spire Growth","floor":47,"turns":3},{"damage":6,"enemies":"3 Darklings","floor":48,"turns":3},{"damage":52,"enemies":"Awakened One","floor":50,"turns":8}],"event_choices":[{"event_name":"Dead Adventurer","player_choice":"Searched \u00272\u0027 times","floor":11,"damage_taken":0},{"event_name":"Back to Basics","player_choice":"Elegance","floor":20,"damage_taken":0},{"event_name":"Beggar","player_choice":"Gave Gold","floor":27,"damage_taken":0},{"event_name":"Winding Halls","player_choice":"Embrace Madness","floor":37,"damage_taken":0},{"event_name":"Tomb of Lord Red Mask","player_choice":"Ignored","floor":42,"damage_taken":0}],"boss_relics":[{"not_picked":["White Beast Statue","Runic Cube"],"picked":"Cursed Key"},{"not_picked":["Eternal Feather","Lizard Tail"],"picked":"Mark of Pain"}],"potions_floor_spawned":[3,6,8,11,14,18,21,25,33,41,48],"seed_played":"3994505902051283151","ascension_level":0,"is_trial":false}