{"path_per_floor":["M","?","?","M","?","R","M","R","T","M","M","M","R","M","R","B",null,"M","M","$","?","?","R","M","R","T","M","$","M","M","M","R","B",null,"M","$","M"],"character_chosen":"IRONCLAD","items_purchased":["Panacea"],"gold_per_floor":[15,15,15,32,32,32,42,42,42,54,66,79,79,89,89,194,194,213,227,152,152,152,152,171,171,249,266,72,83,102,112,112,215,215,229,104,122],"floor_reached":38,"campfire_rested":0,"playtime":2038,"current_hp_per_floor":[76,76,69,74,58,58,55,55,55,59,59,65,65,68,68,34,69,75,76,76,76,76,76,68,68,68,61,61,58,64,67,67,19,65,70,70,68],"items_purged":["Strike_R","Defend_R","Writhe"],"gold":122,"score":467,"play_id":"e47fe8b1-6b57-45d8-9f56-24f7e6611732","is_prod":false,"is_daily":false,"is_ascension_mode":true,"campfire_upgraded":7,"path_taken":["M","?","?","M","?","R","?","R","T","M","M","M","R","M","R","BOSS","M","?","$","?","?","R","M","R","T","M","$","M","M","M","R","BOSS","M","$","M","?"],"build_version":"2018-02-08-BETA1","purchased_purges":3,"victory":false,"master_deck":["Strike_R+1","Defend_R+1","Defend_R","Defend_R","Bash+1","Body Slam+1","Headbutt","Cleave+1","Rampage+1","Thunderclap","Armaments+1","Pommel Strike+1","Impervious","Metallicize+1","Ghostly Armor","Panacea+1","Ghostly Armor","Uppercut+1","Barricade"],"max_hp_per_floor":[80,80,80,80,80,80,80,80,80,80,80,80,80,80,80,80,80,80,80,80,80,80,80,80,80,80,80,80,80,80,80,80,80,80,80,80,80],"relics":["Burning Blood","Oddly Smooth Stone","Cursed Key","Meat on the Bone","Velvet Choker"],"card_choices":[{"not_picked":["Fire Breathing","Flex"],"picked":"Body Slam"},{"not_picked":["Flex","Clash"],"picked":"Headbutt"},{"not_picked":["Headbutt","Bloodletting"],"picked":"Cleave"},{"not_picked":["Impervious","Flex"],"picked":"Rampage"},{"not_picked":["Spot Weakness","Burning Pact"],"picked":"Thunderclap"},{"not_picked":["Searing Blow","Uppercut"],"picked":"Armaments"},{"not_picked":["Flex","Havoc"],"picked":"Pommel Strike"},{"not_picked":["Juggernaut","Limit Break"],"picked":"Impervious"},{"not_picked":["Wild Strike","Dropkick"],"picked":"Metallicize"},{"not_picked":["Sword Boomerang","Pummel"],"picked":"Ghostly Armor"},{"not_picked":["Feel No Pain","Heavy Blade"],"picked":"Ghostly Armor"},{"not_picked":["Headbutt","Cleave"],"picked":"Uppercut"},{"not_picked":["Impervious","Immolate"],"picked":"Barricade"}],"player_experience":467268,"potions_floor_usage":[4,16,16,33,35,38],"damage_taken":[{"damage":2,"enemies":"Small Slimes","floor":1,"turns":4},{"damage":1,"enemies":"Cultist","floor":4,"turns":4},{"damage":9,"enemies":"2 Louse","floor":7,"turns":3},{"damage":2,"enemies":"Exordium Thugs","floor":10,"turns":3},{"damage":6,"enemies":"3 Louse","floor":11,"turns":2},{"damage":0,"enemies":"Exordium Wildlife","floor":12,"turns":2},{"damage":3,"enemies":"Large Slime","floor":14,"turns":5},{"damage":40,"enemies":"Slime Boss","floor":16,"turns":7},{"damage":0,"enemies":"Shell Parasite","floor":18,"turns":3},{"damage":5,"enemies":"Spheric Guardian","floor":19,"turns":4},{"damage":14,"enemies":"Snecko","floor":24,"turns":5},{"damage":13,"enemies":"Centurion and Healer","floor":27,"turns":6},{"damage":21,"enemies":"Cultist and Chosen","floor":29,"turns":5},{"damage":0,"enemies":"3 Cultists","floor":30,"turns":4},{"damage":3,"enemies":"Snecko","floor":31,"turns":5},{"damage":66,"enemies":"Automaton","floor":33,"turns":11},{"damage":10,"enemies":"Orb Walker","floor":35,"turns":4},{"damage":8,"enemies":"3 Darklings","floor":37,"turns":6},{"damage":90,"enemies":"Mysterious Sphere","floor":38,"turns":7}],"event_choices":[{"event_name":"The Cleric","player_choice":"Leave","floor":2,"damage_taken":0},{"event_name":"Golden Wing","player_choice":"Card Removal","floor":3,"damage_taken":0},{"event_name":"Shining Light","player_choice":"Entered Light","floor":5,"damage_taken":0},{"event_name":"Accursed Blacksmith","player_choice":"Forge","floor":21,"damage_taken":0},{"event_name":"Drug Dealer","player_choice":"Ignored","floor":22,"damage_taken":0},{"event_name":"Mysterious Sphere","player_choice":"Fight","floor":38,"damage_taken":0}],"boss_relics":[{"not_picked":["Philosopher\u0027s Stone","Astrolabe"],"picked":"Cursed Key"},{"not_picked":["Black Star","White Beast Statue"],"picked":"Velvet Choker"}],"potions_floor_spawned":[1,12,14,19,29,33,37],"seed_played":"-917129922422783259","killed_by":"Mysterious Sphere","ascension_level":9,"is_trial":false}