{"path_per_floor":["M","M","M","?","M","R","E","R","T","M","R","T","E","$","R","B",null,"M","?","$","M"],"character_chosen":"IRONCLAD","items_purchased":["Oddly Smooth Stone","Rampage","Whirlwind"],"gold_per_floor":[111,123,142,142,161,161,194,194,278,288,288,288,313,53,53,127,127,141,141,5,22],"floor_reached":22,"campfire_rested":2,"playtime":1013,"current_hp_per_floor":[52,50,56,56,45,45,17,17,17,23,44,44,27,27,49,13,59,47,47,47,27],"items_purged":["Strike_R","Strike_R"],"gold":22,"score":330,"play_id":"09a48c9c-63f4-44bc-9ebd-3ca317cbdd9f","is_prod":false,"is_daily":false,"is_ascension_mode":true,"campfire_upgraded":2,"path_taken":["M","M","?","?","M","R","E","R","T","M","R","?","E","$","R","BOSS","M","?","$","M","?"],"build_version":"2018-02-08-BETA1","purchased_purges":2,"victory":false,"master_deck":["Strike_R","Strike_R","Defend_R","Defend_R","Defend_R","Defend_R","Bash","Shrug It Off","Pommel Strike","Armaments+1","Pommel Strike","Iron Wave+1","Rampage","Feed","Whirlwind"],"max_hp_per_floor":[72,72,72,72,72,72,72,72,72,72,72,72,74,74,74,74,74,76,76,76,81],"relics":["Burning Blood","Frozen Egg 2","Tiny Chest","Girya","Singing Bowl","Oddly Smooth Stone","Black Star"],"card_choices":[{"not_picked":["Clash","Armaments"],"picked":"Shrug It Off"},{"not_picked":["Anger","Havoc"],"picked":"Pommel Strike"},{"not_picked":["Juggernaut","Headbutt"],"picked":"Armaments"},{"not_picked":["Body Slam","Havoc"],"picked":"Pommel Strike"},{"not_picked":["Reckless Charge","Armaments"],"picked":"Iron Wave"},{"not_picked":["Exhume","Fiend Fire"],"picked":"Feed"}],"player_experience":512736,"potions_floor_usage":[5,16,16],"damage_taken":[{"damage":22,"enemies":"Blue Slaver","floor":1,"turns":8},{"damage":8,"enemies":"2 Louse","floor":2,"turns":3},{"damage":0,"enemies":"Cultist","floor":3,"turns":3},{"damage":17,"enemies":"Gremlin Gang","floor":5,"turns":6},{"damage":34,"enemies":"Lagavulin","floor":7,"turns":8},{"damage":0,"enemies":"Exordium Wildlife","floor":10,"turns":4},{"damage":25,"enemies":"Gremlin Nob","floor":13,"turns":5},{"damage":42,"enemies":"Slime Boss","floor":16,"turns":8},{"damage":20,"enemies":"3 Byrds","floor":18,"turns":10},{"damage":31,"enemies":"Chosen","floor":21,"turns":6},{"damage":29,"enemies":"Snake Plant","floor":22,"turns":4}],"event_choices":[{"event_name":"Purifier","player_choice":"One Purge","floor":4,"damage_taken":0},{"event_name":"Vampires","player_choice":"Ignored","floor":19,"damage_taken":0}],"boss_relics":[{"not_picked":["Calling Bell","Tiny House"],"picked":"Black Star"}],"potions_floor_spawned":[2,7,13,16,21],"seed_played":"117336495669533524","killed_by":"Snake Plant","ascension_level":14,"is_trial":false}