{"path_per_floor":["M","M","$","M","?","E","M","E","T","E","$","E","?","M","R","B",null,"M","?","T","$","?","R","E","M","T","M","E","M","E","M","R","B",null,"M","?","$","M","M","E","M","E","T","M","E","M","R","E","R","B"],"character_chosen":"IRONCLAD","items_purchased":["Shrug It Off","Ancient Tea Set","Bandage Up","Apotheosis","Bottled Flame"],"gold_per_floor":[117,135,60,71,71,399,416,448,499,527,142,168,243,253,253,357,357,368,368,392,66,66,66,92,111,111,129,160,175,206,223,223,323,323,334,334,81,97,110,135,145,176,257,273,305,325,325,353,353,353],"floor_reached":51,"campfire_rested":2,"playtime":2450,"current_hp_per_floor":[80,80,80,80,73,57,55,43,43,47,47,43,32,38,62,68,80,80,80,82,82,82,82,78,82,82,85,92,99,94,102,102,89,104,106,106,106,108,110,105,109,81,83,83,75,87,87,94,122,106],"items_purged":["Strike_R","Strike_R","Strike_R"],"gold":353,"score":815,"play_id":"30951219-a3cd-4980-8099-bd405ba63a4d","is_prod":false,"is_daily":false,"is_ascension_mode":true,"campfire_upgraded":2,"path_taken":["M","M","$","M","?","E","M","E","T","E","$","E","?","M","R","BOSS","M","?","?","$","?","R","E","M","T","M","E","?","E","M","R","BOSS","M","?","$","M","M","E","M","E","T","?","E","?","R","E","R","BOSS"],"build_version":"2018-02-16-BETA2","purchased_purges":3,"victory":true,"master_deck":["Defend_R","Defend_R","Defend_R","Bash","Thunderclap","Headbutt","Inflame+1","Seeing Red","Whirlwind+1","Battle Trance","Offering","Shrug It Off","Bandage Up","Shockwave+1","Apotheosis+1","Flame Barrier","Uppercut","Metallicize+1","Spot Weakness","Shrug It Off+1","Pommel Strike+1","Shrug It Off+1"],"max_hp_per_floor":[80,80,80,80,80,80,80,80,80,80,80,80,80,80,80,80,80,80,80,82,82,82,82,96,98,98,98,98,100,100,102,102,104,104,106,106,106,108,110,110,112,114,116,118,118,120,120,122,122,122],"relics":["Burning Blood","Old Coin","Kunai","Prayer Wheel","Orichalcum","Ancient Tea Set","Thread and Needle","Philosopher\u0027s Stone","Singing Bowl","Mango","Peace Pipe","Vajra","Letter Opener","Mark of Pain","Bottled Flame","Red Skull","The Courier","Tiny Chest","Bag of Marbles","Bottled Lightning"],"card_choices":[{"not_picked":["Anger","Disarm"],"picked":"Thunderclap"},{"not_picked":["Clothesline","True Grit"],"picked":"Headbutt"},{"not_picked":["Thunderclap","Flex"],"picked":"Inflame"},{"not_picked":["Searing Blow","Carnage"],"picked":"Seeing Red"},{"not_picked":["Reckless Charge","Clash"],"picked":"Whirlwind"},{"not_picked":["Dark Embrace","True Grit"],"picked":"Battle Trance"},{"not_picked":["Sword Boomerang","Thunderclap"],"picked":"Offering"},{"not_picked":["Pommel Strike","Iron Wave"],"picked":"Shockwave"},{"not_picked":["Body Slam","Flex"],"picked":"Flame Barrier"},{"not_picked":["Headbutt","Perfected Strike"],"picked":"Uppercut"},{"not_picked":["Thunderclap","Entrench"],"picked":"Metallicize"},{"not_picked":["Juggernaut","Flex"],"picked":"Spot Weakness"},{"not_picked":["Armaments","Thunderclap"],"picked":"Shrug It Off"},{"not_picked":["Warcry","Clash"],"picked":"Pommel Strike"},{"not_picked":["Iron Wave","Clothesline"],"picked":"Shrug It Off"}],"player_experience":648499,"potions_floor_usage":[6,6,8,8,10,18,30,30,40,40,45,45,50,50],"damage_taken":[{"damage":1,"enemies":"Jaw Worm","floor":1,"turns":5},{"damage":0,"enemies":"Small Slimes","floor":2,"turns":3},{"damage":2,"enemies":"2 Louse","floor":4,"turns":2},{"damage":22,"enemies":"Gremlin Nob","floor":6,"turns":5},{"damage":8,"enemies":"Large Slime","floor":7,"turns":4},{"damage":18,"enemies":"Lagavulin","floor":8,"turns":3},{"damage":17,"enemies":"3 Sentries","floor":10,"turns":6},{"damage":14,"enemies":"Gremlin Nob","floor":12,"turns":4},{"damage":0,"enemies":"Looter","floor":14,"turns":2},{"damage":4,"enemies":"Slime Boss","floor":16,"turns":6},{"damage":0,"enemies":"Shell Parasite","floor":18,"turns":5},{"damage":24,"enemies":"Slavers","floor":24,"turns":2},{"damage":4,"enemies":"3 Byrds","floor":25,"turns":2},{"damage":7,"enemies":"Snake Plant","floor":27,"turns":4},{"damage":5,"enemies":"Book of Stabbing","floor":28,"turns":6},{"damage":5,"enemies":"Snecko","floor":29,"turns":4},{"damage":11,"enemies":"Gremlin Leader","floor":30,"turns":2},{"damage":0,"enemies":"Centurion and Healer","floor":31,"turns":3},{"damage":27,"enemies":"Collector","floor":33,"turns":8},{"damage":4,"enemies":"Orb Walker","floor":35,"turns":3},{"damage":4,"enemies":"Flame Bruiser 1 Orb","floor":38,"turns":4},{"damage":4,"enemies":"3 Darklings","floor":39,"turns":1},{"damage":11,"enemies":"2 Orb Walkers","floor":40,"turns":4},{"damage":8,"enemies":"Flame Bruiser 2 Orb","floor":41,"turns":3},{"damage":42,"enemies":"Nemesis","floor":42,"turns":7},{"damage":12,"enemies":"Sphere and 2 Shapes","floor":44,"turns":3},{"damage":29,"enemies":"2 Orb Walkers","floor":45,"turns":4},{"damage":0,"enemies":"3 Darklings","floor":46,"turns":1},{"damage":7,"enemies":"Nemesis","floor":48,"turns":3},{"damage":33,"enemies":"Awakened One","floor":50,"turns":9}],"event_choices":[{"event_name":"Golden Wing","player_choice":"Card Removal","floor":5,"damage_taken":0},{"event_name":"World of Goop","player_choice":"Gather Gold","floor":13,"damage_taken":0},{"event_name":"Upgrade Shrine","player_choice":"Upgraded","floor":19,"damage_taken":0},{"event_name":"Back to Basics","player_choice":"Elegance","floor":22,"damage_taken":0},{"event_name":"The Lab","player_choice":"Got Potions","floor":36,"damage_taken":0}],"boss_relics":[{"not_picked":["Black Blood","Orrery"],"picked":"Philosopher\u0027s Stone"},{"not_picked":["Calling Bell","Astrolabe"],"picked":"Mark of Pain"}],"potions_floor_spawned":[2,6,8,12,16,24,27,33,38,39,41,46,48],"seed_played":"4077049829229328409","ascension_level":1,"is_trial":false}