{"path_per_floor":["M","M","M","M","M","R","M","R","T","M","M","R","?","M","R","B",null,"M","?","M"],"character_chosen":"IRONCLAD","items_purchased":[],"gold_per_floor":[118,136,153,166,180,180,192,192,192,206,226,226,226,238,238,341,341,356,356,368],"floor_reached":21,"campfire_rested":0,"playtime":985,"current_hp_per_floor":[80,75,80,80,79,79,80,80,80,80,80,80,80,80,80,33,80,57,57,34],"items_purged":[],"gold":368,"score":177,"play_id":"bac128c0-0f4e-4b98-a8ed-ea1b7d8f1947","is_prod":false,"is_daily":false,"is_ascension_mode":false,"campfire_upgraded":4,"path_taken":["M","M","M","M","M","R","?","R","T","M","?","R","?","M","R","BOSS","M","?","M","M"],"build_version":"2018-02-16-BETA2","purchased_purges":0,"victory":false,"master_deck":["Strike_R","Strike_R","Strike_R","Strike_R","Defend_R","Defend_R","Defend_R","Defend_R","Bash","Iron Wave+1","Clothesline","Sword Boomerang","Iron Wave+1","Thunderclap","Ghostly Armor","Limit Break+1","Entrench","True Grit+1","Berserk","Warcry+1","Shrug It Off+1"],"max_hp_per_floor":[80,80,80,80,80,80,80,80,80,80,80,80,80,80,80,80,80,80,80,80],"relics":["Burning Blood"],"card_choices":[{"not_picked":["Perfected Strike","Twin Strike"],"picked":"Iron Wave"},{"not_picked":["Perfected Strike","Searing Blow"],"picked":"Clothesline"},{"not_picked":["Brutality","Clash"],"picked":"Sword Boomerang"},{"not_picked":["Clash","Perfected Strike"],"picked":"Iron Wave"},{"not_picked":["Searing Blow","Second Wind"],"picked":"Thunderclap"},{"not_picked":["Armaments","Wild Strike"],"picked":"Ghostly Armor"},{"not_picked":["Heavy Blade","Body Slam"],"picked":"Limit Break"},{"not_picked":["Power Through","Warcry"],"picked":"True Grit"},{"not_picked":["Dark Embrace","Exhume"],"picked":"Berserk"},{"not_picked":["Anger","Headbutt"],"picked":"Warcry"},{"not_picked":["True Grit","Hemokinesis"],"picked":"Shrug It Off"}],"player_experience":677896,"potions_floor_usage":[7,16,18],"damage_taken":[{"damage":6,"enemies":"Cultist","floor":1,"turns":3},{"damage":11,"enemies":"Jaw Worm","floor":2,"turns":3},{"damage":0,"enemies":"Small Slimes","floor":3,"turns":4},{"damage":2,"enemies":"Blue Slaver","floor":4,"turns":4},{"damage":7,"enemies":"Looter","floor":5,"turns":3},{"damage":5,"enemies":"3 Louse","floor":7,"turns":2},{"damage":3,"enemies":"2 Fungi Beasts","floor":10,"turns":4},{"damage":0,"enemies":"Large Slime","floor":11,"turns":6},{"damage":5,"enemies":"Looter","floor":14,"turns":3},{"damage":53,"enemies":"Slime Boss","floor":16,"turns":10},{"damage":29,"enemies":"Shell Parasite","floor":18,"turns":16},{"damage":29,"enemies":"3 Byrds","floor":20,"turns":9},{"damage":37,"enemies":"Sentry and Sphere","floor":21,"turns":5}],"event_choices":[{"event_name":"Transmorgrifier","player_choice":"Transform","floor":13,"damage_taken":0},{"event_name":"Addict","player_choice":"Ignored","floor":19,"damage_taken":0}],"boss_relics":[{"not_picked":["Pandora\u0027s Box","Tiny House","Eternal Feather"]}],"potions_floor_spawned":[3,5,11,14],"seed_played":"-8143024145204843059","killed_by":"Sentry and Sphere","ascension_level":0,"is_trial":false}