{"path_per_floor":["M","?","$","?","$","R","T","R","T","R","?","T","R","?","R","B",null,"M","T","M","M","?","R","T","$","T","T","?","?","M","M","R"],"character_chosen":"IRONCLAD","items_purchased":[],"gold_per_floor":[115,190,115,115,15,15,39,39,39,39,39,92,92,52,52,148,148,165,165,178,198,198,198,224,99,122,122,122,122,135,149,149],"floor_reached":33,"campfire_rested":0,"playtime":658,"current_hp_per_floor":[80,69,69,53,53,53,53,53,53,53,53,53,53,53,53,23,80,61,61,52,51,51,51,51,51,51,51,51,43,49,59,59],"items_purged":["Strike_R","Strike_R","Defend_R"],"gold":149,"score":227,"play_id":"c87ff11a-424e-4f25-b80b-b41665218771","is_prod":false,"is_daily":false,"is_ascension_mode":false,"campfire_upgraded":7,"path_taken":["M","?","$","?","?","R","?","R","T","R","?","?","R","?","R","BOSS","M","?","M","M","?","R","?","$","T","?","?","?","M","M","R","BOSS"],"build_version":"2018-02-16-BETA2","purchased_purges":3,"victory":false,"master_deck":["Strike_R+1","Strike_R+1","Defend_R+1","Defend_R+1","Defend_R+1","Bash+1","Feed+1","Whirlwind+1","Flex+1","Double Tap+1"],"max_hp_per_floor":[80,80,80,80,80,80,80,80,80,80,80,80,80,80,80,80,80,83,83,86,86,86,86,86,86,86,86,86,86,86,90,90],"relics":["Burning Blood","Orichalcum","Bag of Preparation","Juzu Bracelet","Tiny Chest","Question Card","Ancient Tea Set","Bag of Marbles","Omamori","Art of War","Unceasing Top"],"card_choices":[{"not_picked":["Dark Embrace","Berserk"],"picked":"Feed"},{"not_picked":["Clothesline","Perfected Strike","Twin Strike"],"picked":"Whirlwind"},{"not_picked":["Feel No Pain","Carnage","Battle Trance"],"picked":"Flex"},{"not_picked":["Thunderclap","Combust","Uppercut"],"picked":"Double Tap"}],"player_experience":684730,"potions_floor_usage":[16,16,16,21,33],"damage_taken":[{"damage":1,"enemies":"2 Louse","floor":1,"turns":2},{"damage":36,"enemies":"Hexaghost","floor":16,"turns":11},{"damage":28,"enemies":"Spheric Guardian","floor":18,"turns":7},{"damage":18,"enemies":"2 Thieves","floor":20,"turns":3},{"damage":7,"enemies":"Snecko","floor":21,"turns":5},{"damage":0,"enemies":"3 Cultists","floor":30,"turns":1},{"damage":0,"enemies":"Centurion and Healer","floor":31,"turns":3},{"damage":69,"enemies":"Automaton","floor":33,"turns":6}],"event_choices":[{"event_name":"World of Goop","player_choice":"Gather Gold","floor":2,"damage_taken":0},{"event_name":"Shining Light","player_choice":"Entered Light","floor":4,"damage_taken":0},{"event_name":"The Cleric","player_choice":"Leave","floor":11,"damage_taken":0},{"event_name":"The Woman in Blue","player_choice":"Bought 3 Potions","floor":14,"damage_taken":0},{"event_name":"The Mausoleum","player_choice":"Yes","floor":22,"damage_taken":0},{"event_name":"Purifier","player_choice":"One Purge","floor":28,"damage_taken":0},{"event_name":"Knowing Skull","player_choice":"","floor":29,"damage_taken":0}],"boss_relics":[{"not_picked":["Black Star","Philosopher\u0027s Stone"],"picked":"Question Card"}],"potions_floor_spawned":[16,21,30],"seed_played":"7598840186070968781","killed_by":"Automaton","ascension_level":0,"is_trial":false}