{"path_per_floor":["M","M","$","M","M","R","M","R","T","R","M","M","T","E","R","B",null,"M","?","?","?","$","R","M","M","T","?","M","R","?","M","R","B",null,"M","$","?","M","?","R","$","R","T","M","M","R","M","M","R","B"],"character_chosen":"IRONCLAD","items_purchased":["Toxic Egg 2"],"gold_per_floor":[116,134,59,70,83,83,103,103,126,126,137,154,154,486,486,581,581,592,517,517,517,161,161,180,197,197,223,243,243,243,259,259,356,356,369,244,244,259,259,259,109,109,109,123,140,140,160,172,172,172],"floor_reached":51,"campfire_rested":1,"playtime":1659,"current_hp_per_floor":[75,78,78,81,75,75,85,85,85,85,92,96,96,95,95,50,104,100,100,78,78,78,78,88,69,69,75,81,81,81,83,83,21,125,124,124,124,125,125,125,125,125,125,125,125,125,90,94,129,79],"items_purged":["Strike_R","Strike_R","Strike_R","Writhe"],"gold":172,"score":551,"play_id":"db060fa2-807f-438b-93cd-25dac287ab32","is_prod":false,"is_daily":false,"is_ascension_mode":false,"campfire_upgraded":9,"path_taken":["M","M","$","M","M","R","M","R","T","R","M","M","?","E","R","BOSS","M","?","?","?","$","R","M","M","T","?","?","R","?","M","R","BOSS","M","$","?","M","?","R","$","R","T","M","M","R","M","?","R","BOSS"],"build_version":"2018-02-16-BETA2","purchased_purges":4,"victory":true,"master_deck":["Defend_R","Defend_R","Defend_R","Defend_R","Bash","Feed+1","Shrug It Off+1","Battle Trance+1","Spot Weakness+1","Whirlwind+1","Limit Break+1","Pummel+1","Seeing Red+1","Twin Strike+1","Offering+1","Shrug It Off+1","Thunderclap+1"],"max_hp_per_floor":[75,78,78,81,84,84,88,88,88,88,92,96,96,100,100,104,104,108,108,113,113,113,113,117,121,121,121,121,121,121,121,121,125,125,125,125,125,125,125,125,125,125,125,125,125,125,125,129,129,133],"relics":["Burning Blood","Bag of Marbles","Bottled Lightning","Old Coin","Mark of Pain","Toxic Egg 2","Shovel","Red Mask","Philosopher\u0027s Stone","Red Skull","Ancient Tea Set"],"card_choices":[{"not_picked":["Reaper","Impervious"],"picked":"Feed"},{"not_picked":["Sword Boomerang","Armaments"],"picked":"Cleave"},{"not_picked":["Blood for Blood","Intimidate"],"picked":"Shrug It Off"},{"not_picked":["Sword Boomerang","Warcry"],"picked":"Battle Trance"},{"not_picked":["Anger","Hemokinesis"],"picked":"Spot Weakness"},{"not_picked":["Cleave","Twin Strike"],"picked":"Whirlwind"},{"not_picked":["Juggernaut","Impervious"],"picked":"Limit Break"},{"not_picked":["Body Slam","Entrench"],"picked":"Pummel"},{"not_picked":["Warcry","Sword Boomerang"],"picked":"Seeing Red"},{"not_picked":["Sentinel","Wild Strike"],"picked":"Twin Strike"},{"not_picked":["Demon Form","Fiend Fire"],"picked":"Offering"},{"not_picked":["Sword Boomerang","Second Wind"],"picked":"Shrug It Off"},{"not_picked":["Shockwave","Blood for Blood"],"picked":"Thunderclap"}],"player_experience":705743,"potions_floor_usage":[7,25,31,33,33,44,50,50],"damage_taken":[{"damage":5,"enemies":"Cultist","floor":1,"turns":4},{"damage":5,"enemies":"Small Slimes","floor":2,"turns":3},{"damage":0,"enemies":"2 Louse","floor":4,"turns":2},{"damage":15,"enemies":"Blue Slaver","floor":5,"turns":6},{"damage":0,"enemies":"Gremlin Gang","floor":7,"turns":2},{"damage":0,"enemies":"Large Slime","floor":11,"turns":4},{"damage":1,"enemies":"Blue Slaver","floor":12,"turns":5},{"damage":11,"enemies":"3 Sentries","floor":14,"turns":5},{"damage":55,"enemies":"The Guardian","floor":16,"turns":10},{"damage":14,"enemies":"Shell Parasite","floor":18,"turns":4},{"damage":0,"enemies":"3 Byrds","floor":24,"turns":3},{"damage":29,"enemies":"Snake Plant","floor":25,"turns":7},{"damage":0,"enemies":"Masked Bandits","floor":27,"turns":1},{"damage":0,"enemies":"3 Cultists","floor":28,"turns":1},{"damage":4,"enemies":"Snecko","floor":31,"turns":4},{"damage":72,"enemies":"Collector","floor":33,"turns":11},{"damage":7,"enemies":"3 Shapes","floor":35,"turns":1},{"damage":4,"enemies":"Flame Bruiser 1 Orb","floor":38,"turns":3},{"damage":0,"enemies":"Sphere and 2 Shapes","floor":44,"turns":1},{"damage":0,"enemies":"4 Shapes","floor":45,"turns":1},{"damage":41,"enemies":"Maw","floor":47,"turns":7},{"damage":6,"enemies":"Spire Growth","floor":48,"turns":4},{"damage":60,"enemies":"Donu and Deca","floor":50,"turns":6}],"event_choices":[{"event_name":"Beggar","player_choice":"Gave Gold","floor":19,"damage_taken":0},{"event_name":"Forgotten Altar","player_choice":"Shed Blood","floor":20,"damage_taken":0},{"event_name":"The Mausoleum","player_choice":"No","floor":21,"damage_taken":0},{"event_name":"Masked Bandits","player_choice":"Fought over 197 gold","floor":27,"damage_taken":0},{"event_name":"Back to Basics","player_choice":"Elegance","floor":30,"damage_taken":0},{"event_name":"Winding Halls","player_choice":"Writhe","floor":39,"damage_taken":0}],"boss_relics":[{"not_picked":["Calling Bell","Runic Cube"],"picked":"Mark of Pain"},{"not_picked":["Snecko Eye","Astrolabe"],"picked":"Philosopher\u0027s Stone"}],"potions_floor_spawned":[2,4,5,11,24,28,31,44,47,48],"seed_played":"-6806215519790724285","ascension_level":0,"is_trial":false}