{"path_per_floor":["M","?","$","?","?","R","E","M","T","R","M","?","$","M","R","B",null,"M","$","M","M","M","R","M","?","T","M","?","R"],"character_chosen":"IRONCLAD","items_purchased":[],"gold_per_floor":[113,113,38,38,38,38,69,87,113,113,123,144,44,56,56,153,153,165,40,55,68,84,84,99,99,167,186,186,186],"floor_reached":30,"campfire_rested":2,"playtime":903,"current_hp_per_floor":[80,68,68,52,57,57,63,69,69,69,74,70,70,77,77,53,85,79,79,61,43,18,43,16,16,16,18,18,43],"items_purged":["Strike_R","Strike_R","Defend_R"],"gold":186,"score":255,"play_id":"02be158b-efbe-424f-8a31-a3d1e2935322","is_prod":false,"is_daily":false,"is_ascension_mode":false,"campfire_upgraded":3,"path_taken":["M","?","$","?","?","R","E","M","T","R","M","?","$","M","R","BOSS","M","$","M","M","M","R","M","?","T","M","?","R","E"],"build_version":"2018-02-16-BETA2","purchased_purges":3,"victory":false,"master_deck":["Strike_R+1","Strike_R+1","Defend_R","Defend_R","Defend_R+1","Bash+1"],"max_hp_per_floor":[80,80,80,80,85,85,85,85,85,85,85,85,85,85,85,85,85,85,85,85,85,85,85,85,85,85,85,85,85],"relics":["Burning Blood","NeowsBlessing","Toolbox","Omamori","Bag of Marbles","Odd Mushroom","Runic Dome","Kunai"],"card_choices":[],"player_experience":692699,"potions_floor_usage":[16,16,16,30],"damage_taken":[{"damage":0,"enemies":"Small Slimes","floor":1,"turns":1},{"damage":0,"enemies":"3 Sentries","floor":7,"turns":2},{"damage":0,"enemies":"2 Louse","floor":8,"turns":1},{"damage":1,"enemies":"Jaw Worm","floor":11,"turns":3},{"damage":10,"enemies":"The Mushroom Lair","floor":12,"turns":4},{"damage":3,"enemies":"2 Fungi Beasts","floor":14,"turns":3},{"damage":30,"enemies":"Slime Boss","floor":16,"turns":16},{"damage":12,"enemies":"2 Thieves","floor":18,"turns":4},{"damage":24,"enemies":"Spheric Guardian","floor":20,"turns":4},{"damage":24,"enemies":"Snake Plant","floor":21,"turns":4},{"damage":31,"enemies":"Sentry and Sphere","floor":22,"turns":5},{"damage":33,"enemies":"Slaver and Parasite","floor":24,"turns":9},{"damage":4,"enemies":"Snecko","floor":27,"turns":6},{"damage":50,"enemies":"Gremlin Leader","floor":30,"turns":5}],"event_choices":[{"event_name":"Scrap Ooze","player_choice":"success","floor":2,"damage_taken":12},{"event_name":"Shining Light","player_choice":"Entered Light","floor":4,"damage_taken":0},{"event_name":"Big Fish","player_choice":"Donut","floor":5,"damage_taken":0},{"event_name":"Mushrooms","player_choice":"Fought Mushrooms","floor":12,"damage_taken":0},{"event_name":"Vampires","player_choice":"Ignored","floor":25,"damage_taken":0},{"event_name":"Back to Basics","player_choice":"Elegance","floor":28,"damage_taken":0}],"boss_relics":[{"not_picked":["Lizard Tail","Black Star"],"picked":"Runic Dome"}],"potions_floor_spawned":[1,8,12,20,22,27],"seed_played":"4789129010894737684","killed_by":"Gremlin Leader","ascension_level":0,"is_trial":false}