{"path_per_floor":["M","?","M","M","M","E","?","E","T","E","M","R","$","M","R","B",null,"M","M","$","?","?","E","R"],"character_chosen":"IRONCLAD","items_purchased":["Iron Wave","Bag of Preparation","Meat on the Bone"],"gold_per_floor":[110,110,129,143,168,207,207,248,274,317,332,332,54,77,77,196,234,252,276,20,20,20,54,54],"floor_reached":25,"campfire_rested":1,"playtime":1065,"current_hp_per_floor":[80,74,74,74,72,58,58,34,34,25,20,20,20,26,48,38,79,70,64,64,64,64,51,51],"items_purged":["Strike_R"],"gold":54,"score":253,"play_id":"8a50af02-d086-4954-ba96-23d333f0c251","is_prod":false,"is_daily":false,"is_ascension_mode":true,"campfire_upgraded":2,"path_taken":["M","?","M","M","M","E","?","E","T","E","?","R","$","M","R","BOSS","M","M","$","?","?","E","R","E"],"build_version":"2018-02-16-BETA2","purchased_purges":1,"victory":false,"master_deck":["Strike_R","Defend_R","Defend_R+1","Defend_R","Defend_R","Bash","Cleave","Uppercut","Demon Form+1","Iron Wave","Clothesline","Armaments+1","Iron Wave","Twin Strike","Reaper","Iron Wave","Sword Boomerang"],"max_hp_per_floor":[80,74,74,74,74,74,74,74,74,74,74,74,74,74,74,74,79,79,79,79,79,79,79,79],"relics":["Burning Blood","Golden Idol","Du-Vu Doll","Bottled Tornado","Bronze Scales","Pen Nib","Bag of Preparation","Tiny House","Meat on the Bone","Sundial"],"card_choices":[{"not_picked":["Corruption","Clash"],"picked":"Cleave"},{"not_picked":["Clash","Sword Boomerang"],"picked":"Uppercut"},{"not_picked":["Iron Wave","Fire Breathing"],"picked":"Demon Form"},{"not_picked":["Clash","Blood for Blood"],"picked":"Iron Wave"},{"not_picked":["Perfected Strike","Armaments"],"picked":"Clothesline"},{"not_picked":["Infernal Blade","Feel No Pain"],"picked":"Armaments"},{"not_picked":["Clothesline","Bludgeon"],"picked":"Twin Strike"},{"not_picked":["Immolate","Offering"],"picked":"Reaper"},{"not_picked":["Metallicize","Wild Strike"],"picked":"Iron Wave"},{"not_picked":["Wild Strike","Perfected Strike"],"picked":"Sword Boomerang"}],"player_experience":647434,"potions_floor_usage":[5,6,10,19,23,23],"damage_taken":[{"damage":0,"enemies":"2 Louse","floor":1,"turns":3},{"damage":6,"enemies":"Jaw Worm","floor":3,"turns":4},{"damage":0,"enemies":"Small Slimes","floor":4,"turns":3},{"damage":8,"enemies":"Red Slaver","floor":5,"turns":6},{"damage":20,"enemies":"Gremlin Nob","floor":6,"turns":5},{"damage":30,"enemies":"3 Sentries","floor":8,"turns":7},{"damage":15,"enemies":"Gremlin Nob","floor":10,"turns":4},{"damage":11,"enemies":"Lots of Slimes","floor":11,"turns":3},{"damage":0,"enemies":"Exordium Wildlife","floor":14,"turns":4},{"damage":16,"enemies":"Slime Boss","floor":16,"turns":6},{"damage":15,"enemies":"3 Byrds","floor":18,"turns":4},{"damage":18,"enemies":"Chosen","floor":19,"turns":6},{"damage":19,"enemies":"Book of Stabbing","floor":23,"turns":5},{"damage":64,"enemies":"Slavers","floor":25,"turns":4}],"event_choices":[{"event_name":"Golden Idol","player_choice":"Lose Max HP","floor":2,"damage_taken":0},{"event_name":"Purifier","player_choice":"One Purge","floor":7,"damage_taken":0},{"event_name":"Back to Basics","player_choice":"Elegance","floor":21,"damage_taken":0},{"event_name":"Drug Dealer","player_choice":"Ignored","floor":22,"damage_taken":0}],"boss_relics":[{"not_picked":["Pandora\u0027s Box","Runic Cube"],"picked":"Tiny House"}],"potions_floor_spawned":[1,4,8,10,14],"seed_played":"-2612107159123329319","killed_by":"Slavers","ascension_level":1,"is_trial":false}