{"path_per_floor":["M","$","M","?","M","R","E","R","T","R","?","M","?","M","R","B",null,"M","?","$","M","?","R","?","M","T","$","M","M","$","?","R","B",null,"M","?","?","?","M","R","M","R","T","M","T","M","R","M","R"],"character_chosen":"IRONCLAD","items_purchased":[],"gold_per_floor":[110,35,50,50,70,70,96,96,96,96,96,108,108,128,128,231,231,231,231,131,101,101,101,101,101,101,101,101,101,101,51,51,51,51,51,0,0,0,0,0,0,0,0,0,0,0,0,0,0],"floor_reached":50,"campfire_rested":2,"playtime":1387,"current_hp_per_floor":[80,80,80,80,80,80,37,37,37,37,63,66,66,72,72,23,80,80,80,80,80,80,80,80,80,80,80,80,80,80,80,80,29,80,80,80,64,54,54,54,54,54,54,39,39,34,58,49,73],"items_purged":["Strike_R","Defend_R"],"gold":0,"score":417,"play_id":"e499e7eb-c4c5-4b0a-9e66-f0a18985bedc","is_prod":false,"is_daily":false,"is_ascension_mode":false,"campfire_upgraded":8,"path_taken":["M","$","M","?","?","R","E","R","T","R","?","M","?","M","R","BOSS","M","?","$","M","?","R","?","M","T","?","M","?","$","?","R","BOSS","M","?","?","?","M","R","M","R","T","M","?","M","R","?","R","BOSS"],"build_version":"2018-02-16-BETA2","purchased_purges":2,"victory":false,"master_deck":["Strike_R","Bash+1","Thunderclap+1","Clash+1","Clash+1","Dropkick+1","Rampage+1","Juggernaut+1","Rampage+1","Sever Soul+1","Madness+1","Madness+1"],"max_hp_per_floor":[80,80,80,80,80,80,80,80,80,80,80,80,80,80,80,80,80,80,80,80,80,80,80,80,80,80,80,80,80,80,80,80,80,80,80,80,80,80,80,80,80,80,80,80,80,80,80,80,80],"relics":["Burning Blood","Meat on the Bone","Thread and Needle","Ectoplasm","Bag of Preparation","Astrolabe","Red Mask","Calipers","Old Coin","Unceasing Top"],"card_choices":[{"not_picked":["Perfected Strike","Body Slam"],"picked":"Thunderclap"},{"not_picked":["Rage","Warcry"],"picked":"Clash"},{"not_picked":["Thunderclap","Pommel Strike"],"picked":"Clash"},{"not_picked":["True Grit","Infernal Blade"],"picked":"Rampage"}],"player_experience":686275,"potions_floor_usage":[16,16,37,50],"damage_taken":[{"damage":4,"enemies":"Jaw Worm","floor":1,"turns":5},{"damage":5,"enemies":"Small Slimes","floor":3,"turns":4},{"damage":1,"enemies":"Cultist","floor":5,"turns":4},{"damage":49,"enemies":"Lagavulin","floor":7,"turns":7},{"damage":3,"enemies":"Large Slime","floor":12,"turns":4},{"damage":0,"enemies":"Red Slaver","floor":14,"turns":3},{"damage":67,"enemies":"Hexaghost","floor":16,"turns":12},{"damage":5,"enemies":"Shell Parasite","floor":18,"turns":4},{"damage":0,"enemies":"2 Thieves","floor":21,"turns":3},{"damage":1,"enemies":"3 Cultists","floor":25,"turns":3},{"damage":0,"enemies":"Snake Plant","floor":28,"turns":2},{"damage":0,"enemies":"Centurion and Healer","floor":29,"turns":3},{"damage":69,"enemies":"Automaton","floor":33,"turns":7},{"damage":5,"enemies":"Orb Walker","floor":35,"turns":2},{"damage":22,"enemies":"Mysterious Sphere","floor":37,"turns":3},{"damage":6,"enemies":"3 Shapes","floor":39,"turns":3},{"damage":6,"enemies":"3 Darklings","floor":41,"turns":3},{"damage":33,"enemies":"4 Shapes","floor":44,"turns":3},{"damage":23,"enemies":"Maw","floor":46,"turns":5},{"damage":27,"enemies":"Sphere and 2 Shapes","floor":48,"turns":2},{"damage":100,"enemies":"Awakened One","floor":50,"turns":5}],"event_choices":[{"event_name":"Liars Game","player_choice":"disagreed","floor":4,"damage_taken":0},{"event_name":"Big Fish","player_choice":"Banana","floor":11,"damage_taken":0},{"event_name":"Living Wall","player_choice":"Forget","floor":13,"damage_taken":0},{"event_name":"The Library","player_choice":"Read","floor":19,"damage_taken":0},{"event_name":"Cursed Tome","player_choice":"Ignored","floor":22,"damage_taken":0},{"event_name":"Purifier","player_choice":"One Purge","floor":24,"damage_taken":0},{"event_name":"The Joust","player_choice":"Bet on Murderer","floor":31,"damage_taken":0},{"event_name":"Tomb of Lord Red Mask","player_choice":"Paid","floor":36,"damage_taken":0},{"event_name":"Mysterious Sphere","player_choice":"Fight","floor":37,"damage_taken":0},{"event_name":"Winding Halls","player_choice":"Embrace Madness","floor":38,"damage_taken":0}],"boss_relics":[{"not_picked":["White Beast Statue","Philosopher\u0027s Stone"],"picked":"Ectoplasm"},{"not_picked":["Eternal Feather","Velvet Choker"],"picked":"Astrolabe"}],"potions_floor_spawned":[7,12,14,16,18,21,33,35,41,48],"seed_played":"4769105889300960028","killed_by":"Awakened One","ascension_level":0,"is_trial":false}