{"path_per_floor":["M","$","M","M","?","E","R","M","T","R","?","$","M","M","R","B",null,"M","?","M","M","$","R","M","E","T","R","?","T","M","M","R","B",null,"M","?","M","M","?","R"],"character_chosen":"IRONCLAD","items_purchased":["Body Slam"],"gold_per_floor":[118,43,63,83,83,113,113,127,127,127,127,27,47,62,62,164,164,119,119,119,119,70,70,70,70,70,70,70,70,70,70,70,70,70,70,70,70,70,70,70],"floor_reached":41,"campfire_rested":4,"playtime":1863,"current_hp_per_floor":[70,70,63,63,38,20,20,20,20,43,36,36,33,33,33,1,58,70,70,64,61,61,61,44,19,19,42,42,42,42,42,65,30,65,34,34,25,3,3,26],"items_purged":["Parasite","Strike_R"],"gold":70,"score":624,"play_id":"be33100f-2a8e-449b-8c4f-3cdbf0ab3371","is_prod":false,"is_daily":false,"is_ascension_mode":true,"campfire_upgraded":3,"path_taken":["M","$","M","M","?","E","R","M","T","R","?","$","M","M","R","BOSS","M","?","?","M","$","R","M","E","T","R","?","?","?","M","R","BOSS","M","?","M","M","?","R","E"],"build_version":"2018-02-08-BETA1","purchased_purges":2,"victory":false,"master_deck":["Strike_R","Strike_R","Defend_R","Defend_R","Defend_R","Bash","Shrug It Off","Flame Barrier+1","Inflame","Warcry+1","Cleave","Armaments+1","Headbutt","Bludgeon","Shockwave+1","Twin Strike","Inflame","Body Slam","Heavy Blade+1","Demon Form","Shrug It Off+1","Seeing Red","True Grit+1","Bludgeon","Battle Trance+1"],"max_hp_per_floor":[80,77,77,77,77,77,77,77,77,77,77,77,77,77,77,77,77,77,77,77,77,77,77,77,77,77,77,77,77,77,77,77,77,77,77,77,77,77,77,77],"relics":["Mark of Pain","Anchor","Calipers","Du-Vu Doll","Ectoplasm","Prayer Wheel","Lantern","War Paint","Runic Cube"],"card_choices":[{"not_picked":["Pommel Strike","Uppercut"],"picked":"Shrug It Off"},{"not_picked":["Sentinel","Warcry"],"picked":"Flame Barrier"},{"not_picked":["Heavy Blade","Pommel Strike"],"picked":"Inflame"},{"not_picked":["Fire Breathing","Second Wind"],"picked":"Warcry"},{"not_picked":["Body Slam","Headbutt"],"picked":"Cleave"},{"not_picked":["True Grit","Wild Strike"],"picked":"Armaments"},{"not_picked":["True Grit","Heavy Blade"],"picked":"Headbutt"},{"not_picked":["Fiend Fire","Exhume"],"picked":"Bludgeon"},{"not_picked":["Armaments","Hemokinesis"],"picked":"Shockwave"},{"not_picked":["Inflame","Sentinel"],"picked":"Twin Strike"},{"not_picked":["Feel No Pain","True Grit"],"picked":"Inflame"},{"not_picked":["Hemokinesis","Entrench"],"picked":"Heavy Blade"},{"not_picked":["Corruption","Combust"],"picked":"Demon Form"},{"not_picked":["Clothesline","Sword Boomerang"],"picked":"Shrug It Off"},{"not_picked":["Headbutt","Dark Embrace"],"picked":"True Grit"},{"not_picked":["Dark Embrace","Fiend Fire"],"picked":"Bludgeon"},{"not_picked":["Body Slam","Armaments"],"picked":"Battle Trance"}],"player_experience":496865,"potions_floor_usage":[6,14,18,33,33,37,38],"damage_taken":[{"damage":2,"enemies":"Jaw Worm","floor":1,"turns":3},{"damage":7,"enemies":"Small Slimes","floor":3,"turns":3},{"damage":0,"enemies":"2 Louse","floor":4,"turns":3},{"damage":18,"enemies":"Lagavulin","floor":6,"turns":6},{"damage":0,"enemies":"Red Slaver","floor":8,"turns":3},{"damage":3,"enemies":"Large Slime","floor":13,"turns":7},{"damage":0,"enemies":"Exordium Thugs","floor":14,"turns":5},{"damage":32,"enemies":"The Guardian","floor":16,"turns":13},{"damage":0,"enemies":"2 Thieves","floor":18,"turns":4},{"damage":6,"enemies":"Shell Parasite","floor":20,"turns":4},{"damage":3,"enemies":"3 Cultists","floor":21,"turns":3},{"damage":17,"enemies":"Sentry and Sphere","floor":24,"turns":5},{"damage":25,"enemies":"Book of Stabbing","floor":25,"turns":5},{"damage":0,"enemies":"Snecko","floor":30,"turns":3},{"damage":0,"enemies":"Centurion and Healer","floor":31,"turns":4},{"damage":35,"enemies":"Automaton","floor":33,"turns":9},{"damage":31,"enemies":"Flame Bruiser 1 Orb","floor":35,"turns":4},{"damage":9,"enemies":"3 Shapes","floor":37,"turns":5},{"damage":22,"enemies":"Spire Growth","floor":38,"turns":4},{"damage":37,"enemies":"2 Orb Walkers","floor":41,"turns":4}],"event_choices":[{"event_name":"Scrap Ooze","player_choice":"success","floor":5,"damage_taken":25},{"event_name":"Golden Wing","player_choice":"Card Removal","floor":11,"damage_taken":0},{"event_name":"Bonfire Elementals","player_choice":"BASIC","floor":19,"damage_taken":0},{"event_name":"Transmorgrifier","player_choice":"Transform","floor":28,"damage_taken":0},{"event_name":"Wheel of Change","player_choice":"Gold","floor":36,"damage_taken":0},{"event_name":"Mysterious Sphere","player_choice":"Ignore","floor":39,"damage_taken":0}],"boss_relics":[{"not_picked":["Pandora\u0027s Box","Orrery"],"picked":"Ectoplasm"},{"not_picked":["Black Star","Velvet Choker"],"picked":"Runic Cube"}],"potions_floor_spawned":[1,3,16,24,25,30,33,35],"seed_played":"-7500110795392513307","killed_by":"2 Orb Walkers","ascension_level":12,"is_trial":false}