{"path_per_floor":["M","M","M","M","M","E","R","E","T","$","R","?","R","M","R","B",null,"M","?","?","$","M","R","M","R","T","?","R","M","E","M","R","B",null,"M","$","M","?","?","R","M","M","T","R","M","E","R","?","R","B"],"character_chosen":"IRONCLAD","items_purchased":["Vajra","Torii","Evolve","Seeing Red"],"gold_per_floor":[111,129,139,156,170,200,200,235,235,160,160,218,218,233,233,330,330,350,350,350,43,63,63,82,82,82,82,82,92,118,136,136,240,240,258,60,80,80,80,80,98,113,194,194,204,233,233,233,233,233],"floor_reached":51,"campfire_rested":0,"playtime":4948,"current_hp_per_floor":[66,72,78,80,80,50,50,44,44,44,44,40,40,47,47,10,63,48,74,74,74,58,58,58,58,58,58,58,80,80,80,80,69,77,80,80,80,70,70,70,80,80,80,80,80,80,80,80,80,50],"items_purged":["Strike_R","Writhe","Defend_R"],"gold":233,"score":659,"play_id":"0af50d87-11c9-4cda-bb5a-94d9e7010a05","is_prod":false,"is_daily":false,"is_ascension_mode":true,"campfire_upgraded":8,"path_taken":["M","M","M","M","M","E","R","E","T","?","R","?","R","M","R","BOSS","M","?","?","$","M","R","M","R","T","?","R","M","E","?","R","BOSS","M","$","M","?","?","R","?","M","T","R","M","E","R","?","R","BOSS"],"build_version":"2018-02-07-BETA1","purchased_purges":3,"victory":true,"master_deck":["Defend_R","Defend_R","Bash","Ghostly Armor","Body Slam+1","Clothesline","Seeing Red+1","Armaments+1","Barricade+1","Shrug It Off","Bite","Bite","Bite","Brutality","Impervious+1","Evolve+1","Seeing Red","Madness+1","Madness+1","Shrug It Off+1"],"max_hp_per_floor":[80,80,80,80,80,80,80,80,80,80,80,80,80,80,80,80,80,80,80,80,80,80,80,80,80,80,80,80,80,80,80,80,80,80,80,80,80,80,80,80,80,80,80,80,80,80,80,80,80,80],"relics":["Black Blood","Orichalcum","Ice Cream","Girya","The Courier","Mark of Pain","Gremlin Horn","Vajra","Torii","Peace Pipe","Meat on the Bone","Tiny Chest","Bottled Flame"],"card_choices":[{"not_picked":["True Grit","Iron Wave"],"picked":"Ghostly Armor"},{"not_picked":["Heavy Blade","Havoc"],"picked":"Body Slam"},{"not_picked":["Corruption","Wild Strike"],"picked":"Clothesline"},{"not_picked":["Pommel Strike","Warcry"],"picked":"Seeing Red"},{"not_picked":["Clash","Bloodletting"],"picked":"Armaments"},{"not_picked":["Double Tap","Dark Embrace"],"picked":"Barricade"},{"not_picked":["Infernal Blade","Armaments"],"picked":"Shrug It Off"},{"not_picked":["Bloodletting","True Grit"],"picked":"Brutality"},{"not_picked":["Bludgeon","Demon Form"],"picked":"Impervious"},{"not_picked":["Sword Boomerang","Twin Strike"],"picked":"Shrug It Off"}],"player_experience":453145,"potions_floor_usage":[6,6,16,29,33,45,50],"damage_taken":[{"damage":12,"enemies":"Blue Slaver","floor":1,"turns":5},{"damage":0,"enemies":"2 Louse","floor":2,"turns":4},{"damage":0,"enemies":"Cultist","floor":3,"turns":3},{"damage":2,"enemies":"Exordium Wildlife","floor":4,"turns":4},{"damage":2,"enemies":"3 Louse","floor":5,"turns":4},{"damage":36,"enemies":"Lagavulin","floor":6,"turns":7},{"damage":14,"enemies":"Gremlin Nob","floor":8,"turns":5},{"damage":12,"enemies":"Gremlin Nob","floor":12,"turns":5},{"damage":1,"enemies":"Exordium Thugs","floor":14,"turns":4},{"damage":45,"enemies":"Slime Boss","floor":16,"turns":12},{"damage":23,"enemies":"Spheric Guardian","floor":18,"turns":5},{"damage":24,"enemies":"3 Byrds","floor":22,"turns":6},{"damage":8,"enemies":"Snecko","floor":24,"turns":4},{"damage":16,"enemies":"Slaver and Parasite","floor":29,"turns":8},{"damage":19,"enemies":"Gremlin Leader","floor":30,"turns":9},{"damage":3,"enemies":"Centurion and Healer","floor":31,"turns":6},{"damage":37,"enemies":"Automaton","floor":33,"turns":14},{"damage":11,"enemies":"Orb Walker","floor":35,"turns":5},{"damage":3,"enemies":"Flame Bruiser 1 Orb","floor":37,"turns":5},{"damage":3,"enemies":"Maw","floor":41,"turns":6},{"damage":5,"enemies":"Spire Growth","floor":42,"turns":5},{"damage":19,"enemies":"3 Darklings","floor":45,"turns":4},{"damage":9,"enemies":"Nemesis","floor":46,"turns":10},{"damage":107,"enemies":"Awakened One","floor":50,"turns":13}],"event_choices":[{"event_name":"Dead Adventurer","player_choice":"Searched \u00273\u0027 times","floor":12,"damage_taken":0},{"event_name":"The Library","player_choice":"Heal","floor":19,"damage_taken":0},{"event_name":"The Mausoleum","player_choice":"Yes","floor":20,"damage_taken":0},{"event_name":"Vampires","player_choice":"Became a vampire (Vial)","floor":27,"damage_taken":0},{"event_name":"Winding Halls","player_choice":"Embrace Madness","floor":38,"damage_taken":0},{"event_name":"Purifier","player_choice":"One Purge","floor":39,"damage_taken":0}],"boss_relics":[{"not_picked":["Orrery","Pandora\u0027s Box"],"picked":"Mark of Pain"},{"not_picked":["Lizard Tail","Calling Bell"],"picked":"Black Blood"}],"potions_floor_spawned":[3,5,8,22,30,31,45,46],"seed_played":"2725373511864271462","ascension_level":6,"is_trial":false}