{"path_per_floor":["M","$","M","M","?","R","M","R","T","$","?","E","R","$","R","B",null,"M","$","?","M","M","R","E","?","T","?","R","M","E","M","R"],"character_chosen":"IRONCLAD","items_purchased":["Whetstone","Flame Barrier","Sword Boomerang"],"gold_per_floor":[118,43,60,73,73,73,92,92,392,143,143,175,175,50,50,149,149,161,41,41,61,78,78,111,111,182,210,210,224,286,299,299],"floor_reached":33,"campfire_rested":0,"playtime":2528,"current_hp_per_floor":[74,74,80,79,79,79,74,74,74,74,58,54,54,54,54,53,73,44,44,44,50,43,43,42,68,68,76,76,80,76,80,80],"items_purged":["Strike_R","Strike_R","Strike_R"],"gold":299,"score":354,"play_id":"7e0eed58-01a2-47b4-80b3-6741d4f0ad69","is_prod":false,"is_daily":false,"is_ascension_mode":true,"campfire_upgraded":7,"path_taken":["M","$","?","M","?","R","M","R","T","$","?","E","R","?","R","BOSS","M","$","?","?","M","R","E","?","T","?","R","M","E","M","R","BOSS"],"build_version":"2018-02-07-BETA1","purchased_purges":3,"victory":false,"master_deck":["Strike_R+1","Strike_R","Defend_R","Defend_R+1","Defend_R+1","Defend_R","Bash+1","Cleave","Shockwave+1","Spot Weakness+1","Shrug It Off+1","Shrug It Off+1","Double Tap","Flame Barrier+1","Sword Boomerang+1","Shrug It Off","Body Slam+1"],"max_hp_per_floor":[80,80,80,80,80,80,80,80,80,80,80,80,80,80,80,80,80,80,80,80,80,80,80,80,80,80,80,80,80,80,80,80],"relics":["Burning Blood","Old Coin","Whetstone","Paper Frog","Runic Dome","Regal Pillow","Gremlin Horn","Red Mask","Tiny Chest"],"card_choices":[{"not_picked":["Clothesline","Heavy Blade"],"picked":"Cleave"},{"not_picked":["Anger","Battle Trance"],"picked":"Shockwave"},{"not_picked":["Second Wind","Twin Strike"],"picked":"Spot Weakness"},{"not_picked":["Carnage","Body Slam"],"picked":"Shrug It Off"},{"not_picked":["Sever Soul","Juggernaut"],"picked":"Shrug It Off"},{"not_picked":["Brutality","Berserk"],"picked":"Double Tap"},{"not_picked":["Heavy Blade","Flex"],"picked":"Shrug It Off"},{"not_picked":["Evolve","Iron Wave"],"picked":"Body Slam"}],"player_experience":446489,"potions_floor_usage":[12,24,24,27,27],"damage_taken":[{"damage":12,"enemies":"Blue Slaver","floor":1,"turns":8},{"damage":0,"enemies":"Small Slimes","floor":3,"turns":3},{"damage":7,"enemies":"2 Louse","floor":4,"turns":2},{"damage":11,"enemies":"Looter","floor":7,"turns":3},{"damage":10,"enemies":"3 Sentries","floor":12,"turns":5},{"damage":7,"enemies":"The Guardian","floor":16,"turns":13},{"damage":35,"enemies":"Chosen","floor":18,"turns":4},{"damage":0,"enemies":"Shell Parasite","floor":21,"turns":5},{"damage":13,"enemies":"Snecko","floor":22,"turns":5},{"damage":7,"enemies":"Book of Stabbing","floor":24,"turns":4},{"damage":1,"enemies":"Masked Bandits","floor":27,"turns":3},{"damage":2,"enemies":"Cultist and Chosen","floor":29,"turns":5},{"damage":10,"enemies":"Gremlin Leader","floor":30,"turns":5},{"damage":0,"enemies":"3 Cultists","floor":31,"turns":4},{"damage":87,"enemies":"Champ","floor":33,"turns":8}],"event_choices":[{"event_name":"Liars Game","player_choice":"disagreed","floor":5,"damage_taken":0},{"event_name":"Shining Light","player_choice":"Entered Light","floor":11,"damage_taken":0},{"event_name":"The Lab","player_choice":"Got Potions","floor":20,"damage_taken":0},{"event_name":"The Library","player_choice":"Heal","floor":25,"damage_taken":0},{"event_name":"Masked Bandits","player_choice":"Fought over 182 gold","floor":27,"damage_taken":0}],"boss_relics":[{"not_picked":["Black Blood","Calling Bell"],"picked":"Runic Dome"}],"potions_floor_spawned":[7,16,18,21,24,30],"seed_played":"446225837049284350","killed_by":"Champ","ascension_level":5,"is_trial":false}