{"path_per_floor":["M","M","$","M","$","R","M","R","T","R","?","?","M","E","R","B",null,"M","?","M","?","T","R","E","M","T","R","M","M","?","M","R","B",null,"M","?","?","?","M","E","R","M","T","M","M","R","?","$","R","B"],"character_chosen":"IRONCLAD","items_purchased":["Searing Blow"],"gold_per_floor":[118,129,90,109,34,34,53,53,53,53,53,53,71,99,99,195,195,195,195,165,165,165,165,165,165,165,165,165,165,165,165,165,165,165,165,165,165,165,165,165,165,165,165,165,165,165,165,65,65,65],"floor_reached":51,"campfire_rested":1,"playtime":2635,"current_hp_per_floor":[63,51,51,51,51,51,51,51,51,51,44,44,40,55,55,13,63,61,61,61,61,61,61,58,58,58,58,60,56,40,48,48,6,62,68,68,68,68,68,67,67,52,52,51,44,44,36,36,75,56],"items_purged":["Strike_R","Strike_R"],"gold":65,"score":866,"play_id":"23097014-8144-478a-8551-d8174530b04c","is_prod":false,"is_daily":false,"is_ascension_mode":true,"campfire_upgraded":9,"path_taken":["M","M","$","M","$","R","M","R","T","R","?","?","M","E","R","BOSS","M","?","M","?","?","R","E","?","T","R","M","M","?","?","R","BOSS","M","?","?","?","?","E","R","M","T","M","?","R","?","$","R","BOSS"],"build_version":"2018-02-08-BETA1","purchased_purges":2,"victory":true,"master_deck":["Strike_R","Defend_R","Defend_R","Defend_R","Bash","Intimidate","Shrug It Off","Searing Blow+9","Flex","Shockwave","Ghostly Armor","Flame Barrier","Battle Trance","Ghostly Armor","Disarm+1","Thunderclap+1","Pommel Strike+1","Shrug It Off"],"max_hp_per_floor":[80,80,80,80,80,80,80,80,80,80,80,80,80,80,80,80,80,80,80,80,80,80,80,80,80,80,80,80,80,80,80,80,80,80,80,80,80,80,80,80,80,80,80,80,80,80,80,80,80,80],"relics":["White Beast Statue","Omamori","Art of War","Ectoplasm","Dream Catcher","Champion Belt","Regal Pillow","Nilry\u0027s Codex","Cursed Key","Red Skull","Pen Nib","Centennial Puzzle"],"card_choices":[{"not_picked":["Reckless Charge","Dropkick"],"picked":"Intimidate"},{"not_picked":["Iron Wave","Whirlwind"],"picked":"Shrug It Off"},{"not_picked":["True Grit","Wild Strike"],"picked":"Flex"},{"not_picked":["Anger","Rampage"],"picked":"Shockwave"},{"not_picked":["Flex","Limit Break"],"picked":"Ghostly Armor"},{"not_picked":["Cleave","Twin Strike"],"picked":"Flame Barrier"},{"not_picked":["Barricade","Reaper"],"picked":"Double Tap"},{"not_picked":["Warcry","Flex"],"picked":"Battle Trance"},{"not_picked":["Cleave","Sword Boomerang"],"picked":"Ghostly Armor"},{"not_picked":["Sword Boomerang","Entrench"],"picked":"Disarm"},{"not_picked":["Reckless Charge","Bloodletting"],"picked":"Thunderclap"},{"not_picked":["Searing Blow","Wild Strike"],"picked":"Pommel Strike"},{"not_picked":["Anger","Heavy Blade"],"picked":"Shrug It Off"}],"player_experience":464633,"potions_floor_usage":[4,7,13,13,14,20,24,25,28,31,33,33,33,40,40,44,50,50],"damage_taken":[{"damage":9,"enemies":"Jaw Worm","floor":1,"turns":5},{"damage":12,"enemies":"Small Slimes","floor":2,"turns":5},{"damage":0,"enemies":"2 Louse","floor":4,"turns":3},{"damage":0,"enemies":"2 Fungi Beasts","floor":7,"turns":3},{"damage":4,"enemies":"Exordium Wildlife","floor":13,"turns":3},{"damage":0,"enemies":"3 Sentries","floor":14,"turns":9},{"damage":42,"enemies":"Hexaghost","floor":16,"turns":10},{"damage":2,"enemies":"3 Byrds","floor":18,"turns":8},{"damage":0,"enemies":"2 Thieves","floor":20,"turns":4},{"damage":18,"enemies":"Book of Stabbing","floor":24,"turns":6},{"damage":0,"enemies":"3 Cultists","floor":25,"turns":5},{"damage":13,"enemies":"Chosen and Byrds","floor":28,"turns":6},{"damage":4,"enemies":"Centurion and Healer","floor":29,"turns":4},{"damage":4,"enemies":"Cultist and Chosen","floor":31,"turns":5},{"damage":42,"enemies":"Champ","floor":33,"turns":10},{"damage":3,"enemies":"3 Darklings","floor":35,"turns":9},{"damage":0,"enemies":"Mysterious Sphere","floor":38,"turns":5},{"damage":0,"enemies":"Orb Walker","floor":39,"turns":1},{"damage":1,"enemies":"2 Orb Walkers","floor":40,"turns":5},{"damage":15,"enemies":"4 Shapes","floor":42,"turns":8},{"damage":1,"enemies":"3 Darklings","floor":44,"turns":9},{"damage":7,"enemies":"Spire Growth","floor":45,"turns":3},{"damage":19,"enemies":"Time Eater","floor":50,"turns":6}],"event_choices":[{"event_name":"Golden Wing","player_choice":"Card Removal","floor":11,"damage_taken":0},{"event_name":"Living Wall","player_choice":"Forget","floor":12,"damage_taken":0},{"event_name":"Bonfire Elementals","player_choice":"BASIC","floor":19,"damage_taken":0},{"event_name":"N\u0027loth","player_choice":"Ignored","floor":21,"damage_taken":0},{"event_name":"Cursed Tome","player_choice":"Obtained Book","floor":30,"damage_taken":0},{"event_name":"Tomb of Lord Red Mask","player_choice":"Ignored","floor":36,"damage_taken":0},{"event_name":"Mysterious Sphere","player_choice":"Fight","floor":38,"damage_taken":0},{"event_name":"Wheel of Change","player_choice":"Damage","floor":47,"damage_taken":0}],"boss_relics":[{"not_picked":["Runic Cube","Runic Pyramid"],"picked":"Ectoplasm"},{"not_picked":["Tiny House","Sozu"],"picked":"Cursed Key"}],"potions_floor_spawned":[1,2,4,7,13,14,16,18,20,24,25,28,29,31,33,35,38,39,40,42,44,45],"seed_played":"-8494820360020570","ascension_level":8,"is_trial":false}