{"path_per_floor":["M","M","M","M","M","R","M","R","T","?","?","R","E","M","R","B",null,"M","M","?","M","M","R","$","R","T","R","$","M","E","?","R","B",null,"M","?","?","M","$","R","M","R","T","$","M","R","M","?","R"],"character_chosen":"IRONCLAD","items_purchased":["Flame Barrier","Body Slam","Whetstone"],"gold_per_floor":[113,133,144,157,169,169,184,184,210,210,210,210,239,255,255,354,354,372,382,382,399,410,410,295,295,295,295,147,167,197,112,112,211,211,227,227,227,240,91,91,110,110,110,110,126,126,141,186,186],"floor_reached":50,"campfire_rested":1,"playtime":2013,"current_hp_per_floor":[80,80,80,79,75,75,80,80,80,73,73,73,59,63,63,38,80,74,69,69,51,57,57,57,57,57,57,57,59,65,65,65,47,80,64,54,54,56,56,56,62,62,62,62,62,62,68,74,88],"items_purged":["Strike_R","Strike_R"],"gold":186,"score":464,"play_id":"1cc2014a-714c-4fb1-a320-e12be75621d8","is_prod":false,"is_daily":false,"is_ascension_mode":false,"campfire_upgraded":11,"path_taken":["M","M","M","M","M","R","M","R","T","?","?","R","E","M","R","BOSS","M","M","?","M","M","R","$","R","T","R","?","?","E","?","R","BOSS","M","?","?","M","$","R","M","R","T","$","M","R","M","?","R","BOSS"],"build_version":"2018-02-16-BETA2","purchased_purges":3,"victory":false,"master_deck":["Strike_R","Defend_R","Defend_R","Defend_R","Defend_R","Bash+1","Battle Trance","Cleave+1","Ghostly Armor","True Grit+1","Thunderclap","Rampage+1","Barricade+1","Impervious","Clothesline+1","Impervious","Flame Barrier+1","Whirlwind+1","Flame Barrier+1","Shrug It Off+1","Body Slam+1","Body Slam+1","Evolve+1","Feed+1","Madness+1","Madness","Metallicize+1","Dual Wield+1"],"max_hp_per_floor":[80,80,80,80,80,80,80,80,80,80,80,80,80,80,80,80,80,80,80,80,80,80,80,80,80,80,80,80,80,80,80,80,80,80,80,80,80,80,80,80,80,80,80,80,84,84,88,88,88],"relics":["Burning Blood","Prayer Wheel","Paper Frog","Runic Dome","Matryoshka","Ginger","Blue Candle","Mark of Pain","Whetstone","Molten Egg 2","Ice Cream","Champion Belt"],"card_choices":[{"not_picked":["Searing Blow","Heavy Blade"],"picked":"Battle Trance"},{"not_picked":["Demon Form","Pommel Strike"],"picked":"Cleave"},{"not_picked":["Bloodletting","Combust"],"picked":"Ghostly Armor"},{"not_picked":["Wild Strike","Body Slam"],"picked":"True Grit"},{"not_picked":["True Grit","Anger"],"picked":"Thunderclap"},{"not_picked":["Clash","Thunderclap"],"picked":"Rampage"},{"not_picked":["Shockwave","Body Slam"],"picked":"Barricade"},{"not_picked":["Offering","Exhume"],"picked":"Impervious"},{"not_picked":["Flex","Fire Breathing"],"picked":"Clothesline"},{"not_picked":["Dual Wield","Seeing Red"],"picked":"Flame Barrier"},{"not_picked":["Perfected Strike","Iron Wave"],"picked":"Whirlwind"},{"not_picked":["Rampage","Rage"],"picked":"Shrug It Off"},{"not_picked":["Immolate","Cleave"],"picked":"Body Slam"},{"not_picked":["Sword Boomerang","Heavy Blade"],"picked":"Evolve"},{"not_picked":["Dark Embrace","Exhume"],"picked":"Feed"},{"not_picked":["Sentinel","Rupture"],"picked":"Metallicize"},{"not_picked":["Thunderclap","Cleave"],"picked":"Dual Wield"}],"player_experience":697643,"potions_floor_usage":[5,7,21,29,30,33,48,48],"damage_taken":[{"damage":0,"enemies":"Small Slimes","floor":1,"turns":4},{"damage":5,"enemies":"Jaw Worm","floor":2,"turns":5},{"damage":1,"enemies":"Cultist","floor":3,"turns":3},{"damage":7,"enemies":"3 Louse","floor":4,"turns":2},{"damage":10,"enemies":"Exordium Thugs","floor":5,"turns":2},{"damage":0,"enemies":"Lots of Slimes","floor":7,"turns":1},{"damage":20,"enemies":"Gremlin Nob","floor":13,"turns":4},{"damage":2,"enemies":"Exordium Wildlife","floor":14,"turns":3},{"damage":31,"enemies":"The Guardian","floor":16,"turns":11},{"damage":12,"enemies":"Shell Parasite","floor":18,"turns":6},{"damage":11,"enemies":"2 Thieves","floor":19,"turns":5},{"damage":39,"enemies":"Slaver and Parasite","floor":21,"turns":6},{"damage":0,"enemies":"Snecko","floor":22,"turns":6},{"damage":4,"enemies":"Chosen and Byrds","floor":29,"turns":8},{"damage":0,"enemies":"Gremlin Leader","floor":30,"turns":5},{"damage":24,"enemies":"Automaton","floor":33,"turns":12},{"damage":22,"enemies":"Flame Bruiser 1 Orb","floor":35,"turns":4},{"damage":4,"enemies":"Orb Walker","floor":38,"turns":4},{"damage":0,"enemies":"3 Darklings","floor":41,"turns":5},{"damage":10,"enemies":"Flame Bruiser 2 Orb","floor":45,"turns":10},{"damage":4,"enemies":"4 Shapes","floor":47,"turns":8},{"damage":0,"enemies":"Mysterious Sphere","floor":48,"turns":4},{"damage":94,"enemies":"Donu and Deca","floor":50,"turns":8}],"event_choices":[{"event_name":"Golden Wing","player_choice":"Card Removal","floor":10,"damage_taken":0},{"event_name":"Living Wall","player_choice":"Forget","floor":11,"damage_taken":0},{"event_name":"Duplicator","player_choice":"One dupe","floor":20,"damage_taken":0},{"event_name":"Addict","player_choice":"Obtained Relic","floor":31,"damage_taken":0},{"event_name":"Winding Halls","player_choice":"Embrace Madness","floor":36,"damage_taken":0},{"event_name":"Tomb of Lord Red Mask","player_choice":"Ignored","floor":37,"damage_taken":0},{"event_name":"Mysterious Sphere","player_choice":"Fight","floor":48,"damage_taken":0}],"boss_relics":[{"not_picked":["Orrery","Eternal Feather"],"picked":"Runic Dome"},{"not_picked":["Velvet Choker","Calling Bell"],"picked":"Mark of Pain"}],"potions_floor_spawned":[1,4,13,19,21,22,45,47],"seed_played":"8669320994300265576","killed_by":"Donu and Deca","ascension_level":0,"is_trial":false}