{"path_per_floor":["M","M","M","M","M","R","E","R","T","?","E","R","M","M","R","B",null,"M","?","$","M","$","E","R","?","T","M","M","R","M","$","R","B",null,"M","?","$","M","M","R","?","R","T","R","$","E","M","T","R","B"],"character_chosen":"IRONCLAD","items_purchased":["Ghostly Armor","Shrug It Off","Thunderclap"],"gold_per_floor":[109,123,138,154,164,164,197,197,247,213,238,238,248,260,260,359,359,374,299,224,242,142,175,175,175,175,189,209,209,228,31,31,131,131,148,148,102,121,134,134,134,134,134,134,81,108,121,146,146,146],"floor_reached":51,"campfire_rested":1,"playtime":2613,"current_hp_per_floor":[56,60,57,41,56,56,44,44,44,44,31,31,27,18,41,41,68,61,61,61,58,58,43,43,43,43,49,55,55,61,61,61,67,75,68,58,58,64,77,77,77,77,77,77,77,68,77,77,77,30],"items_purged":["Strike_R","Strike_R","Strike_R"],"gold":146,"score":1007,"play_id":"f18d2641-f785-4867-8226-f207e820a202","is_prod":false,"is_daily":false,"is_ascension_mode":true,"campfire_upgraded":10,"path_taken":["M","M","M","?","M","R","E","R","T","?","E","R","M","M","R","BOSS","M","?","$","M","?","E","R","?","T","M","M","R","M","$","R","BOSS","M","?","$","M","M","R","?","R","T","R","$","E","M","?","R","BOSS"],"build_version":"2018-02-08-BETA1","purchased_purges":3,"victory":true,"master_deck":["Defend_R","Defend_R","Bash","Shockwave+1","Cleave","Shrug It Off+1","Shrug It Off+1","Seeing Red","Spot Weakness+1","Shrug It Off","Shrug It Off+1","Barricade+1","Sword Boomerang+1","Entrench+1","Double Tap","Ghostly Armor","Juggernaut+1","Entrench+1","Carnage+1","Reaper+1","Body Slam+1","Madness","Madness","Shrug It Off+1","Flame Barrier+1","Thunderclap"],"max_hp_per_floor":[77,77,77,77,77,77,77,77,77,77,77,77,77,77,77,77,77,77,77,77,77,77,77,77,77,77,77,77,77,77,77,77,77,77,77,77,77,77,77,77,77,77,77,77,77,77,77,77,77,77],"relics":["Burning Blood","Self Forming Clay","Happy Flower","Bag of Preparation","Sozu","Bronze Scales","Thread and Needle","Astrolabe","Vajra","Bird Faced Urn","Ancient Tea Set"],"card_choices":[{"not_picked":["Anger","Perfected Strike"],"picked":"Shockwave"},{"not_picked":["Entrench","Pommel Strike"],"picked":"Cleave"},{"not_picked":["Flex","Entrench"],"picked":"Shrug It Off"},{"not_picked":["Intimidate","Flex"],"picked":"Shrug It Off"},{"not_picked":["Second Wind","Bloodletting"],"picked":"Seeing Red"},{"not_picked":["Sword Boomerang","Body Slam"],"picked":"Spot Weakness"},{"not_picked":["Iron Wave","Flex"],"picked":"Shrug It Off"},{"not_picked":["Double Tap","Clothesline"],"picked":"Shrug It Off"},{"not_picked":["Berserk","Impervious"],"picked":"Barricade"},{"not_picked":["Heavy Blade","Body Slam"],"picked":"Sword Boomerang"},{"not_picked":["Dropkick","Dark Embrace"],"picked":"Entrench"},{"not_picked":["Shrug It Off","Havoc"],"picked":"Double Tap"},{"not_picked":["Reaper","Barricade"],"picked":"Juggernaut"},{"not_picked":["Armaments","Perfected Strike"],"picked":"Body Slam"},{"not_picked":["Flex","Searing Blow"],"picked":"Flame Barrier"}],"player_experience":498728,"potions_floor_usage":[5,7,7,16],"damage_taken":[{"damage":22,"enemies":"Blue Slaver","floor":1,"turns":6},{"damage":2,"enemies":"Cultist","floor":2,"turns":4},{"damage":9,"enemies":"Small Slimes","floor":3,"turns":3},{"damage":22,"enemies":"Exordium Thugs","floor":4,"turns":8},{"damage":3,"enemies":"2 Fungi Beasts","floor":5,"turns":5},{"damage":30,"enemies":"Gremlin Nob","floor":7,"turns":5},{"damage":19,"enemies":"Lagavulin","floor":11,"turns":7},{"damage":10,"enemies":"Large Slime","floor":13,"turns":5},{"damage":15,"enemies":"Red Slaver","floor":14,"turns":4},{"damage":18,"enemies":"The Guardian","floor":16,"turns":14},{"damage":13,"enemies":"Chosen","floor":18,"turns":10},{"damage":9,"enemies":"2 Thieves","floor":21,"turns":4},{"damage":21,"enemies":"Gremlin Leader","floor":23,"turns":8},{"damage":0,"enemies":"Chosen and Byrds","floor":27,"turns":8},{"damage":0,"enemies":"Snecko","floor":28,"turns":7},{"damage":0,"enemies":"3 Cultists","floor":30,"turns":5},{"damage":0,"enemies":"Collector","floor":33,"turns":17},{"damage":13,"enemies":"Orb Walker","floor":35,"turns":4},{"damage":0,"enemies":"3 Darklings","floor":38,"turns":7},{"damage":4,"enemies":"Flame Bruiser 2 Orb","floor":39,"turns":7},{"damage":15,"enemies":"Nemesis","floor":46,"turns":7},{"damage":0,"enemies":"Spire Growth","floor":47,"turns":5},{"damage":55,"enemies":"Donu and Deca","floor":50,"turns":10}],"event_choices":[{"event_name":"World of Goop","player_choice":"Left","floor":10,"damage_taken":0},{"event_name":"Beggar","player_choice":"Gave Gold","floor":19,"damage_taken":0},{"event_name":"The Mausoleum","player_choice":"No","floor":25,"damage_taken":0},{"event_name":"Winding Halls","player_choice":"Embrace Madness","floor":36,"damage_taken":0},{"event_name":"Tomb of Lord Red Mask","player_choice":"Ignored","floor":41,"damage_taken":0}],"boss_relics":[{"not_picked":["Runic Dome","Ectoplasm"],"picked":"Sozu"},{"not_picked":["Philosopher\u0027s Stone","Lizard Tail"],"picked":"Astrolabe"}],"potions_floor_spawned":[2,4,5,14,18,21,27,33,38,39,47],"seed_played":"1594677331353274743","ascension_level":12,"is_trial":false}