{"path_per_floor":["M","M","M","M","$","E","M","E","T","?","?","E","M","E","R","B",null,"M","M","M","$","M","R","E","M","T","R","E","$","M","E","R","B",null,"M","$","M","M","M","E","M","E","T","?","?","$","E","M","R","B"],"character_chosen":"IRONCLAD","items_purchased":["Clothesline","Oddly Smooth Stone","Flame Barrier","Gremlin Horn","Whetstone","Regen Potion"],"gold_per_floor":[113,124,142,158,32,59,70,95,119,143,173,206,225,257,257,357,357,375,385,405,121,141,141,169,184,232,232,266,16,32,59,59,161,161,177,52,69,85,100,135,155,189,262,262,262,69,104,114,114,114],"floor_reached":51,"campfire_rested":2,"playtime":3604,"current_hp_per_floor":[80,80,80,80,80,60,50,42,42,39,39,27,46,26,65,39,80,72,80,60,60,76,76,16,11,11,50,46,46,64,62,62,29,80,80,80,80,72,80,58,66,55,55,55,55,55,80,80,80,80],"items_purged":["Strike_R","Strike_R","Strike_R"],"gold":114,"score":714,"play_id":"c9ab0755-a1e1-4534-8bf5-5380a5019a5c","is_prod":false,"is_daily":false,"is_ascension_mode":true,"campfire_upgraded":1,"path_taken":["M","M","M","M","$","E","M","E","T","?","?","E","?","E","R","BOSS","M","M","M","$","M","R","E","M","T","R","E","$","M","E","R","BOSS","M","$","M","M","M","E","M","E","T","?","?","$","E","?","R","BOSS"],"build_version":"2018-02-16-BETA2","purchased_purges":3,"victory":true,"master_deck":["Strike_R","Defend_R","Defend_R","Defend_R","Defend_R","Bash+1","Cleave","Sword Boomerang+1","Pommel Strike","Clothesline","Seeing Red","Reaper+1","Iron Wave","Thunderclap","Impervious","Pummel+1","Shrug It Off+1","Shrug It Off+1","Flame Barrier+1","Shrug It Off+1","Uppercut+1","Body Slam","Armaments+1","Impervious","Shrug It Off","True Grit+1","Pommel Strike+1","Iron Wave+1","Evolve+1"],"max_hp_per_floor":[80,80,80,80,80,80,80,80,80,80,80,80,80,80,80,80,80,80,80,80,80,80,80,80,80,80,80,80,80,80,80,80,80,80,80,80,80,80,80,80,80,80,80,80,80,80,80,80,80,80],"relics":["Burning Blood","Regal Pillow","Shovel","Blood Vial","Odd Mushroom","Lantern","Bottled Lightning","Runic Dome","Oddly Smooth Stone","Dodecahedron","Orichalcum","Ornamental Fan","Gremlin Horn","Bag of Marbles","Paper Frog","Velvet Choker","Bottled Flame","Frozen Egg 2","Mummified Hand","Whetstone","Ice Cream","Self Forming Clay"],"card_choices":[{"not_picked":["Combust","Warcry"],"picked":"Cleave"},{"not_picked":["Clash","Exhume"],"picked":"Sword Boomerang"},{"not_picked":["Iron Wave","Perfected Strike"],"picked":"Pommel Strike"},{"not_picked":["Carnage","Headbutt"],"picked":"Seeing Red"},{"not_picked":["Juggernaut","Body Slam"],"picked":"Reaper"},{"not_picked":["Shockwave","True Grit"],"picked":"Iron Wave"},{"not_picked":["Headbutt","Wild Strike"],"picked":"Thunderclap"},{"not_picked":["Immolate","Double Tap"],"picked":"Impervious"},{"not_picked":["Infernal Blade","Clash"],"picked":"Pummel"},{"not_picked":["Clothesline","Body Slam"],"picked":"Shrug It Off"},{"not_picked":["Flex","Seeing Red"],"picked":"Shrug It Off"},{"not_picked":["Sword Boomerang","Berserk"],"picked":"Shrug It Off"},{"not_picked":["Clash","Warcry"],"picked":"Uppercut"},{"not_picked":["Wild Strike","Armaments"],"picked":"Body Slam"},{"not_picked":["Clothesline","Infernal Blade"],"picked":"Armaments"},{"not_picked":["Offering","Reaper"],"picked":"Impervious"},{"not_picked":["Wild Strike","Havoc"],"picked":"Shrug It Off"},{"not_picked":["Whirlwind","Clash"],"picked":"True Grit"},{"not_picked":["Searing Blow","Thunderclap"],"picked":"Pommel Strike"},{"not_picked":["Sentinel","Warcry"],"picked":"Iron Wave"},{"not_picked":["Searing Blow","Burning Pact"],"picked":"Evolve"}],"player_experience":661243,"potions_floor_usage":[6,8,13,14,16,22,24,33,33,37,42,47,47],"damage_taken":[{"damage":2,"enemies":"2 Louse","floor":1,"turns":3},{"damage":1,"enemies":"Jaw Worm","floor":2,"turns":3},{"damage":0,"enemies":"Small Slimes","floor":3,"turns":2},{"damage":5,"enemies":"Looter","floor":4,"turns":3},{"damage":26,"enemies":"Lagavulin","floor":6,"turns":4},{"damage":16,"enemies":"Large Slime","floor":7,"turns":3},{"damage":14,"enemies":"Gremlin Nob","floor":8,"turns":3},{"damage":11,"enemies":"The Mushroom Lair","floor":10,"turns":4},{"damage":20,"enemies":"3 Sentries","floor":12,"turns":7},{"damage":12,"enemies":"Gremlin Gang","floor":13,"turns":8},{"damage":28,"enemies":"Gremlin Nob","floor":14,"turns":4},{"damage":43,"enemies":"Slime Boss","floor":16,"turns":12},{"damage":19,"enemies":"3 Byrds","floor":18,"turns":6},{"damage":0,"enemies":"Shell Parasite","floor":19,"turns":6},{"damage":30,"enemies":"Cultist and Chosen","floor":20,"turns":8},{"damage":0,"enemies":"Chosen and Byrds","floor":22,"turns":5},{"damage":75,"enemies":"Gremlin Leader","floor":24,"turns":12},{"damage":25,"enemies":"3 Cultists","floor":25,"turns":6},{"damage":20,"enemies":"Slavers","floor":28,"turns":7},{"damage":0,"enemies":"Centurion and Healer","floor":30,"turns":11},{"damage":23,"enemies":"Gremlin Leader","floor":31,"turns":9},{"damage":49,"enemies":"Automaton","floor":33,"turns":15},{"damage":0,"enemies":"Flame Bruiser 1 Orb","floor":35,"turns":5},{"damage":5,"enemies":"3 Shapes","floor":37,"turns":5},{"damage":19,"enemies":"Maw","floor":38,"turns":10},{"damage":0,"enemies":"3 Darklings","floor":39,"turns":3},{"damage":36,"enemies":"Giant Head","floor":40,"turns":10},{"damage":0,"enemies":"Spire Growth","floor":41,"turns":5},{"damage":19,"enemies":"Nemesis","floor":42,"turns":8},{"damage":8,"enemies":"2 Orb Walkers","floor":47,"turns":7},{"damage":0,"enemies":"4 Shapes","floor":48,"turns":5},{"damage":1,"enemies":"Time Eater","floor":50,"turns":12}],"event_choices":[{"event_name":"Mushrooms","player_choice":"Fought Mushrooms","floor":10,"damage_taken":0},{"event_name":"Dead Adventurer","player_choice":"Searched \u00271\u0027 times","floor":11,"damage_taken":0},{"event_name":"Tomb of Lord Red Mask","player_choice":"Ignored","floor":45,"damage_taken":0}],"boss_relics":[{"not_picked":["Runic Pyramid","Orrery"],"picked":"Runic Dome"},{"not_picked":["Black Star","Lizard Tail"],"picked":"Velvet Choker"}],"potions_floor_spawned":[1,3,8,12,14,16,20,25,31,33,39,40,42,48],"seed_played":"-8040394413046569459","ascension_level":1,"is_trial":false}