{"path_per_floor":["M","M","M","M","M","R","?","R","T","M","R","$","M","$","R","B",null,"M","$","$","M","?","R","M","M","T","M","R","$","R","M","R"],"character_chosen":"IRONCLAD","items_purchased":[],"gold_per_floor":[12,27,44,58,69,69,144,144,171,191,191,116,134,34,34,130,130,150,25,25,45,45,45,65,77,77,95,95,95,95,113,113],"floor_reached":33,"campfire_rested":3,"playtime":817,"current_hp_per_floor":[80,80,80,47,53,53,42,42,42,30,54,54,60,60,60,33,80,78,78,78,60,60,60,39,35,35,41,41,41,65,68,80],"items_purged":["Strike_R","Strike_R","Defend_R"],"gold":113,"score":241,"play_id":"25f071b3-6a3a-4f92-9ca5-8f0b1bfd982e","is_prod":false,"is_daily":false,"is_ascension_mode":false,"campfire_upgraded":5,"path_taken":["M","M","M","M","M","R","?","R","T","M","R","$","M","$","R","BOSS","M","?","$","M","?","R","?","M","T","?","R","?","R","M","R","BOSS"],"build_version":"2018-02-16-BETA2","purchased_purges":3,"victory":false,"master_deck":["Strike_R","Defend_R+1","Defend_R+1","Bash+1","Whirlwind+1","Thunderclap+1","Bloodletting+1"],"max_hp_per_floor":[80,80,80,80,80,80,80,80,80,80,80,80,80,80,80,80,80,80,80,80,80,80,80,80,80,80,80,80,80,80,80,80],"relics":["Burning Blood","Prayer Wheel","Velvet Choker"],"card_choices":[{"not_picked":["Body Slam","Havoc"],"picked":"Whirlwind"},{"not_picked":["Sever Soul","Clash"],"picked":"Thunderclap"},{"not_picked":["Iron Wave","Sword Boomerang"],"picked":"Bloodletting"}],"player_experience":687662,"potions_floor_usage":[13,18,25],"damage_taken":[{"damage":0,"enemies":"2 Louse","floor":1,"turns":3},{"damage":6,"enemies":"Jaw Worm","floor":2,"turns":5},{"damage":4,"enemies":"Small Slimes","floor":3,"turns":4},{"damage":39,"enemies":"Exordium Wildlife","floor":4,"turns":7},{"damage":0,"enemies":"Lots of Slimes","floor":5,"turns":1},{"damage":18,"enemies":"Exordium Thugs","floor":10,"turns":3},{"damage":0,"enemies":"Gremlin Gang","floor":13,"turns":2},{"damage":33,"enemies":"Slime Boss","floor":16,"turns":8},{"damage":8,"enemies":"2 Thieves","floor":18,"turns":2},{"damage":24,"enemies":"Shell Parasite","floor":21,"turns":4},{"damage":27,"enemies":"Centurion and Healer","floor":24,"turns":3},{"damage":10,"enemies":"Sentry and Sphere","floor":25,"turns":3},{"damage":0,"enemies":"3 Cultists","floor":27,"turns":3},{"damage":3,"enemies":"Centurion and Healer","floor":31,"turns":3},{"damage":95,"enemies":"Champ","floor":33,"turns":9}],"event_choices":[{"event_name":"World of Goop","player_choice":"Gather Gold","floor":7,"damage_taken":0},{"event_name":"Back to Basics","player_choice":"Elegance","floor":22,"damage_taken":0}],"boss_relics":[{"not_picked":["Sozu","Runic Cube"],"picked":"Velvet Choker"}],"potions_floor_spawned":[1,5,16,18,27,31],"seed_played":"5552280411005832893","killed_by":"Champ","ascension_level":0,"is_trial":false}