{"path_per_floor":["M","M","?","M","M","R","M","M","T","T","R","M","?","M","R","B",null,"M","$","M","M","?","?","R","M","T","M","M"],"character_chosen":"IRONCLAD","items_purchased":["Blood for Blood","Disarm"],"gold_per_floor":[115,133,133,149,163,163,179,194,194,194,194,208,238,249,249,350,350,339,161,172,187,187,187,187,200,200,212,227],"floor_reached":29,"campfire_rested":0,"playtime":1236,"current_hp_per_floor":[80,80,80,80,73,73,79,78,78,78,78,79,79,80,80,51,80,80,80,57,22,48,48,48,39,39,39,15],"items_purged":["Strike_R"],"gold":227,"score":223,"play_id":"c3bce604-d341-4a84-a8e7-73c6a89bb61e","is_prod":false,"is_daily":false,"is_ascension_mode":false,"campfire_upgraded":4,"path_taken":["M","M","?","M","M","R","M","M","T","?","R","?","?","M","R","BOSS","M","$","M","M","?","?","R","M","T","M","M","M"],"build_version":"2018-02-16-BETA2","purchased_purges":1,"victory":false,"master_deck":["Strike_R","Strike_R","Defend_R","Defend_R","Defend_R","Defend_R","Bash","Impervious","Whirlwind+1","Armaments+1","Shrug It Off+1","Thunderclap","Ghostly Armor","Flame Barrier+1","Demon Form","Uppercut","Blood for Blood","Disarm","Rampage+1","Warcry","Thunderclap+1"],"max_hp_per_floor":[80,80,80,80,80,80,80,80,80,80,80,80,80,80,80,80,80,80,80,80,80,80,80,80,80,80,80,80],"relics":["Burning Blood"],"card_choices":[{"not_picked":["Feel No Pain","Clothesline"],"picked":"Impervious"},{"not_picked":["Flex","True Grit"],"picked":"Whirlwind"},{"not_picked":["Warcry","Rupture"],"picked":"Armaments"},{"not_picked":["Clash","True Grit"],"picked":"Shrug It Off"},{"not_picked":["Carnage","Power Through"],"picked":"Thunderclap"},{"not_picked":["Combust","Warcry"],"picked":"Ghostly Armor"},{"not_picked":["Corruption","Second Wind"],"picked":"Flame Barrier"},{"not_picked":["Immolate","Brutality"],"picked":"Demon Form"},{"not_picked":["Rupture","Infernal Blade"],"picked":"Uppercut"},{"not_picked":["Sword Boomerang","Warcry"],"picked":"Rampage"},{"not_picked":["Clash","Sword Boomerang"],"picked":"Thunderclap"}],"player_experience":679316,"potions_floor_usage":[7,12,16,18,21,21,28],"damage_taken":[{"damage":2,"enemies":"2 Louse","floor":1,"turns":4},{"damage":1,"enemies":"Cultist","floor":2,"turns":4},{"damage":6,"enemies":"Jaw Worm","floor":4,"turns":2},{"damage":13,"enemies":"Exordium Wildlife","floor":5,"turns":4},{"damage":0,"enemies":"Lots of Slimes","floor":7,"turns":2},{"damage":7,"enemies":"2 Fungi Beasts","floor":8,"turns":4},{"damage":5,"enemies":"Exordium Thugs","floor":12,"turns":3},{"damage":0,"enemies":"3 Louse","floor":14,"turns":2},{"damage":35,"enemies":"Slime Boss","floor":16,"turns":14},{"damage":6,"enemies":"2 Thieves","floor":18,"turns":4},{"damage":29,"enemies":"Shell Parasite","floor":20,"turns":8},{"damage":56,"enemies":"Cultist and Chosen","floor":21,"turns":8},{"damage":15,"enemies":"Centurion and Healer","floor":25,"turns":14},{"damage":6,"enemies":"Snecko","floor":27,"turns":6},{"damage":30,"enemies":"Cultist and Chosen","floor":28,"turns":7},{"damage":15,"enemies":"3 Cultists","floor":29,"turns":3}],"event_choices":[{"event_name":"Accursed Blacksmith","player_choice":"Forge","floor":3,"damage_taken":0},{"event_name":"Dead Adventurer","player_choice":"Searched \u00271\u0027 times","floor":13,"damage_taken":0},{"event_name":"The Library","player_choice":"Heal","floor":22,"damage_taken":0},{"event_name":"Transmorgrifier","player_choice":"Transform","floor":23,"damage_taken":0}],"boss_relics":[{"not_picked":["Pandora\u0027s Box","Tiny House","Eternal Feather"]}],"potions_floor_spawned":[1,4,8,12,18,20,27],"seed_played":"-8276738946024698557","killed_by":"3 Cultists","ascension_level":0,"is_trial":false}