{"path_per_floor":["M","M","?","$","?","E","M","E","T","M","$","R","M","M","R","B",null,"M","M","$","M","$","R","E","R","T","?","M","M","R","?","R","B",null,"M","M","M","M","M","R","M","$","T","M","$","?","R","M","R","B"],"character_chosen":"IRONCLAD","items_purchased":["Omamori"],"gold_per_floor":[148,163,113,38,38,65,85,115,115,131,31,31,41,61,61,158,158,175,195,195,207,82,82,114,114,165,165,175,190,190,190,190,290,290,306,321,335,351,370,370,385,235,535,554,227,0,0,13,13,13],"floor_reached":51,"campfire_rested":2,"playtime":1986,"current_hp_per_floor":[80,79,79,79,62,48,48,37,37,37,37,37,35,34,34,9,85,57,48,48,48,48,48,30,30,30,14,13,13,40,70,70,24,90,89,87,66,50,42,42,34,34,34,24,24,24,24,23,50,5],"items_purged":["Strike_R","Strike_R","Bash","Impervious","Headbutt"],"gold":13,"score":583,"play_id":"48e0f654-c5d3-47b2-b801-c5894023785e","is_prod":false,"is_daily":false,"is_ascension_mode":false,"campfire_upgraded":3,"path_taken":["M","M","?","$","?","E","M","E","T","?","$","R","M","M","R","BOSS","M","M","$","M","$","R","E","R","T","?","M","M","R","?","R","BOSS","M","M","M","M","M","R","M","$","T","M","$","?","R","M","R","BOSS"],"build_version":"2018-02-16-BETA2","purchased_purges":5,"victory":true,"master_deck":["Rampage+1","Uppercut+1","Ghostly Armor","Berserk+1","Ghostly Armor+1"],"max_hp_per_floor":[85,85,85,85,85,85,85,85,85,85,85,85,85,85,85,85,85,85,85,85,85,85,85,85,85,85,90,90,90,90,90,90,90,90,90,90,90,90,90,90,90,90,90,90,90,90,90,90,90,90],"relics":["Tiny House","Frozen Egg 2","Happy Flower","Torii","Runic Dome","Peace Pipe","Juzu Bracelet","Astrolabe","Old Coin","Omamori","Red Mask"],"card_choices":[{"not_picked":["Clothesline","Perfected Strike"],"picked":"Headbutt"},{"not_picked":["Havoc","Clash"],"picked":"Rampage"},{"not_picked":["Havoc","Perfected Strike"],"picked":"Uppercut"},{"not_picked":["Sentinel","Clothesline"],"picked":"Ghostly Armor"},{"not_picked":["Rampage","Blood for Blood"],"picked":"Ghostly Armor"}],"player_experience":695073,"potions_floor_usage":[48],"damage_taken":[{"damage":5.0,"enemies":"Small Slimes","floor":1.0,"turns":4.0},{"damage":1.0,"enemies":"2 Louse","floor":2.0,"turns":3.0},{"damage":14.0,"enemies":"3 Sentries","floor":6.0,"turns":7.0},{"damage":0.0,"enemies":"Cultist","floor":7.0,"turns":3.0},{"damage":11.0,"enemies":"Lagavulin","floor":8.0,"turns":5.0},{"damage":15.0,"enemies":"Large Slime","floor":10.0,"turns":6.0},{"damage":2.0,"enemies":"Exordium Thugs","floor":13.0,"turns":4.0},{"damage":1.0,"enemies":"Blue Slaver","floor":14.0,"turns":3.0},{"damage":25.0,"enemies":"Hexaghost","floor":16.0,"turns":8.0},{"damage":28.0,"enemies":"3 Byrds","floor":18.0,"turns":6.0},{"damage":9.0,"enemies":"2 Thieves","floor":19.0,"turns":3.0},{"damage":0.0,"enemies":"3 Cultists","floor":21.0,"turns":5.0},{"damage":18.0,"enemies":"Slavers","floor":24.0,"turns":8.0},{"damage":1.0,"enemies":"Snake Plant","floor":28.0,"turns":3.0},{"damage":0.0,"enemies":"Centurion and Healer","floor":29.0,"turns":5.0},{"damage":46.0,"enemies":"Collector","floor":33.0,"turns":10.0},{"damage":1.0,"enemies":"Orb Walker","floor":35.0,"turns":3.0},{"damage":2.0,"enemies":"3 Darklings","floor":36.0,"turns":8.0},{"damage":21.0,"enemies":"Spire Growth","floor":37.0,"turns":4.0},{"damage":16.0,"enemies":"Flame Bruiser 2 Orb","floor":38.0,"turns":6.0},{"damage":8.0,"enemies":"4 Shapes","floor":39.0,"turns":6.0},{"damage":8.0,"enemies":"3 Darklings","floor":41.0,"turns":6.0},{"damage":10.0,"enemies":"Sphere and 2 Shapes","floor":44.0,"turns":5.0},{"damage":1,"enemies":"Flame Bruiser 2 Orb","floor":48,"turns":5},{"damage":45,"enemies":"Time Eater","floor":50,"turns":10}],"event_choices":[{"event_name":"The Cleric","player_choice":"Card Removal","floor":3.0,"damage_taken":0.0},{"event_name":"Shining Light","player_choice":"Entered Light","floor":5.0,"damage_taken":0.0},{"event_name":"Forgotten Altar","player_choice":"Shed Blood","floor":27.0,"damage_taken":0.0},{"event_name":"The Library","player_choice":"Heal","floor":31.0,"damage_taken":0.0},{"event_name":"Tomb of Lord Red Mask","player_choice":"Paid","floor":46.0,"damage_taken":0.0}],"boss_relics":[],"potions_floor_spawned":[7,8,14,19,24,29,36,37,44],"seed_played":"8096797742914898342","ascension_level":0,"is_trial":false}