{"path_per_floor":["M","M","M","M","M","E","R","?","T","M","R","?","R","M","R","B",null,"M","M","?","$","M","E","R","E","T","R","?","M","R","?","R"],"character_chosen":"IRONCLAD","items_purchased":["Bag of Marbles","Anchor"],"gold_per_floor":[117,130,142,156,126,158,158,186,240,252,252,217,217,231,231,330,330,330,330,330,29,29,29,29,29,29,29,29,29,29,29,29],"floor_reached":33,"campfire_rested":1,"playtime":2692,"current_hp_per_floor":[56,37,36,28,32,9,9,14,14,20,20,20,20,28,54,36,76,79,63,63,63,69,53,53,58,58,58,42,50,50,50,50],"items_purged":[],"gold":29,"score":464,"play_id":"d52b0935-5ebd-426e-b770-526773aa0307","is_prod":false,"is_daily":false,"is_ascension_mode":true,"campfire_upgraded":7,"path_taken":["M","M","M","M","M","E","R","?","T","M","R","?","R","M","R","BOSS","M","M","?","?","M","E","R","E","T","R","?","?","R","?","R","BOSS"],"build_version":"2018-02-08-BETA1","purchased_purges":1,"victory":false,"master_deck":["Defend_R","Defend_R","Defend_R","Defend_R","Bash","Flex+1","Armaments+1","Shrug It Off+1","Feed+1","Shrug It Off+1","Whirlwind+1","Ghostly Armor+1","Impervious","Blood for Blood+1","Thunderclap+1","Bite+1","Bite","Bite","Bite","Cleave+1","Battle Trance"],"max_hp_per_floor":[80,80,80,80,80,83,83,86,86,89,89,89,89,89,89,89,89,92,92,92,92,95,95,95,95,95,95,95,95,95,95,95],"relics":["Burning Blood","Odd Mushroom","Lantern","Ectoplasm","Bag of Marbles","Anchor","Bottled Lightning","Whetstone","Prayer Wheel","Nilry\u0027s Codex"],"card_choices":[{"not_picked":["Wild Strike","Feel No Pain"],"picked":"Flex"},{"not_picked":["Power Through","Sword Boomerang"],"picked":"Armaments"},{"not_picked":["Heavy Blade","True Grit"],"picked":"Shrug It Off"},{"not_picked":["Iron Wave","Thunderclap"],"picked":"Feed"},{"not_picked":["Juggernaut","Corruption"],"picked":"Shrug It Off"},{"not_picked":["Headbutt","Combust"],"picked":"Whirlwind"},{"not_picked":["Power Through","Spot Weakness"],"picked":"Ghostly Armor"},{"not_picked":["Fiend Fire","Berserk"],"picked":"Impervious"},{"not_picked":["Warcry","Headbutt"],"picked":"Blood for Blood"},{"not_picked":["Armaments","Intimidate"],"picked":"Thunderclap"},{"not_picked":["Clothesline","Armaments"],"picked":"Cleave"},{"not_picked":["Spot Weakness","Evolve"],"picked":"Battle Trance"}],"player_experience":473119,"potions_floor_usage":[4,6,8,10,16,23,33,33,33],"damage_taken":[{"damage":22,"enemies":"Blue Slaver","floor":1,"turns":9},{"damage":25,"enemies":"Jaw Worm","floor":2,"turns":7},{"damage":7,"enemies":"Small Slimes","floor":3,"turns":5},{"damage":14,"enemies":"Exordium Wildlife","floor":4,"turns":6},{"damage":2,"enemies":"Looter","floor":5,"turns":4},{"damage":32,"enemies":"3 Sentries","floor":6,"turns":13},{"damage":6,"enemies":"The Mushroom Lair","floor":8,"turns":5},{"damage":5,"enemies":"Exordium Thugs","floor":10,"turns":6},{"damage":0,"enemies":"2 Fungi Beasts","floor":14,"turns":2},{"damage":26,"enemies":"The Guardian","floor":16,"turns":16},{"damage":8,"enemies":"Chosen","floor":18,"turns":7},{"damage":24,"enemies":"Shell Parasite","floor":19,"turns":7},{"damage":17,"enemies":"Snake Plant","floor":22,"turns":7},{"damage":35,"enemies":"Gremlin Leader","floor":23,"turns":6},{"damage":7,"enemies":"Slavers","floor":25,"turns":3},{"damage":0,"enemies":"Chosen and Byrds","floor":29,"turns":2},{"damage":81,"enemies":"Automaton","floor":33,"turns":10}],"event_choices":[{"event_name":"Mushrooms","player_choice":"Fought Mushrooms","floor":8,"damage_taken":0},{"event_name":"World of Goop","player_choice":"Left","floor":12,"damage_taken":0},{"event_name":"Vampires","player_choice":"Became a vampire (Vial)","floor":20,"damage_taken":0},{"event_name":"Cursed Tome","player_choice":"Obtained Book","floor":28,"damage_taken":0},{"event_name":"Back to Basics","player_choice":"Elegance","floor":31,"damage_taken":0}],"boss_relics":[{"not_picked":["Sozu","Mark of Pain"],"picked":"Ectoplasm"}],"potions_floor_spawned":[2,3,6,8,10,18,22,23,29],"seed_played":"1767237531802862280","killed_by":"Automaton","ascension_level":9,"is_trial":false}