{"path_per_floor":["M","?","M","M","$","R","E","R","T","R","$","E","R","M","R","B",null,"M","M","?","$","M","E","R","E","T","M","M","M","$","E","R"],"character_chosen":"IRONCLAD","items_purchased":["Rampage"],"gold_per_floor":[111,111,122,139,62,62,91,91,144,144,69,97,97,112,112,212,212,223,239,239,139,158,193,193,219,246,262,276,291,166,196,196],"floor_reached":33,"campfire_rested":3,"playtime":1117,"current_hp_per_floor":[77,70,70,70,70,70,62,62,62,62,62,55,55,55,79,79,80,80,71,80,80,72,34,58,37,37,27,24,27,27,12,36],"items_purged":["Strike_R","Strike_R","Strike_R"],"gold":196,"score":365,"play_id":"11bb46b2-9263-4c13-b62d-545ef798a761","is_prod":false,"is_daily":false,"is_ascension_mode":false,"campfire_upgraded":4,"path_taken":["M","?","M","M","$","R","E","R","T","R","$","E","R","M","R","BOSS","M","M","?","$","M","E","R","E","T","M","M","M","$","E","R","BOSS"],"build_version":"2018-02-16-BETA2","purchased_purges":3,"victory":false,"master_deck":["Strike_R","Defend_R+1","Defend_R","Defend_R+1","Defend_R+1","Bash+1","Uppercut+1","Rampage+1"],"max_hp_per_floor":[80,80,80,80,80,80,80,80,80,80,80,80,80,80,80,80,80,80,80,80,80,80,80,80,80,80,80,80,80,80,80,80],"relics":["Snecko Eye","Prayer Wheel","Tiny Chest","Paper Frog","White Beast Statue","Ornamental Fan","War Paint","Bronze Scales","Vajra"],"card_choices":[{"not_picked":["Hemokinesis","Clothesline"],"picked":"Uppercut"}],"player_experience":693602,"potions_floor_usage":[12,16,19,22,23,27,27,28,29,31],"damage_taken":[{"damage":3,"enemies":"Jaw Worm","floor":1,"turns":3},{"damage":0,"enemies":"2 Louse","floor":3,"turns":2},{"damage":0,"enemies":"Small Slimes","floor":4,"turns":2},{"damage":8,"enemies":"3 Sentries","floor":7,"turns":5},{"damage":13,"enemies":"Gremlin Nob","floor":12,"turns":4},{"damage":0,"enemies":"2 Fungi Beasts","floor":14,"turns":2},{"damage":0,"enemies":"Slime Boss","floor":16,"turns":5},{"damage":0,"enemies":"Spheric Guardian","floor":18,"turns":3},{"damage":9,"enemies":"2 Thieves","floor":19,"turns":3},{"damage":8,"enemies":"Snake Plant","floor":22,"turns":5},{"damage":38,"enemies":"Book of Stabbing","floor":23,"turns":6},{"damage":21,"enemies":"Gremlin Leader","floor":25,"turns":7},{"damage":10,"enemies":"3 Cultists","floor":27,"turns":5},{"damage":3,"enemies":"Slaver and Parasite","floor":28,"turns":6},{"damage":0,"enemies":"Snake Plant","floor":29,"turns":2},{"damage":15,"enemies":"Book of Stabbing","floor":31,"turns":5},{"damage":44,"enemies":"Collector","floor":33,"turns":3}],"event_choices":[{"event_name":"Golden Wing","player_choice":"Card Removal","floor":2,"damage_taken":0},{"event_name":"The Library","player_choice":"Heal","floor":20,"damage_taken":0}],"boss_relics":[{"not_picked":["Calling Bell","Orrery"],"picked":"White Beast Statue"}],"potions_floor_spawned":[1,4,7,18,19,22,23,25,27,28,29,31],"seed_played":"4078767897776065095","killed_by":"Collector","ascension_level":0,"is_trial":false}