{"path_per_floor":["M","$","M","?","M","R","?","M","T","?","R","T","M","$","R","B",null,"M","M","?","$","?","R","M","R","T"],"character_chosen":"IRONCLAD","items_purchased":["Toxic Egg 2"],"gold_per_floor":[115,40,57,7,24,24,99,109,109,109,109,409,429,87,87,158,158,140,157,157,32,32,32,50,50,50],"floor_reached":27,"campfire_rested":0,"playtime":935,"current_hp_per_floor":[73,72,72,72,71,71,60,65,65,54,54,54,60,60,60,26,61,61,48,48,48,48,48,10,10,10],"items_purged":["Parasite","Strike_R","Strike_R"],"gold":50,"score":352,"play_id":"5baedc1e-89c1-47aa-9a59-947d6a9e3993","is_prod":false,"is_daily":false,"is_ascension_mode":true,"campfire_upgraded":5,"path_taken":["M","$","M","?","M","R","?","M","T","?","R","?","M","$","R","BOSS","M","M","?","$","?","R","M","R","T","M"],"build_version":"2018-02-08-BETA1","purchased_purges":4,"victory":false,"master_deck":["Defend_R","Defend_R","Defend_R","Bash","Flame Barrier+1","Flame Barrier+1","Pommel Strike+1","Pommel Strike+1","Disarm+1","Pummel+1","Double Tap+1","Fiend Fire+1","Infernal Blade+1"],"max_hp_per_floor":[75,72,72,72,72,72,72,72,72,72,72,72,72,72,72,72,72,72,72,72,72,72,72,72,72,72],"relics":["Burning Blood","Mummified Hand","Old Coin","Toxic Egg 2","Astrolabe","Torii"],"card_choices":[{"not_picked":["Warcry","True Grit"],"picked":"Flame Barrier"},{"not_picked":["Reaper","Rupture"],"picked":"Flame Barrier"},{"not_picked":["Armaments","Dropkick"],"picked":"Pommel Strike"},{"not_picked":["Clash","Wild Strike"],"picked":"Pommel Strike"},{"not_picked":["Wild Strike","Power Through"],"picked":"Disarm"},{"not_picked":["Clothesline","Dropkick"],"picked":"Infernal Blade"}],"player_experience":522479,"potions_floor_usage":[8,19,24,27],"damage_taken":[{"damage":1,"enemies":"Cultist","floor":1,"turns":4},{"damage":0,"enemies":"2 Louse","floor":3,"turns":3},{"damage":7,"enemies":"Small Slimes","floor":5,"turns":4},{"damage":1,"enemies":"3 Louse","floor":8,"turns":4},{"damage":0,"enemies":"2 Fungi Beasts","floor":13,"turns":4},{"damage":40,"enemies":"Hexaghost","floor":16,"turns":15},{"damage":6,"enemies":"2 Thieves","floor":18,"turns":4},{"damage":19,"enemies":"Chosen","floor":19,"turns":7},{"damage":44,"enemies":"3 Cultists","floor":24,"turns":6},{"damage":11,"enemies":"Snecko","floor":27,"turns":3}],"event_choices":[{"event_name":"The Cleric","player_choice":"Card Removal","floor":4,"damage_taken":0},{"event_name":"World of Goop","player_choice":"Gather Gold","floor":7,"damage_taken":0},{"event_name":"Scrap Ooze","player_choice":"unsuccessful","floor":10,"damage_taken":11},{"event_name":"Drug Dealer","player_choice":"Ignored","floor":20,"damage_taken":0},{"event_name":"Beggar","player_choice":"Ignored","floor":22,"damage_taken":0}],"boss_relics":[{"not_picked":["Runic Pyramid","Black Blood"],"picked":"Astrolabe"}],"potions_floor_spawned":[3,5,16,18,24],"seed_played":"2031931120399047667","killed_by":"Snecko","ascension_level":15,"is_trial":false}