{"path_per_floor":["M","?","M","M","?","R","E","$","T","M","R","$","M","M","R","B",null,"M","M","?","$","?","R","M","$","T","R","M","R","E","M","R"],"character_chosen":"IRONCLAD","items_purchased":["Shrug It Off"],"gold_per_floor":[112,112,128,142,142,142,176,79,103,114,114,14,32,46,46,147,147,163,176,176,51,51,51,70,70,70,70,86,86,116,126,126],"floor_reached":33,"campfire_rested":0,"playtime":1430,"current_hp_per_floor":[80,80,80,78,71,71,36,36,36,40,40,40,48,56,56,36,80,76,80,80,80,80,80,80,80,90,90,68,68,73,81,81],"items_purged":["Strike_R","Defend_R","Power Through"],"gold":126,"score":293,"play_id":"aae5c225-b4c3-4da2-9dd1-f153235f341a","is_prod":false,"is_daily":false,"is_ascension_mode":false,"campfire_upgraded":7,"path_taken":["M","?","?","M","?","R","E","$","T","M","R","$","?","M","R","BOSS","M","M","?","$","?","R","M","$","T","R","M","R","E","M","R","BOSS"],"build_version":"2018-02-08-BETA1","purchased_purges":3,"victory":false,"master_deck":["Strike_R","Defend_R","Defend_R","Bash+1","Headbutt+1","Shrug It Off","Shrug It Off+1","Battle Trance","Shrug It Off+1","Shrug It Off+1","Double Tap+1","Twin Strike+1","Exhume+1","Body Slam+1","Shrug It Off+1","Thunderclap","Spot Weakness+1"],"max_hp_per_floor":[80,80,80,80,80,80,80,80,80,80,80,80,80,80,80,80,80,80,80,80,80,80,80,80,80,90,90,90,90,90,90,90],"relics":["Burning Blood","Gremlin Horn","Vajra","Blood Vial","Astrolabe","Pear","Lantern"],"card_choices":[{"not_picked":["Sentinel","Dual Wield"],"picked":"Headbutt"},{"not_picked":["Clash","Flame Barrier"],"picked":"Shrug It Off"},{"not_picked":["Flex","Havoc"],"picked":"Battle Trance"},{"not_picked":["Thunderclap","Clothesline"],"picked":"Shrug It Off"},{"not_picked":["Heavy Blade","True Grit"],"picked":"Shrug It Off"},{"not_picked":["Limit Break","Brutality"],"picked":"Double Tap"},{"not_picked":["Shrug It Off","Twin Strike"],"picked":"Body Slam"},{"not_picked":["Fiend Fire","Bloodletting"],"picked":"Shrug It Off"},{"not_picked":["Hemokinesis","Twin Strike"],"picked":"Thunderclap"},{"not_picked":["Flex","Barricade"],"picked":"Spot Weakness"}],"player_experience":482572,"potions_floor_usage":[30,33,33],"damage_taken":[{"damage":6,"enemies":"2 Louse","floor":1,"turns":3},{"damage":6,"enemies":"Jaw Worm","floor":3,"turns":5},{"damage":8,"enemies":"Cultist","floor":4,"turns":5},{"damage":41,"enemies":"Lagavulin","floor":7,"turns":6},{"damage":4,"enemies":"Gremlin Gang","floor":10,"turns":6},{"damage":0,"enemies":"3 Louse","floor":13,"turns":2},{"damage":0,"enemies":"Large Slime","floor":14,"turns":4},{"damage":28,"enemies":"Slime Boss","floor":16,"turns":10},{"damage":10,"enemies":"Chosen","floor":18,"turns":3},{"damage":2,"enemies":"Shell Parasite","floor":19,"turns":7},{"damage":0,"enemies":"Centurion and Healer","floor":24,"turns":7},{"damage":28,"enemies":"Snake Plant","floor":28,"turns":4},{"damage":3,"enemies":"Gremlin Leader","floor":30,"turns":6},{"damage":0,"enemies":"Snecko","floor":31,"turns":4},{"damage":109,"enemies":"Champ","floor":33,"turns":15}],"event_choices":[{"event_name":"Living Wall","player_choice":"Forget","floor":2,"damage_taken":0},{"event_name":"Scrap Ooze","player_choice":"success","floor":5,"damage_taken":7},{"event_name":"Drug Dealer","player_choice":"Ignored","floor":20,"damage_taken":0},{"event_name":"The Mausoleum","player_choice":"No","floor":22,"damage_taken":0}],"boss_relics":[{"not_picked":["Eternal Feather","Black Blood"],"picked":"Astrolabe"}],"potions_floor_spawned":[1,7,10,14,31],"seed_played":"-1914399468166369473","killed_by":"Champ","ascension_level":0,"is_trial":false}