{"path_per_floor":["M","M","M","M","?","R","$","R","T","M","R","M","?","?","R","B",null,"M","?","M","M","M","R","$","?","T","R","?","E","$","M","R"],"character_chosen":"IRONCLAD","items_purchased":["Barricade","Bag of Marbles"],"gold_per_floor":[111,131,145,155,155,155,7,7,7,17,17,27,27,27,27,129,129,146,146,158,172,186,186,31,31,31,31,64,96,96,114,114],"floor_reached":33,"campfire_rested":2,"playtime":922,"current_hp_per_floor":[72,70,69,62,62,62,62,62,62,62,62,62,62,47,70,68,75,75,75,62,47,43,43,43,68,68,68,41,28,28,28,51],"items_purged":["Strike_R"],"gold":114,"score":386,"play_id":"24438376-7ac8-40ca-a975-06e964147e7d","is_prod":false,"is_daily":false,"is_ascension_mode":true,"campfire_upgraded":5,"path_taken":["M","M","M","M","?","R","$","R","T","M","R","?","?","?","R","BOSS","M","?","M","M","M","R","$","?","T","R","?","E","?","M","R","BOSS"],"build_version":"2018-02-08-BETA1","purchased_purges":1,"victory":false,"master_deck":["Strike_R","Strike_R+1","Strike_R+1","Strike_R+1","Defend_R","Defend_R","Defend_R","Defend_R","Bash+1","Bludgeon+1","Clothesline+1","Barricade+1","Disarm+1","Flame Barrier+1","Flex+1","Offering","Shrug It Off+1","Thunderclap+1","Pommel Strike+1","Entrench"],"max_hp_per_floor":[80,80,80,80,77,77,77,77,77,77,77,77,77,77,77,77,77,77,77,77,77,77,77,77,77,77,77,77,77,77,77,77],"relics":["Cursed Key","Sozu","Bag of Marbles","Red Mask","Whetstone"],"card_choices":[{"not_picked":["Rupture","Dual Wield"],"picked":"Bludgeon"},{"not_picked":["Searing Blow","Power Through"],"picked":"Clothesline"},{"not_picked":["Second Wind","Twin Strike"],"picked":"Disarm"},{"not_picked":["Intimidate","Shrug It Off"],"picked":"Flame Barrier"},{"not_picked":["Reckless Charge","Sword Boomerang"],"picked":"Flex"},{"not_picked":["Sentinel","Uppercut"],"picked":"Offering"},{"not_picked":["Battle Trance","Rage"],"picked":"Shrug It Off"},{"not_picked":["Clothesline","Berserk"],"picked":"Thunderclap"},{"not_picked":["Cleave","True Grit"],"picked":"Pommel Strike"},{"not_picked":["Seeing Red","Armaments"],"picked":"Entrench"}],"player_experience":478751,"potions_floor_usage":[12,16],"damage_taken":[{"damage":0,"enemies":"2 Louse","floor":1,"turns":2},{"damage":2,"enemies":"Jaw Worm","floor":2,"turns":2},{"damage":1,"enemies":"Blue Slaver","floor":3,"turns":3},{"damage":7,"enemies":"Exordium Wildlife","floor":4,"turns":3},{"damage":0,"enemies":"3 Louse","floor":10,"turns":3},{"damage":15,"enemies":"Gremlin Gang","floor":12,"turns":7},{"damage":2,"enemies":"Slime Boss","floor":16,"turns":5},{"damage":0,"enemies":"Spheric Guardian","floor":18,"turns":2},{"damage":13,"enemies":"2 Thieves","floor":20,"turns":3},{"damage":15,"enemies":"Snake Plant","floor":21,"turns":2},{"damage":4,"enemies":"3 Cultists","floor":22,"turns":4},{"damage":27,"enemies":"Masked Bandits","floor":28,"turns":4},{"damage":13,"enemies":"Book of Stabbing","floor":29,"turns":4},{"damage":0,"enemies":"Centurion and Healer","floor":31,"turns":2},{"damage":74,"enemies":"Collector","floor":33,"turns":7}],"event_choices":[{"event_name":"Living Wall","player_choice":"Forget","floor":5,"damage_taken":0},{"event_name":"The Cleric","player_choice":"Leave","floor":13,"damage_taken":0},{"event_name":"Shining Light","player_choice":"Entered Light","floor":14,"damage_taken":0},{"event_name":"The Mausoleum","player_choice":"No","floor":19,"damage_taken":0},{"event_name":"The Library","player_choice":"Heal","floor":25,"damage_taken":0},{"event_name":"Masked Bandits","player_choice":"Fought over 31 gold","floor":28,"damage_taken":0}],"boss_relics":[{"not_picked":["Pandora\u0027s Box","Astrolabe"],"picked":"Sozu"}],"potions_floor_spawned":[1,2,4,12,16,20,28],"seed_played":"899331098699891907","killed_by":"Collector","ascension_level":10,"is_trial":false}