{"path_per_floor":["M","$","M","M","?","E","R","M","T","R","M","E","R","M","R","B",null,"M","?","M","$"],"character_chosen":"IRONCLAD","items_purchased":["Metallicize","Impervious","Cleave","Thunderclap"],"gold_per_floor":[114,35,54,71,71,102,102,121,121,121,142,181,181,205,205,335,335,349,349,372,73],"floor_reached":22,"campfire_rested":1,"playtime":1223,"current_hp_per_floor":[77,77,73,69,69,50,50,49,49,49,45,27,49,45,45,8,74,35,19,9,9],"items_purged":["Strike_R"],"gold":73,"score":206,"play_id":"4a74fb33-aed3-4e4b-814b-5414d6e81e4f","is_prod":false,"is_daily":false,"is_ascension_mode":true,"campfire_upgraded":3,"path_taken":["M","$","M","M","?","E","R","M","T","R","M","E","R","M","R","BOSS","M","?","?","$","M"],"build_version":"2018-02-16-BETA2","purchased_purges":1,"victory":false,"master_deck":["Strike_R","Strike_R","Strike_R","Strike_R","Defend_R","Defend_R","Defend_R","Defend_R","Bash","Metallicize","Metallicize+1","Offering","Dual Wield","True Grit+1","Flex+1","Feed+1","Headbutt+1","Impervious","Cleave+1","Thunderclap+1"],"max_hp_per_floor":[80,80,80,80,74,74,74,74,74,74,74,74,74,74,74,74,74,74,74,78,78],"relics":["White Beast Statue","Golden Idol","Molten Egg 2","Magic Flower","Omamori","Velvet Choker","Necronomicon"],"card_choices":[{"not_picked":["Havoc","Clothesline"],"picked":"Metallicize"},{"not_picked":["Perfected Strike","Pummel"],"picked":"Offering"},{"not_picked":["Sword Boomerang","Rage"],"picked":"Dual Wield"},{"not_picked":["Cleave","Corruption"],"picked":"True Grit"},{"not_picked":["Heavy Blade","Second Wind"],"picked":"Flex"},{"not_picked":["Dark Embrace","Brutality"],"picked":"Feed"},{"not_picked":["Thunderclap","Dropkick"],"picked":"Headbutt"}],"player_experience":660020,"potions_floor_usage":[8,12,12,16,16,18,20],"damage_taken":[{"damage":3,"enemies":"Jaw Worm","floor":1,"turns":6},{"damage":4,"enemies":"Small Slimes","floor":3,"turns":6},{"damage":4,"enemies":"Cultist","floor":4,"turns":3},{"damage":19,"enemies":"Lagavulin","floor":6,"turns":9},{"damage":1,"enemies":"Blue Slaver","floor":8,"turns":4},{"damage":4,"enemies":"Exordium Thugs","floor":11,"turns":10},{"damage":18,"enemies":"Gremlin Nob","floor":12,"turns":6},{"damage":4,"enemies":"2 Fungi Beasts","floor":14,"turns":5},{"damage":37,"enemies":"The Guardian","floor":16,"turns":20},{"damage":39,"enemies":"Chosen","floor":18,"turns":8},{"damage":16,"enemies":"2 Thieves","floor":20,"turns":5},{"damage":17,"enemies":"Snecko","floor":22,"turns":3}],"event_choices":[{"event_name":"Golden Idol","player_choice":"Lose Max HP","floor":5,"damage_taken":0},{"event_name":"Cursed Tome","player_choice":"Obtained Book","floor":19,"damage_taken":0}],"boss_relics":[{"not_picked":["Pandora\u0027s Box","Sozu"],"picked":"Velvet Choker"}],"potions_floor_spawned":[1,3,4,6,8,11,12,14,16,18,20],"seed_played":"6857880766241292864","killed_by":"Snecko","ascension_level":1,"is_trial":false}