{"path_per_floor":["M","M","$","M","M","E","?","M","T","$","R","E","R","M","R","B",null,"M","?","$","M","M","R","M","R","T","R","M","M","?","$","R","B",null,"M","?","$","M","?","R","M","M","T","E","R","T","R","M","R","B"],"character_chosen":"IRONCLAD","items_purchased":["Armaments","Shockwave"],"gold_per_floor":[119,134,5,23,43,72,72,86,161,61,61,87,87,102,102,203,203,177,177,52,70,81,81,101,101,101,101,117,133,133,59,59,163,163,174,174,24,38,90,90,109,124,124,150,150,174,174,190,190,190],"floor_reached":51,"campfire_rested":0,"playtime":6540,"current_hp_per_floor":[77,80,80,80,80,80,64,66,66,66,66,48,48,49,49,22,66,67,67,67,54,77,77,73,73,73,73,80,77,61,61,61,21,65,80,80,80,80,70,70,80,70,91,86,86,86,86,93,93,26],"items_purged":["Strike_R","Strike_R","Bite","Defend_R"],"gold":190,"score":685,"play_id":"f19db234-9437-472a-9ff7-5f2738f0b31d","is_prod":false,"is_daily":false,"is_ascension_mode":true,"campfire_upgraded":6,"path_taken":["M","M","$","M","M","E","?","M","T","$","R","E","R","M","R","BOSS","M","?","?","M","M","R","M","R","T","R","?","M","?","$","R","BOSS","M","?","$","M","?","R","M","M","T","E","R","?","R","M","R","BOSS"],"build_version":"2018-02-07-BETA2","purchased_purges":4,"victory":true,"master_deck":["Defend_R","Defend_R","Defend_R","Bash+1","Pommel Strike","Reaper","Armaments+1","Shrug It Off","Flame Barrier+1","Shrug It Off+1","Cleave+1","Bite","Bite","Bite","True Grit+1","True Grit+1","Rampage+1","Battle Trance+1","Shockwave+1"],"max_hp_per_floor":[80,80,80,80,80,80,80,80,80,80,80,80,80,80,80,80,80,80,80,80,80,80,80,80,80,80,80,80,80,80,80,80,80,80,80,80,80,80,80,80,80,80,101,101,101,101,101,103,103,103],"relics":["Burning Blood","Shovel","Matryoshka","Mark of Pain","Vajra","Du-Vu Doll","Dream Catcher","Nilry\u0027s Codex","Runic Cube","Charon\u0027s Ashes","Oddly Smooth Stone","Strawberry","Mango","Happy Flower","Juzu Bracelet","Singing Bowl","Dodecahedron","Mummified Hand"],"card_choices":[{"not_picked":["Warcry","Thunderclap"],"picked":"Pommel Strike"},{"not_picked":["Warcry","Body Slam"],"picked":"Reaper"},{"not_picked":["Spot Weakness","Carnage"],"picked":"Shrug It Off"},{"not_picked":["Headbutt","Whirlwind"],"picked":"Flame Barrier"},{"not_picked":["Iron Wave","Feel No Pain"],"picked":"Shrug It Off"},{"not_picked":["Headbutt","Thunderclap"],"picked":"Cleave"},{"not_picked":["Thunderclap","Entrench"],"picked":"True Grit"},{"not_picked":["Wild Strike","Burning Pact"],"picked":"True Grit"},{"not_picked":["Armaments","Sword Boomerang"],"picked":"Rampage"},{"not_picked":["Flex","Headbutt"],"picked":"Battle Trance"}],"player_experience":458093,"potions_floor_usage":[6,6,8,16,16,22,33,33,39,44,44,44],"damage_taken":[{"damage":1,"enemies":"Cultist","floor":1,"turns":3},{"damage":2,"enemies":"Jaw Worm","floor":2,"turns":3},{"damage":6,"enemies":"2 Louse","floor":4,"turns":2},{"damage":10,"enemies":"2 Fungi Beasts","floor":5,"turns":5},{"damage":8,"enemies":"3 Sentries","floor":6,"turns":9},{"damage":4,"enemies":"Exordium Thugs","floor":8,"turns":10},{"damage":24,"enemies":"Lagavulin","floor":12,"turns":10},{"damage":7,"enemies":"Exordium Wildlife","floor":14,"turns":4},{"damage":59,"enemies":"Slime Boss","floor":16,"turns":15},{"damage":17,"enemies":"2 Thieves","floor":18,"turns":5},{"damage":34,"enemies":"Spheric Guardian","floor":21,"turns":8},{"damage":13,"enemies":"Centurion and Healer","floor":22,"turns":10},{"damage":39,"enemies":"Sentry and Sphere","floor":24,"turns":12},{"damage":2,"enemies":"Snecko","floor":28,"turns":6},{"damage":19,"enemies":"Chosen and Byrds","floor":29,"turns":9},{"damage":66,"enemies":"Champ","floor":33,"turns":12},{"damage":5,"enemies":"3 Shapes","floor":35,"turns":7},{"damage":11,"enemies":"Orb Walker","floor":38,"turns":4},{"damage":22,"enemies":"Mysterious Sphere","floor":39,"turns":10},{"damage":24,"enemies":"3 Darklings","floor":41,"turns":5},{"damage":16,"enemies":"4 Shapes","floor":42,"turns":7},{"damage":33,"enemies":"2 Orb Walkers","floor":44,"turns":7},{"damage":18,"enemies":"Flame Bruiser 2 Orb","floor":48,"turns":8},{"damage":93,"enemies":"Time Eater","floor":50,"turns":14}],"event_choices":[{"event_name":"Shining Light","player_choice":"Entered Light","floor":7,"damage_taken":0},{"event_name":"Vampires","player_choice":"Became a vampire (Vial)","floor":19,"damage_taken":0},{"event_name":"Cursed Tome","player_choice":"Obtained Book","floor":30,"damage_taken":0},{"event_name":"Mysterious Sphere","player_choice":"Fight","floor":39,"damage_taken":0}],"boss_relics":[{"not_picked":["Calling Bell","Runic Dome"],"picked":"Mark of Pain"},{"not_picked":["Lizard Tail","Runic Pyramid"],"picked":"Runic Cube"}],"potions_floor_spawned":[2,4,5,12,14,21,28,29,33,35,38,39,44,48],"seed_played":"-1835291045452400458","ascension_level":7,"is_trial":false}