{"path_per_floor":["M","?","?","M","$","R","M","R","T","R","M","M","M","M","R","B",null,"M","T","M","M","?","R","$","R","T","M","$","M","?","M","R","B",null,"M","$","?","$","T","M","R","?","T","M","?","M","R","M","R","B"],"character_chosen":"IRONCLAD","items_purchased":["Armaments"],"gold_per_floor":[117,117,117,133,33,33,49,49,49,49,69,82,100,113,113,213,213,223,223,235,245,245,245,145,145,145,163,38,56,56,71,71,171,171,191,41,41,41,41,55,55,55,55,69,69,89,89,103,103,103],"floor_reached":51,"campfire_rested":4,"playtime":1909,"current_hp_per_floor":[79,63,63,63,63,63,63,63,63,63,62,59,56,56,56,41,80,49,49,43,39,39,63,63,63,63,59,59,59,59,40,64,14,80,77,77,77,77,77,58,58,58,58,31,31,20,44,31,55,5],"items_purged":["Strike_R","Strike_R","Strike_R","Strike_R"],"gold":103,"score":517,"play_id":"50dd4bdb-135d-4287-a98d-4e23e6bbb6b9","is_prod":false,"is_daily":false,"is_ascension_mode":false,"campfire_upgraded":6,"path_taken":["M","?","?","M","$","R","M","R","T","R","M","M","M","M","R","BOSS","M","?","M","M","?","R","$","R","T","M","?","M","?","M","R","BOSS","M","$","?","?","?","M","R","?","T","M","?","?","R","M","R","BOSS"],"build_version":"2018-02-16-BETA2","purchased_purges":4,"victory":true,"master_deck":["Defend_R+1","Defend_R","Defend_R","Defend_R","Bash+1","Pommel Strike+1","Armaments+1","Inflame+1","Spot Weakness","Pommel Strike","Shockwave+1","Limit Break+1","Pummel","Shrug It Off","Ghostly Armor","Shrug It Off+1","Pommel Strike+1","Shrug It Off","Sword Boomerang+1","Shrug It Off+1"],"max_hp_per_floor":[80,80,80,80,80,80,80,80,80,80,80,80,80,80,80,80,80,80,80,80,80,80,80,80,80,80,80,80,80,80,80,80,80,80,80,80,80,80,80,80,80,80,80,80,80,80,80,80,80,80],"relics":["Cursed Key"],"card_choices":[{"not_picked":["Iron Wave","Infernal Blade"],"picked":"Pommel Strike"},{"not_picked":["Wild Strike","Brutality"],"picked":"Inflame"},{"not_picked":["Corruption","Headbutt"],"picked":"Spot Weakness"},{"not_picked":["Body Slam","Flex"],"picked":"Pommel Strike"},{"not_picked":["Clothesline","Thunderclap"],"picked":"Shockwave"},{"not_picked":["Impervious","Barricade"],"picked":"Limit Break"},{"not_picked":["Blood for Blood","Havoc"],"picked":"Pummel"},{"not_picked":["Blood for Blood","Iron Wave"],"picked":"Shrug It Off"},{"not_picked":["Dropkick","Second Wind"],"picked":"Ghostly Armor"},{"not_picked":["Twin Strike","Clash"],"picked":"Shrug It Off"},{"not_picked":["Wild Strike","Warcry"],"picked":"Shrug It Off"},{"not_picked":["Seeing Red","Disarm"],"picked":"Sword Boomerang"},{"not_picked":["Sever Soul","Sword Boomerang"],"picked":"Shrug It Off"}],"player_experience":680552,"potions_floor_usage":[20,21,27,31,33,40,46,50,50],"damage_taken":[{"damage":1,"enemies":"Cultist","floor":1,"turns":4},{"damage":0,"enemies":"2 Louse","floor":4,"turns":3},{"damage":0,"enemies":"Small Slimes","floor":7,"turns":2},{"damage":1,"enemies":"Exordium Thugs","floor":11,"turns":4},{"damage":3,"enemies":"Large Slime","floor":12,"turns":3},{"damage":3,"enemies":"Red Slaver","floor":13,"turns":4},{"damage":0,"enemies":"Exordium Wildlife","floor":14,"turns":2},{"damage":15,"enemies":"Hexaghost","floor":16,"turns":7},{"damage":31,"enemies":"3 Byrds","floor":18,"turns":5},{"damage":6,"enemies":"Chosen","floor":20,"turns":4},{"damage":4,"enemies":"3 Cultists","floor":21,"turns":5},{"damage":4,"enemies":"Centurion and Healer","floor":27,"turns":4},{"damage":0,"enemies":"Snecko","floor":29,"turns":4},{"damage":19,"enemies":"Cultist and Chosen","floor":31,"turns":4},{"damage":50,"enemies":"Automaton","floor":33,"turns":7},{"damage":3,"enemies":"Orb Walker","floor":35,"turns":4},{"damage":19,"enemies":"Flame Bruiser 1 Orb","floor":40,"turns":8},{"damage":27,"enemies":"Spire Growth","floor":44,"turns":5},{"damage":11,"enemies":"Maw","floor":46,"turns":6},{"damage":13,"enemies":"4 Shapes","floor":48,"turns":10},{"damage":50,"enemies":"Donu and Deca","floor":50,"turns":8}],"event_choices":[{"event_name":"Shining Light","player_choice":"Entered Light","floor":2,"damage_taken":0},{"event_name":"Upgrade Shrine","player_choice":"Upgraded","floor":3,"damage_taken":0},{"event_name":"Back to Basics","player_choice":"Elegance","floor":22,"damage_taken":0},{"event_name":"The Lab","player_choice":"Got Potions","floor":30,"damage_taken":0},{"event_name":"Duplicator","player_choice":"One dupe","floor":37,"damage_taken":0},{"event_name":"Transmorgrifier","player_choice":"Skipped","floor":42,"damage_taken":0},{"event_name":"Tomb of Lord Red Mask","player_choice":"Ignored","floor":45,"damage_taken":0}],"boss_relics":[{"not_picked":["Pandora\u0027s Box","Tiny House","Eternal Feather"]},{"not_picked":["Pandora\u0027s Box","Tiny House","Eternal Feather"]}],"potions_floor_spawned":[7,12,14,20,27,29,33,35,44,48],"seed_played":"-1890224254236145383","ascension_level":0,"is_trial":false}