{"path_per_floor":["M","$","M","M","M","R","M","R","T","?","?","?","M","M","R","B",null,"M","?","$","?","M","R","M","R","T","R","E","?","?","M","R"],"character_chosen":"IRONCLAD","items_purchased":[],"gold_per_floor":[99,24,24,24,24,24,24,24,24,24,24,24,24,0,0,0,0,0,0,0,0,0,0,0,0,0,0,0,0,0,0,0],"floor_reached":33,"campfire_rested":2,"playtime":973,"current_hp_per_floor":[69,69,66,55,55,55,55,55,55,55,55,55,55,50,50,22,66,48,48,48,48,44,44,29,29,29,53,26,26,26,30,55],"items_purged":["Strike_R"],"gold":0,"score":386,"play_id":"4b6038b4-d4e0-4cb8-93de-bb9b479dde14","is_prod":false,"is_daily":false,"is_ascension_mode":true,"campfire_upgraded":5,"path_taken":["M","$","M","M","M","R","M","R","T","?","?","?","?","M","R","BOSS","M","?","$","?","M","R","M","R","T","R","E","?","?","M","R","BOSS"],"build_version":"2018-02-08-BETA1","purchased_purges":1,"victory":false,"master_deck":["Strike_R","Strike_R","Strike_R","Strike_R","Defend_R","Defend_R","Defend_R","Defend_R","Bash","Parasite","Flame Barrier+1","Whirlwind+1","Disarm","Flex+1","Sword Boomerang","Metallicize","Feed+1","Battle Trance","Whirlwind+1","Shrug It Off+1"],"max_hp_per_floor":[80,80,80,80,80,80,80,80,80,80,80,80,80,80,80,80,80,80,80,80,80,80,80,80,80,80,80,80,80,80,84,84],"relics":["Ectoplasm","Orichalcum","Odd Mushroom","Velvet Choker","Champion Belt","Vajra"],"card_choices":[{"not_picked":["Sword Boomerang","Flex"],"picked":"Flame Barrier"},{"not_picked":["Clash","Battle Trance"],"picked":"Whirlwind"},{"not_picked":["Uppercut","Wild Strike"],"picked":"Disarm"},{"not_picked":["Thunderclap","Clothesline"],"picked":"Flex"},{"not_picked":["Flame Barrier","Warcry"],"picked":"Sword Boomerang"},{"not_picked":["Bludgeon","Corruption"],"picked":"Metallicize"},{"not_picked":["Barricade","Dark Embrace"],"picked":"Feed"},{"not_picked":["Twin Strike","Body Slam"],"picked":"Battle Trance"},{"not_picked":["Twin Strike","Inflame"],"picked":"Shrug It Off"}],"player_experience":479673,"potions_floor_usage":[14,16,16,16,33],"damage_taken":[{"damage":3,"enemies":"Jaw Worm","floor":1,"turns":4},{"damage":3,"enemies":"2 Louse","floor":3,"turns":4},{"damage":11,"enemies":"Cultist","floor":4,"turns":4},{"damage":0,"enemies":"2 Fungi Beasts","floor":5,"turns":3},{"damage":0,"enemies":"Large Slime","floor":7,"turns":3},{"damage":0,"enemies":"The Mushroom Lair","floor":12,"turns":1},{"damage":0,"enemies":"Lots of Slimes","floor":13,"turns":1},{"damage":20,"enemies":"Exordium Thugs","floor":14,"turns":6},{"damage":28,"enemies":"Hexaghost","floor":16,"turns":7},{"damage":18,"enemies":"Chosen","floor":18,"turns":4},{"damage":4,"enemies":"Shell Parasite","floor":22,"turns":2},{"damage":15,"enemies":"Snake Plant","floor":24,"turns":3},{"damage":27,"enemies":"Book of Stabbing","floor":28,"turns":6},{"damage":0,"enemies":"Slaver and Parasite","floor":31,"turns":5},{"damage":55,"enemies":"Champ","floor":33,"turns":8}],"event_choices":[{"event_name":"The Cleric","player_choice":"Leave","floor":10,"damage_taken":0},{"event_name":"Liars Game","player_choice":"disagreed","floor":11,"damage_taken":0},{"event_name":"Mushrooms","player_choice":"Fought Mushrooms","floor":12,"damage_taken":0},{"event_name":"Duplicator","player_choice":"One dupe","floor":19,"damage_taken":0},{"event_name":"Drug Dealer","player_choice":"Ignored","floor":21,"damage_taken":0},{"event_name":"The Lab","player_choice":"Got Potions","floor":29,"damage_taken":0},{"event_name":"Beggar","player_choice":"Ignored","floor":30,"damage_taken":0}],"boss_relics":[{"not_picked":["Orrery","Runic Pyramid"],"picked":"Velvet Choker"}],"potions_floor_spawned":[1,3,7,13,14,28],"seed_played":"3633716358356262772","killed_by":"Champ","ascension_level":10,"is_trial":false}