{"path_per_floor":["M","?","M","$","?","E","M","E","T","R","M","R","?","M","R","B",null,"M","$","?","M","?","E","M","R","T","E","M","?","R","$","R","B",null,"M","$","?","?","?","R","M","?","T","$","M","R","M","M","R"],"character_chosen":"IRONCLAD","items_purchased":["Girya","Vajra","Intimidate","Flash of Steel","Reckless Charge"],"gold_per_floor":[114,189,205,130,100,133,145,172,472,472,485,485,485,496,496,601,601,615,75,75,88,88,113,126,126,126,159,174,99,99,17,17,121,121,139,41,41,95,0,0,17,17,64,30,48,48,62,81,81],"floor_reached":50,"campfire_rested":1,"playtime":1356,"current_hp_per_floor":[80,69,75,75,75,80,80,50,50,50,56,56,56,60,60,58,80,79,79,79,80,80,53,59,59,59,34,23,23,23,23,47,22,80,71,71,71,62,62,62,80,70,70,70,72,72,58,80,80],"items_purged":["Strike_R","Strike_R"],"gold":81,"score":488,"play_id":"72125b73-2fc5-432a-8b22-b1e0aa07a5c4","is_prod":false,"is_daily":false,"is_ascension_mode":false,"campfire_upgraded":3,"path_taken":["M","?","?","?","?","E","M","E","T","R","M","R","?","M","R","BOSS","M","$","?","M","?","E","M","R","T","E","M","?","R","$","R","BOSS","M","$","?","?","?","R","M","?","T","?","M","R","M","M","R","BOSS"],"build_version":"2018-02-14-BETA1","purchased_purges":2,"victory":false,"master_deck":["Strike_R","Strike_R","Strike_R","Defend_R","Defend_R","Defend_R","Bash+1","Clash","Flex+1","Rampage+1","Rampage+1","Twin Strike","Disarm+1","Immolate","Dropkick+1","Clash","Second Wind+1","Pommel Strike+1","Reaper","Flash of Steel","Clash+1","Pommel Strike+1","Madness","Madness","Reckless Charge","Sword Boomerang+1","Battle Trance","Twin Strike+1"],"max_hp_per_floor":[80,80,80,80,80,80,80,80,80,80,80,80,80,80,80,80,80,80,80,80,80,80,80,80,80,80,80,80,80,80,80,80,80,80,80,80,80,80,80,80,80,80,80,80,80,80,80,80,80],"relics":["Burning Blood","NeowsBlessing","Juzu Bracelet","Anchor","Philosopher\u0027s Stone","Girya","Vajra","Nloth\u0027s Gift","Ice Cream","Shovel","Omamori","Cursed Key","Gambling Chip","Red Mask","Oddly Smooth Stone","Lantern","Ginger"],"card_choices":[{"not_picked":["Entrench","Heavy Blade"],"picked":"Clash"},{"not_picked":["Ghostly Armor","Clothesline"],"picked":"Flex"},{"not_picked":["Perfected Strike","Berserk"],"picked":"Rampage"},{"not_picked":["Dropkick","Sentinel"],"picked":"Rampage"},{"not_picked":["Inflame","Feel No Pain"],"picked":"Twin Strike"},{"not_picked":["Shockwave","Flex"],"picked":"Disarm"},{"not_picked":["Exhume","Bludgeon"],"picked":"Immolate"},{"not_picked":["Inflame","Sword Boomerang"],"picked":"Dropkick"},{"not_picked":["Clothesline","Havoc"],"picked":"Clash"},{"not_picked":["Entrench","Shrug It Off"],"picked":"Second Wind"},{"not_picked":["Clothesline","Flex"],"picked":"Pommel Strike"},{"not_picked":["Bludgeon","Feed"],"picked":"Reaper"},{"not_picked":["Clothesline","Thunderclap"],"picked":"Clash"},{"not_picked":["Armaments","Hemokinesis"],"picked":"Pommel Strike"},{"not_picked":["Heavy Blade","Headbutt"],"picked":"Sword Boomerang"},{"not_picked":["Dual Wield","Exhume"],"picked":"Battle Trance"},{"not_picked":["Disarm","Intimidate"],"picked":"Twin Strike"}],"player_experience":592062,"potions_floor_usage":[8,16,16,18,28,33,38,41,50],"damage_taken":[{"damage":0,"enemies":"Small Slimes","floor":1,"turns":1},{"damage":0,"enemies":"Blue Slaver","floor":3,"turns":1},{"damage":0,"enemies":"Gremlin Nob","floor":6,"turns":1},{"damage":1,"enemies":"Cultist","floor":7,"turns":3},{"damage":36,"enemies":"Lagavulin","floor":8,"turns":4},{"damage":0,"enemies":"3 Louse","floor":11,"turns":2},{"damage":2,"enemies":"Exordium Thugs","floor":14,"turns":4},{"damage":8,"enemies":"Hexaghost","floor":16,"turns":8},{"damage":7,"enemies":"Spheric Guardian","floor":18,"turns":3},{"damage":0,"enemies":"Chosen","floor":21,"turns":2},{"damage":33,"enemies":"Book of Stabbing","floor":23,"turns":4},{"damage":0,"enemies":"Centurion and Healer","floor":24,"turns":5},{"damage":31,"enemies":"Slavers","floor":27,"turns":5},{"damage":26,"enemies":"Sentry and Sphere","floor":28,"turns":4},{"damage":31,"enemies":"Champ","floor":33,"turns":9},{"damage":15,"enemies":"Flame Bruiser 1 Orb","floor":35,"turns":4},{"damage":37,"enemies":"Mysterious Sphere","floor":38,"turns":4},{"damage":0,"enemies":"3 Darklings","floor":41,"turns":2},{"damage":4,"enemies":"Sphere and 2 Shapes","floor":45,"turns":3},{"damage":20,"enemies":"Spire Growth","floor":47,"turns":3},{"damage":0,"enemies":"3 Darklings","floor":48,"turns":2},{"damage":90,"enemies":"Donu and Deca","floor":50,"turns":4}],"event_choices":[{"event_name":"World of Goop","player_choice":"Gather Gold","floor":2,"damage_taken":0},{"event_name":"The Woman in Blue","player_choice":"Bought 2 Potions","floor":5,"damage_taken":0},{"event_name":"Upgrade Shrine","player_choice":"Upgraded","floor":13,"damage_taken":0},{"event_name":"N\u0027loth","player_choice":"Traded a Old Coin","floor":20,"damage_taken":0},{"event_name":"Accursed Blacksmith","player_choice":"Forge","floor":22,"damage_taken":0},{"event_name":"Beggar","player_choice":"Gave Gold","floor":29,"damage_taken":0},{"event_name":"Mysterious Sphere","player_choice":"Fight","floor":38,"damage_taken":0},{"event_name":"Tomb of Lord Red Mask","player_choice":"Paid","floor":39,"damage_taken":0},{"event_name":"Winding Halls","player_choice":"Embrace Madness","floor":42,"damage_taken":0}],"boss_relics":[{"not_picked":["White Beast Statue","Snecko Eye"],"picked":"Philosopher\u0027s Stone"},{"not_picked":["Eternal Feather","Mark of Pain"],"picked":"Cursed Key"}],"potions_floor_spawned":[7,11,27,28,33,38,47,48],"seed_played":"5583686257694000761","killed_by":"Donu and Deca","ascension_level":0,"is_trial":false}