{"path_per_floor":["M","M","$","M","M","E","R","M","T","?","M","R","T","E","R","B",null,"M","M","?","?","M","E","R","M","T","R","$","M","?","T","R","B",null,"M","?","M","?","$","R","E","M","T","M","T","M","$","M","R","B"],"character_chosen":"IRONCLAD","items_purchased":["Dramatic Entrance","Bag of Marbles","Kunai"],"gold_per_floor":[112,127,52,71,86,120,120,132,203,203,222,222,222,257,257,356,356,370,390,390,305,325,355,355,367,397,397,200,214,214,214,214,316,316,336,382,395,395,124,124,151,168,248,262,262,276,14,34,34,34],"floor_reached":51,"campfire_rested":0,"playtime":2062,"current_hp_per_floor":[72,72,72,72,72,59,59,65,65,65,66,66,66,67,67,42,72,72,72,72,72,72,72,72,72,72,72,72,72,72,72,72,62,72,72,72,72,72,72,72,72,72,72,72,72,65,65,70,70,35],"items_purged":["Strike_R","Strike_R","Strike_R"],"gold":34,"score":660,"play_id":"aabe324b-bf72-4599-99b8-eaef35f48696","is_prod":false,"is_daily":false,"is_ascension_mode":false,"campfire_upgraded":8,"path_taken":["M","M","$","M","M","E","R","M","T","?","M","R","?","E","R","BOSS","M","M","?","?","M","E","R","M","T","R","$","?","?","?","R","BOSS","M","?","M","?","$","R","E","M","T","M","?","M","$","M","R","BOSS"],"build_version":"2018-02-19-BETA1","purchased_purges":3,"victory":true,"master_deck":["Strike_R","Strike_R","Defend_R","Defend_R","Defend_R","Defend_R","Bash","Shrug It Off+1","Pommel Strike+1","Inflame+1","Pommel Strike+1","Shrug It Off+1","Thunderclap","Cleave","Whirlwind+1","Shrug It Off+1","Spot Weakness+1","Dramatic Entrance","Pommel Strike+1","Flame Barrier+1","Body Slam+1","Pommel Strike+1","Pummel+1","Body Slam+1"],"max_hp_per_floor":[72,72,72,72,72,72,72,72,72,72,72,72,72,72,72,72,72,72,72,72,72,72,72,72,72,72,72,72,72,72,72,72,72,72,72,72,72,72,72,72,72,72,72,72,72,72,72,72,72,72],"relics":["Burning Blood","Thread and Needle","Bottled Lightning","Shuriken","Pen Nib","Lantern","Velvet Choker","Matryoshka","Red Skull","Regal Pillow","Tiny Chest","Ancient Tea Set","Blood Vial","White Beast Statue","Calipers","Bag of Marbles","Art of War","Meat on the Bone","Gremlin Horn","Kunai"],"card_choices":[{"not_picked":["Clash","True Grit"],"picked":"Shrug It Off"},{"not_picked":["Thunderclap","Sentinel"],"picked":"Pommel Strike"},{"not_picked":["Clothesline","Iron Wave"],"picked":"Inflame"},{"not_picked":["Searing Blow","Sword Boomerang"],"picked":"Pommel Strike"},{"not_picked":["Bloodletting","Brutality"],"picked":"Shrug It Off"},{"not_picked":["Wild Strike","True Grit"],"picked":"Thunderclap"},{"not_picked":["Iron Wave","Perfected Strike"],"picked":"Cleave"},{"not_picked":["Flex","Shrug It Off"],"picked":"Whirlwind"},{"not_picked":["Burning Pact","Havoc"],"picked":"Shrug It Off"},{"not_picked":["Fiend Fire","Warcry"],"picked":"Spot Weakness"},{"not_picked":["True Grit","Armaments"],"picked":"Pommel Strike"},{"not_picked":["Heavy Blade","Sword Boomerang"],"picked":"Flame Barrier"},{"not_picked":["Thunderclap","Cleave"],"picked":"Body Slam"},{"not_picked":["Disarm","Headbutt"],"picked":"Pommel Strike"},{"not_picked":["Battle Trance","Sword Boomerang"],"picked":"Pummel"},{"not_picked":["Seeing Red","Flame Barrier"],"picked":"Body Slam"}],"player_experience":722726,"potions_floor_usage":[14,16,23,25,25,36],"damage_taken":[{"damage":1,"enemies":"Jaw Worm","floor":1,"turns":4},{"damage":1,"enemies":"Cultist","floor":2,"turns":3},{"damage":0,"enemies":"Small Slimes","floor":4,"turns":4},{"damage":0,"enemies":"Exordium Wildlife","floor":5,"turns":3},{"damage":19,"enemies":"Gremlin Nob","floor":6,"turns":4},{"damage":0,"enemies":"Looter","floor":8,"turns":3},{"damage":5,"enemies":"Lots of Slimes","floor":11,"turns":3},{"damage":5,"enemies":"Lagavulin","floor":14,"turns":8},{"damage":31,"enemies":"Hexaghost","floor":16,"turns":9},{"damage":5,"enemies":"2 Thieves","floor":18,"turns":4},{"damage":0,"enemies":"Chosen","floor":19,"turns":3},{"damage":2,"enemies":"Centurion and Healer","floor":22,"turns":3},{"damage":2,"enemies":"Slavers","floor":23,"turns":2},{"damage":0,"enemies":"Sentry and Sphere","floor":25,"turns":3},{"damage":0,"enemies":"Chosen and Byrds","floor":29,"turns":4},{"damage":16,"enemies":"Automaton","floor":33,"turns":6},{"damage":0,"enemies":"3 Darklings","floor":35,"turns":1},{"damage":2,"enemies":"Mysterious Sphere","floor":36,"turns":4},{"damage":0,"enemies":"Orb Walker","floor":37,"turns":3},{"damage":0,"enemies":"Nemesis","floor":41,"turns":5},{"damage":0,"enemies":"3 Darklings","floor":42,"turns":1},{"damage":0,"enemies":"4 Shapes","floor":44,"turns":3},{"damage":13,"enemies":"Maw","floor":46,"turns":8},{"damage":3,"enemies":"Flame Bruiser 2 Orb","floor":48,"turns":3},{"damage":55,"enemies":"Time Eater","floor":50,"turns":11}],"event_choices":[{"event_name":"The Lab","player_choice":"Got Potions","floor":10,"damage_taken":0},{"event_name":"Accursed Blacksmith","player_choice":"Forge","floor":20,"damage_taken":0},{"event_name":"Addict","player_choice":"Obtained Relic","floor":21,"damage_taken":0},{"event_name":"Vampires","player_choice":"Ignored","floor":30,"damage_taken":0},{"event_name":"Mysterious Sphere","player_choice":"Fight","floor":36,"damage_taken":0},{"event_name":"Tomb of Lord Red Mask","player_choice":"Ignored","floor":38,"damage_taken":0}],"boss_relics":[{"not_picked":["Black Star","Calling Bell"],"picked":"Velvet Choker"},{"not_picked":["Orrery","Runic Cube"],"picked":"White Beast Statue"}],"potions_floor_spawned":[2,4,16,22,23,25,35,36,37,41,42,44,46,48],"seed_played":"-6348489921951880595","ascension_level":0,"is_trial":false}