{"path_per_floor":["M","$","M","M","M","R","E","R","T","M","E","R","M","?","R","B",null,"M","M","M","?","?","R","E","M","T","$","R","M","R","E","R"],"character_chosen":"IRONCLAD","items_purchased":["Thunderclap","Regal Pillow","Omamori","True Grit","Body Slam"],"gold_per_floor":[111,10,25,36,53,53,81,81,106,125,156,156,175,205,205,283,283,296,314,326,326,526,526,560,574,623,142,142,158,158,190,190],"floor_reached":33,"campfire_rested":2,"playtime":1645,"current_hp_per_floor":[68,68,69,69,69,69,34,34,34,37,42,42,48,48,48,27,61,52,58,50,50,50,50,13,19,19,19,19,16,52,33,69],"items_purged":["Parasite","Strike_R"],"gold":190,"score":520,"play_id":"6730c01d-09ca-47ea-941a-cb227427cc12","is_prod":false,"is_daily":false,"is_ascension_mode":true,"campfire_upgraded":6,"path_taken":["M","$","?","M","M","R","E","R","T","M","E","R","M","?","R","BOSS","M","M","M","?","?","R","E","?","T","$","R","M","R","E","R","BOSS"],"build_version":"2018-02-23-BETA1","purchased_purges":2,"victory":false,"master_deck":["Strike_R","Strike_R","Strike_R","Strike_R","Defend_R+1","Defend_R","Defend_R","Defend_R","Bash","Cleave","Thunderclap","True Grit+1","Whirlwind+1","Ghostly Armor+1","Metallicize+1","Metallicize+1","Seeing Red","Pommel Strike+1","Battle Trance","True Grit+1","Body Slam","Anger","Double Tap"],"max_hp_per_floor":[75,72,72,72,72,72,72,72,72,72,72,72,72,72,72,72,72,72,72,72,72,72,72,72,72,72,72,72,72,72,72,72],"relics":["Burning Blood","Happy Flower","Orichalcum","War Paint","Bag of Preparation","Kunai","Sozu","Paper Frog","Oddly Smooth Stone","Regal Pillow","Omamori","Pen Nib"],"card_choices":[{"not_picked":["Sever Soul","Body Slam"],"picked":"Cleave"},{"not_picked":["Thunderclap","Havoc"],"picked":"True Grit"},{"not_picked":["Power Through","Flame Barrier"],"picked":"Whirlwind"},{"not_picked":["Demon Form","Havoc"],"picked":"Ghostly Armor"},{"not_picked":["Clash","Twin Strike"],"picked":"Metallicize"},{"not_picked":["Wild Strike","Searing Blow"],"picked":"Metallicize"},{"not_picked":["Clothesline","Cleave"],"picked":"Seeing Red"},{"not_picked":["Second Wind","Clothesline"],"picked":"Pommel Strike"},{"not_picked":["Reckless Charge","Cleave"],"picked":"Battle Trance"},{"not_picked":["Iron Wave","Whirlwind"],"picked":"Anger"},{"not_picked":["Body Slam","Anger"],"picked":"Double Tap"}],"player_experience":780594,"potions_floor_usage":[7,7,11,16],"damage_taken":[{"damage":6,"enemies":"Cultist","floor":1,"turns":4},{"damage":5,"enemies":"2 Louse","floor":3,"turns":2},{"damage":6,"enemies":"Jaw Worm","floor":4,"turns":4},{"damage":6,"enemies":"Red Slaver","floor":5,"turns":5},{"damage":41,"enemies":"Lagavulin","floor":7,"turns":8},{"damage":3,"enemies":"Exordium Thugs","floor":10,"turns":5},{"damage":1,"enemies":"3 Sentries","floor":11,"turns":2},{"damage":0,"enemies":"Lots of Slimes","floor":13,"turns":1},{"damage":27,"enemies":"The Guardian","floor":16,"turns":15},{"damage":15,"enemies":"2 Thieves","floor":18,"turns":4},{"damage":0,"enemies":"Shell Parasite","floor":19,"turns":5},{"damage":14,"enemies":"Sentry and Sphere","floor":20,"turns":6},{"damage":43,"enemies":"Gremlin Leader","floor":24,"turns":8},{"damage":0,"enemies":"Centurion and Healer","floor":25,"turns":7},{"damage":9,"enemies":"Cultist and Chosen","floor":29,"turns":6},{"damage":25,"enemies":"Slavers","floor":31,"turns":7},{"damage":100,"enemies":"Automaton","floor":33,"turns":12}],"event_choices":[{"event_name":"Dead Adventurer","player_choice":"Searched \u00272\u0027 times","floor":14,"damage_taken":0},{"event_name":"Drug Dealer","player_choice":"Ignored","floor":21,"damage_taken":0},{"event_name":"Wheel of Change","player_choice":"Gold","floor":22,"damage_taken":0}],"boss_relics":[{"not_picked":["Eternal Feather","Black Star"],"picked":"Sozu"}],"potions_floor_spawned":[1,3,7,13,24],"seed_played":"2554539474390843960","killed_by":"Automaton","ascension_level":15,"is_trial":false}