{"path_per_floor":["M","M","M","M","?","R","M","R","T","T","$","R","M","M","R","B",null,"M","?","?","M","$","R","E","M","T","M","M","M","R","E","R","B",null,"M","M","M","?","M","R","E","R","T","R","M","$","$","M","R","B"],"character_chosen":"IRONCLAD","items_purchased":["Inflame","Shrug It Off","Paper Frog","Inflame"],"gold_per_floor":[12,26,40,56,131,131,143,143,166,190,42,42,59,72,72,149,149,162,162,77,95,46,46,73,87,87,101,111,131,131,158,158,232,232,248,261,279,249,259,259,289,289,313,313,324,67,27,42,42,42],"floor_reached":51,"campfire_rested":1,"playtime":2010,"current_hp_per_floor":[72,75,75,74,63,63,64,64,64,64,64,64,70,72,72,50,67,71,50,50,46,46,67,56,64,64,72,72,72,72,70,70,65,70,72,72,64,64,60,60,60,60,67,67,77,77,77,73,73,52],"items_purged":["Parasite"],"gold":42,"score":948,"play_id":"db3f7444-5efa-458b-ab3b-86d29b0ffab9","is_prod":false,"is_daily":false,"is_ascension_mode":true,"campfire_upgraded":8,"path_taken":["M","M","M","M","?","R","M","R","T","?","?","R","M","M","R","BOSS","M","?","?","?","$","R","E","M","T","M","M","M","R","E","R","BOSS","M","M","M","?","?","R","E","R","T","R","M","?","$","M","R","BOSS"],"build_version":"2018-02-23-BETA1","purchased_purges":1,"victory":true,"master_deck":["Strike_R+1","Defend_R","Defend_R","Defend_R","Bash","Flex+1","Armaments+1","Uppercut+1","Thunderclap","Shrug It Off","Inflame","Limit Break+1","Pummel","Reaper","True Grit+1","Shrug It Off","Shrug It Off","Ghostly Armor","Clothesline+1","Whirlwind+1","Pommel Strike+1","Impervious+1","Seeing Red+1","Dark Embrace+1","Evolve+1","Inflame+1","Twin Strike+1"],"max_hp_per_floor":[75,75,75,75,75,75,75,75,75,75,72,72,72,72,72,72,72,72,72,72,72,72,72,72,72,72,72,72,72,72,72,72,72,72,72,72,72,72,72,72,72,72,79,79,79,79,79,79,79,79],"relics":["Burning Blood","Thread and Needle","Pen Nib","Omamori","Mark of Pain","Necronomicon","Bird Faced Urn","Happy Flower","Peace Pipe","Lantern","Astrolabe","Whetstone","Strawberry","Paper Frog"],"card_choices":[{"not_picked":["Metallicize","Havoc"],"picked":"Flex"},{"not_picked":["Fire Breathing","Thunderclap"],"picked":"Armaments"},{"not_picked":["Intimidate","Armaments"],"picked":"Uppercut"},{"not_picked":["Clash","Anger"],"picked":"Thunderclap"},{"not_picked":["Rampage","Iron Wave"],"picked":"Shrug It Off"},{"not_picked":["Dropkick","Twin Strike"],"picked":"Limit Break"},{"not_picked":["Perfected Strike","Uppercut"],"picked":"Pummel"},{"not_picked":["Immolate","Double Tap"],"picked":"Reaper"},{"not_picked":["Sword Boomerang","Metallicize"],"picked":"True Grit"},{"not_picked":["Anger","Warcry"],"picked":"Shrug It Off"},{"not_picked":["Bludgeon","Inflame"],"picked":"Ghostly Armor"},{"not_picked":["Power Through","Infernal Blade"],"picked":"Clothesline"},{"not_picked":["Infernal Blade","Seeing Red"],"picked":"Whirlwind"},{"not_picked":["Clothesline","Clash"],"picked":"Pommel Strike"},{"not_picked":["Metallicize","Thunderclap"],"picked":"Evolve"},{"not_picked":["Dropkick","Anger"],"picked":"Twin Strike"}],"player_experience":782239,"potions_floor_usage":[21,24,27,27,50,50],"damage_taken":[{"damage":2,"enemies":"Jaw Worm","floor":1,"turns":3},{"damage":0,"enemies":"Small Slimes","floor":2,"turns":4},{"damage":0,"enemies":"2 Louse","floor":3,"turns":3},{"damage":7,"enemies":"Exordium Wildlife","floor":4,"turns":4},{"damage":5,"enemies":"Blue Slaver","floor":7,"turns":4},{"damage":0,"enemies":"2 Fungi Beasts","floor":13,"turns":4},{"damage":0,"enemies":"Large Slime","floor":14,"turns":5},{"damage":28,"enemies":"Hexaghost","floor":16,"turns":8},{"damage":2,"enemies":"Chosen","floor":18,"turns":3},{"damage":12,"enemies":"2 Thieves","floor":21,"turns":4},{"damage":19,"enemies":"Book of Stabbing","floor":24,"turns":6},{"damage":0,"enemies":"Snecko","floor":25,"turns":4},{"damage":0,"enemies":"3 Cultists","floor":27,"turns":5},{"damage":0,"enemies":"Snake Plant","floor":28,"turns":2},{"damage":0,"enemies":"Centurion and Healer","floor":29,"turns":5},{"damage":8,"enemies":"Slavers","floor":31,"turns":2},{"damage":13,"enemies":"Collector","floor":33,"turns":7},{"damage":8,"enemies":"Flame Bruiser 1 Orb","floor":35,"turns":3},{"damage":0,"enemies":"3 Shapes","floor":36,"turns":6},{"damage":14,"enemies":"Sphere and 2 Shapes","floor":37,"turns":4},{"damage":12,"enemies":"4 Shapes","floor":39,"turns":2},{"damage":12,"enemies":"Giant Head","floor":41,"turns":6},{"damage":0,"enemies":"Spire Growth","floor":45,"turns":3},{"damage":12,"enemies":"Flame Bruiser 2 Orb","floor":48,"turns":5},{"damage":35,"enemies":"Time Eater","floor":50,"turns":7}],"event_choices":[{"event_name":"World of Goop","player_choice":"Gather Gold","floor":5,"damage_taken":0},{"event_name":"Cursed Tome","player_choice":"Obtained Book","floor":19,"damage_taken":0},{"event_name":"Addict","player_choice":"Obtained Relic","floor":20,"damage_taken":0},{"event_name":"The Woman in Blue","player_choice":"Bought 2 Potions","floor":38,"damage_taken":0}],"boss_relics":[{"not_picked":["Lizard Tail","Orrery"],"picked":"Mark of Pain"},{"not_picked":["Runic Pyramid","Runic Dome"],"picked":"Astrolabe"}],"potions_floor_spawned":[1,2,7,13,24,27,28,39,41],"seed_played":"-4085803924544364812","ascension_level":15,"is_trial":false}