{"path_per_floor":["M","M","?","$","?","R","M","E","T","M","M","R","?","?","R","B",null,"M","M","?","$"],"character_chosen":"IRONCLAD","items_purchased":["Rampage","True Grit","Toxic Egg 2"],"gold_per_floor":[116,130,130,6,6,6,26,55,78,90,108,108,108,258,258,330,330,341,309,309,50],"floor_reached":22,"campfire_rested":1,"playtime":1035,"current_hp_per_floor":[53,59,59,59,24,24,24,29,29,30,29,29,22,22,42,11,54,52,47,47,47],"items_purged":[],"gold":50,"score":322,"play_id":"89ee29a8-656e-4975-b64c-b1e3cd79711d","is_prod":false,"is_daily":false,"is_ascension_mode":true,"campfire_upgraded":2,"path_taken":["M","M","?","$","?","R","M","E","T","M","M","R","?","?","R","BOSS","M","M","?","$","M"],"build_version":"2018-02-22-BETA1","purchased_purges":0,"victory":false,"master_deck":["Strike_R","Strike_R","Strike_R","Defend_R","Defend_R","Defend_R+1","Defend_R","Bash","Shrug It Off+1","Body Slam+1","Rampage+1","True Grit+1","Shrug It Off","Shrug It Off","Doubt","Impervious","Metallicize","Body Slam"],"max_hp_per_floor":[65,65,65,65,65,65,65,68,68,68,68,68,68,68,68,68,68,68,68,68,68],"relics":["Burning Blood","Dead Branch","Oddly Smooth Stone","War Paint","Mark of Pain","Toxic Egg 2"],"card_choices":[{"not_picked":["Uppercut","Anger"],"picked":"Shrug It Off"},{"not_picked":["Ghostly Armor","Shrug It Off"],"picked":"Body Slam"},{"not_picked":["Iron Wave","Fire Breathing"],"picked":"Shrug It Off"},{"not_picked":["Clothesline","Pommel Strike"],"picked":"Shrug It Off"},{"not_picked":["Exhume","Demon Form"],"picked":"Impervious"},{"not_picked":["Heavy Blade","Sword Boomerang"],"picked":"Metallicize"}],"player_experience":768262,"potions_floor_usage":[8,16,18],"damage_taken":[{"damage":18,"enemies":"Jaw Worm","floor":1,"turns":5},{"damage":0,"enemies":"Cultist","floor":2,"turns":3},{"damage":6,"enemies":"2 Louse","floor":7,"turns":4},{"damage":4,"enemies":"3 Sentries","floor":8,"turns":8},{"damage":5,"enemies":"Looter","floor":10,"turns":3},{"damage":7,"enemies":"Exordium Thugs","floor":11,"turns":6},{"damage":37,"enemies":"Hexaghost","floor":16,"turns":15},{"damage":8,"enemies":"Spheric Guardian","floor":18,"turns":10},{"damage":11,"enemies":"2 Thieves","floor":19,"turns":5},{"damage":48,"enemies":"Cultist and Chosen","floor":22,"turns":4}],"event_choices":[{"event_name":"Accursed Blacksmith","player_choice":"Forge","floor":3,"damage_taken":0},{"event_name":"Scrap Ooze","player_choice":"success","floor":5,"damage_taken":35},{"event_name":"Golden Wing","player_choice":"Card Removal","floor":13,"damage_taken":0},{"event_name":"Liars Game","player_choice":"agreed","floor":14,"damage_taken":0},{"event_name":"Match and Keep!","player_choice":"1 cards matched","floor":20,"damage_taken":0}],"boss_relics":[{"not_picked":["Astrolabe","Snecko Eye"],"picked":"Mark of Pain"}],"potions_floor_spawned":[1,7,16],"seed_played":"-3281455129422303700","killed_by":"Cultist and Chosen","ascension_level":15,"is_trial":false}