{"path_per_floor":["M","M","M","$","M","E","R","E","T","R","M","M","M","M","R","B",null,"M","?","M","$","M","R","M","R","T","$","M","R","M","M","R"],"character_chosen":"IRONCLAD","items_purchased":["Inflame"],"gold_per_floor":[12,28,45,45,65,97,97,131,131,131,147,157,167,180,180,251,251,265,265,280,167,186,186,201,201,201,101,118,118,128,146,146],"floor_reached":33,"campfire_rested":1,"playtime":1113,"current_hp_per_floor":[66,63,65,65,64,67,67,49,49,49,42,51,42,51,51,22,62,60,52,52,49,41,41,42,42,42,42,49,49,47,10,24],"items_purged":["Parasite","Bite"],"gold":146,"score":490,"play_id":"e0671772-21b9-4028-8dc6-d88f508f0664","is_prod":false,"is_daily":false,"is_ascension_mode":true,"campfire_upgraded":6,"path_taken":["M","M","M","$","M","E","R","E","T","R","?","M","M","M","R","BOSS","M","?","M","$","?","R","M","R","T","?","M","R","M","M","R","BOSS"],"build_version":"2018-02-21-BETA2","purchased_purges":2,"victory":false,"master_deck":["Defend_R","Defend_R","Defend_R","Defend_R","Bash","Sword Boomerang","Thunderclap","Armaments+1","Clash+1","Cleave+1","Clash","Clash+1","Shrug It Off+1","Offering","Bite","Bite","Bite","Bite","Inflame+1","Spot Weakness","Impervious"],"max_hp_per_floor":[75,75,75,75,75,75,75,75,75,75,75,75,75,75,75,75,75,75,52,52,49,49,49,49,49,49,49,49,49,49,49,49],"relics":["Burning Blood","Magic Flower","Vajra","Sozu","Oddly Smooth Stone"],"card_choices":[{"not_picked":["Anger","Corruption"],"picked":"Sword Boomerang"},{"not_picked":["Barricade","Heavy Blade"],"picked":"Thunderclap"},{"not_picked":["Havoc","True Grit"],"picked":"Armaments"},{"not_picked":["Burning Pact","Demon Form"],"picked":"Clash"},{"not_picked":["Warcry","Flex"],"picked":"Cleave"},{"not_picked":["Iron Wave","Sentinel"],"picked":"Clash"},{"not_picked":["Clothesline","Intimidate"],"picked":"Clash"},{"not_picked":["Sword Boomerang","Demon Form"],"picked":"Shrug It Off"},{"not_picked":["Demon Form","Dark Embrace"],"picked":"Offering"},{"not_picked":["Body Slam","Sword Boomerang"],"picked":"Spot Weakness"},{"not_picked":["Cleave","Armaments"],"picked":"Impervious"}],"player_experience":746943,"potions_floor_usage":[16],"damage_taken":[{"damage":11.0,"enemies":"Cultist","floor":1.0,"turns":4.0},{"damage":12.0,"enemies":"Small Slimes","floor":2.0,"turns":4.0},{"damage":7.0,"enemies":"Jaw Worm","floor":3.0,"turns":4.0},{"damage":10.0,"enemies":"2 Fungi Beasts","floor":5.0,"turns":3.0},{"damage":6.0,"enemies":"Gremlin Nob","floor":6.0,"turns":3.0},{"damage":27.0,"enemies":"Lagavulin","floor":8.0,"turns":5.0},{"damage":16,"enemies":"Gremlin Gang","floor":11,"turns":4},{"damage":0,"enemies":"Exordium Thugs","floor":12,"turns":3},{"damage":18,"enemies":"Large Slime","floor":13,"turns":3},{"damage":0,"enemies":"Blue Slaver","floor":14,"turns":3},{"damage":38,"enemies":"Slime Boss","floor":16,"turns":6},{"damage":11,"enemies":"2 Thieves","floor":18,"turns":2},{"damage":4,"enemies":"3 Byrds","floor":20,"turns":2},{"damage":32,"enemies":"Snecko","floor":22,"turns":5},{"damage":16,"enemies":"Sentry and Sphere","floor":24,"turns":4},{"damage":4,"enemies":"3 Cultists","floor":28,"turns":3},{"damage":19,"enemies":"Centurion and Healer","floor":30,"turns":5},{"damage":62,"enemies":"Cultist and Chosen","floor":31,"turns":7},{"damage":55,"enemies":"Collector","floor":33,"turns":5}],"event_choices":[{"event_name":"Vampires","player_choice":"Became a vampire","floor":19,"damage_taken":0}],"boss_relics":[{"not_picked":["Snecko Eye","Tiny House"],"picked":"Sozu"}],"potions_floor_spawned":[3,5,6,11,13,20,30,31],"seed_played":"-8032994483203406550","killed_by":"Collector","ascension_level":15,"is_trial":false}