{"path_per_floor":["M","M","M","M","?","R","$","R","T","?","M","$","M","$","R","B",null,"M","?","M","M","M","R","$","R","T","?"],"character_chosen":"IRONCLAD","items_purchased":["Flex","Thunderclap","Clash","Whetstone","Bag of Preparation"],"gold_per_floor":[113,127,139,155,155,155,54,54,108,183,193,42,53,4,4,100,100,114,314,334,344,361,361,64,64,64,64],"floor_reached":28,"campfire_rested":0,"playtime":634,"current_hp_per_floor":[66,65,69,71,64,64,64,64,64,53,46,46,48,48,48,65,86,86,86,86,44,30,30,30,30,44,44],"items_purged":["Defend_R","Defend_R"],"gold":64,"score":235,"play_id":"dbc7a722-c3e5-44a1-aec4-db92ed6ed282","is_prod":false,"is_daily":false,"is_ascension_mode":false,"campfire_upgraded":5,"path_taken":["M","M","M","M","?","R","$","R","T","?","M","$","M","?","R","BOSS","M","?","M","M","M","R","$","R","T","?","M"],"build_version":"2018-02-19-BETA1","purchased_purges":2,"victory":false,"master_deck":["Strike_R","Strike_R","Strike_R+1","Strike_R","Strike_R","Defend_R","Defend_R","Bash","Disarm+1","Flex+1","Feed","Thunderclap+1","Clash","Pommel Strike+1","Thunderclap","Pommel Strike+1","Pommel Strike","Whirlwind+1","Clash","Decay"],"max_hp_per_floor":[80,80,80,80,80,80,80,80,80,80,80,80,83,83,83,86,86,86,86,86,86,86,86,86,86,100,100],"relics":["Burning Blood","Sundial","Bronze Scales","Orrery","Whetstone","Bag of Preparation","Mango"],"card_choices":[{"not_picked":["Clothesline","Evolve"],"picked":"Disarm"},{"not_picked":["Sentinel","Iron Wave"],"picked":"Feed"},{"not_picked":["Thunderclap","Warcry"],"picked":"Pommel Strike"},{"not_picked":["Rage","Uppercut"],"picked":"Thunderclap"},{"not_picked":["Sentinel","Blood for Blood"],"picked":"Pommel Strike"},{"not_picked":["Burning Pact","Combust"],"picked":"Pommel Strike"},{"not_picked":["Battle Trance","Havoc"],"picked":"Whirlwind"},{"not_picked":["Warcry","Feel No Pain"],"picked":"Clash"}],"player_experience":728611,"potions_floor_usage":[16,16,16,18,21],"damage_taken":[{"damage":20,"enemies":"Jaw Worm","floor":1,"turns":5},{"damage":7,"enemies":"2 Louse","floor":2,"turns":3},{"damage":2,"enemies":"Small Slimes","floor":3,"turns":3},{"damage":4,"enemies":"2 Fungi Beasts","floor":4,"turns":4},{"damage":13,"enemies":"Large Slime","floor":11,"turns":4},{"damage":7,"enemies":"Blue Slaver","floor":13,"turns":2},{"damage":4,"enemies":"Slime Boss","floor":16,"turns":5},{"damage":0,"enemies":"Chosen","floor":18,"turns":3},{"damage":5,"enemies":"3 Byrds","floor":20,"turns":4},{"damage":48,"enemies":"Snecko","floor":21,"turns":6},{"damage":20,"enemies":"Centurion and Healer","floor":22,"turns":5},{"damage":45,"enemies":"Slaver and Parasite","floor":28,"turns":4}],"event_choices":[{"event_name":"Scrap Ooze","player_choice":"success","floor":5,"damage_taken":7},{"event_name":"World of Goop","player_choice":"Gather Gold","floor":10,"damage_taken":0},{"event_name":"Wheel of Change","player_choice":"Gold","floor":19,"damage_taken":0},{"event_name":"Forgotten Altar","player_choice":"Smashed Altar","floor":27,"damage_taken":0}],"boss_relics":[{"not_picked":["Snecko Eye","Runic Pyramid"],"picked":"Orrery"}],"potions_floor_spawned":[2,4,13,16,20],"seed_played":"-4971928355102885864","killed_by":"Slaver and Parasite","ascension_level":0,"is_trial":false}