{"path_per_floor":["M","M","M","M","?","R","M","R","T","R","M","M","M","$","R","B",null,"M","M","M","$","M","R","M","R","T","R","?","M","M","M","R","B",null,"M","$","?","?","M","R","M","R","T","?","$","?","$","M","R","B"],"character_chosen":"IRONCLAD","items_purchased":["Whirlwind","Inflame","Dropkick"],"gold_per_floor":[109,125,135,155,155,155,166,166,166,166,179,191,202,13,13,111,111,126,146,161,61,72,72,87,87,87,87,87,106,126,136,136,236,236,247,53,53,53,63,63,78,78,78,0,0,0,0,11,11,11],"floor_reached":51,"campfire_rested":2,"playtime":960,"current_hp_per_floor":[80,80,80,74,67,67,73,73,73,73,69,65,62,62,62,59,80,76,80,65,65,61,61,67,67,67,67,67,52,38,44,68,54,80,80,80,80,80,80,80,54,78,78,78,78,80,80,76,76,31],"items_purged":["Defend_R","Defend_R","Defend_R"],"gold":11,"score":495,"play_id":"52432773-f214-41b5-a94c-15089a60c893","is_prod":false,"is_daily":false,"is_ascension_mode":false,"campfire_upgraded":9,"path_taken":["M","M","M","M","?","R","M","R","T","R","M","M","M","$","R","BOSS","M","M","M","$","M","R","M","R","T","R","?","?","M","M","R","BOSS","M","$","?","?","M","R","?","R","T","?","$","?","$","?","R","BOSS"],"build_version":"2018-02-19-BETA1","purchased_purges":3,"victory":true,"master_deck":["Strike_R","Strike_R+1","Strike_R","Strike_R","Bash","Twin Strike+1","Clash+1","Thunderclap","Flex+1","Thunderclap","Whirlwind+1","Inflame+1","Cleave+1","Seeing Red+1","Reaper","Offering+1","Clash+1","Dropkick+1","Thunderclap+1"],"max_hp_per_floor":[80,80,80,80,80,80,80,80,80,80,80,80,80,80,80,80,80,80,80,80,80,80,80,80,80,80,80,80,80,80,80,80,80,80,80,80,80,80,80,80,80,80,80,80,80,80,80,80,80,80],"relics":["Burning Blood","Gambling Chip","Lizard Tail","Omamori","White Beast Statue","Ginger","Red Mask"],"card_choices":[{"not_picked":["Havoc","Carnage"],"picked":"Twin Strike"},{"not_picked":["Fire Breathing","Infernal Blade"],"picked":"Clash"},{"not_picked":["Wild Strike","Rupture"],"picked":"Thunderclap"},{"not_picked":["Iron Wave","Thunderclap"],"picked":"Flex"},{"not_picked":["Intimidate","Shrug It Off"],"picked":"Thunderclap"},{"not_picked":["Rupture","Shrug It Off"],"picked":"Cleave"},{"not_picked":["Iron Wave","Thunderclap"],"picked":"Seeing Red"},{"not_picked":["Anger","Armaments"],"picked":"Offering"},{"not_picked":["Iron Wave","Feel No Pain"],"picked":"Clash"},{"not_picked":["Headbutt","Perfected Strike"],"picked":"Thunderclap"}],"player_experience":730930,"potions_floor_usage":[50,50],"damage_taken":[{"damage":1.0,"enemies":"Cultist","floor":1.0,"turns":3.0},{"damage":0.0,"enemies":"2 Louse","floor":2.0,"turns":2.0},{"damage":5.0,"enemies":"Small Slimes","floor":3.0,"turns":2.0},{"damage":12.0,"enemies":"Blue Slaver","floor":4.0,"turns":2.0},{"damage":0.0,"enemies":"2 Fungi Beasts","floor":7.0,"turns":2.0},{"damage":10.0,"enemies":"Looter","floor":11.0,"turns":2.0},{"damage":10.0,"enemies":"Exordium Thugs","floor":12.0,"turns":2.0},{"damage":9.0,"enemies":"2 Fungi Beasts","floor":13.0,"turns":2.0},{"damage":9.0,"enemies":"Slime Boss","floor":16.0,"turns":4.0},{"damage":10.0,"enemies":"Shell Parasite","floor":18.0,"turns":2.0},{"damage":0.0,"enemies":"Chosen","floor":19.0,"turns":3.0},{"damage":21.0,"enemies":"Snake Plant","floor":20.0,"turns":3.0},{"damage":10.0,"enemies":"Sentry and Sphere","floor":22.0,"turns":3.0},{"damage":0.0,"enemies":"Centurion and Healer","floor":24.0,"turns":4.0},{"damage":21.0,"enemies":"Snake Plant","floor":29.0,"turns":2.0},{"damage":30.0,"enemies":"Sentry and Sphere","floor":30.0,"turns":4.0},{"damage":0.0,"enemies":"Cultist and Chosen","floor":31.0,"turns":2.0},{"damage":38.0,"enemies":"Automaton","floor":33.0,"turns":5.0},{"damage":4.0,"enemies":"Orb Walker","floor":35.0,"turns":1.0},{"damage":0.0,"enemies":"3 Shapes","floor":39.0,"turns":1.0},{"damage":35.0,"enemies":"Sphere and 2 Shapes","floor":41.0,"turns":3.0},{"damage":32.0,"enemies":"4 Shapes","floor":48.0,"turns":2.0},{"damage":82,"enemies":"Donu and Deca","floor":50,"turns":4}],"event_choices":[{"event_name":"Golden Wing","player_choice":"Card Removal","floor":5.0,"damage_taken":0.0},{"event_name":"The Library","player_choice":"Read","floor":28.0,"damage_taken":0.0},{"event_name":"Mysterious Sphere","player_choice":"Ignore","floor":38.0,"damage_taken":0.0},{"event_name":"Tomb of Lord Red Mask","player_choice":"Paid","floor":44.0,"damage_taken":0.0},{"event_name":"Winding Halls","player_choice":"Writhe","floor":46.0,"damage_taken":0.0}],"boss_relics":[],"potions_floor_spawned":[3,11,13,16,24,29,30,33,35,39,41,48],"seed_played":"4861659322813570537","ascension_level":0,"is_trial":false}