{"path_per_floor":["M","M","M","M","M","R","E","R","T","R","M","?","$","?","R","B",null,"M","$","M","?","M","R","?","M","T","M","M","R","?","M","R","B",null,"M","M","M","M","M","R","M"],"character_chosen":"IRONCLAD","items_purchased":["Shrug It Off"],"gold_per_floor":[117,135,148,159,170,170,232,232,232,232,247,247,122,72,72,177,177,197,97,109,109,121,121,121,134,134,154,165,165,165,180,180,275,275,286,299,313,324,341,341,352],"floor_reached":42,"campfire_rested":1,"playtime":2350,"current_hp_per_floor":[80,80,76,67,69,69,51,51,51,51,49,46,46,46,46,21,80,80,80,80,80,80,80,80,60,60,62,64,64,64,51,75,59,80,78,58,53,50,46,46,9],"items_purged":["Strike_R","Strike_R"],"gold":352,"score":358,"play_id":"ae903f37-97c5-4df5-935e-793729be4edb","is_prod":false,"is_daily":false,"is_ascension_mode":false,"campfire_upgraded":7,"path_taken":["M","M","M","M","M","R","E","R","T","R","M","?","$","?","R","BOSS","M","$","M","?","M","R","?","?","T","M","M","R","?","M","R","BOSS","M","M","M","M","M","R","M","?"],"build_version":"2018-02-19-BETA1","purchased_purges":2,"victory":false,"master_deck":["Strike_R","Defend_R","Defend_R","Defend_R","Defend_R","Bash","Dark Embrace+1","Feel No Pain+1","Rampage+1","Rampage+1","True Grit+1","Disarm","Infernal Blade+1","Headbutt","Shrug It Off","Offering","Warcry+1","Feel No Pain+1","Intimidate","True Grit+1","Offering","Double Tap","Evolve+1"],"max_hp_per_floor":[80,80,80,80,80,80,80,80,80,80,80,80,80,80,80,80,80,80,80,80,80,80,80,80,80,80,80,80,80,80,80,80,80,80,80,80,80,80,80,80,80],"relics":["Burning Blood","Tiny Chest","Torii","Charon\u0027s Ashes","Question Card","Vajra","White Beast Statue"],"card_choices":[{"not_picked":["Clash","Entrench"],"picked":"Feel No Pain"},{"not_picked":["Blood for Blood","Carnage"],"picked":"Rampage"},{"not_picked":["Perfected Strike","Entrench"],"picked":"Rampage"},{"not_picked":["Corruption","Metallicize"],"picked":"True Grit"},{"not_picked":["Anger","Limit Break"],"picked":"Disarm"},{"not_picked":["Bloodletting","Clothesline"],"picked":"Infernal Blade"},{"not_picked":["Pummel","Iron Wave"],"picked":"Headbutt"},{"not_picked":["Demon Form","Bludgeon"],"picked":"Offering"},{"not_picked":["Power Through","Havoc","Heavy Blade"],"picked":"Warcry"},{"not_picked":["Burning Pact","Thunderclap","Heavy Blade"],"picked":"Intimidate"},{"not_picked":["Reckless Charge","Havoc","Carnage"],"picked":"True Grit"},{"not_picked":["Pommel Strike","Shrug It Off","Twin Strike"],"picked":"Double Tap"},{"not_picked":["Armaments","Anger","Rampage"],"picked":"Evolve"}],"player_experience":734355,"potions_floor_usage":[7,11,16,22,33,33,36,36,37,39,41],"damage_taken":[{"damage":2,"enemies":"2 Louse","floor":1,"turns":4},{"damage":6,"enemies":"Jaw Worm","floor":2,"turns":3},{"damage":10,"enemies":"Cultist","floor":3,"turns":4},{"damage":15,"enemies":"Looter","floor":4,"turns":3},{"damage":4,"enemies":"2 Fungi Beasts","floor":5,"turns":4},{"damage":24,"enemies":"Gremlin Nob","floor":7,"turns":4},{"damage":8,"enemies":"Large Slime","floor":11,"turns":5},{"damage":31,"enemies":"The Guardian","floor":16,"turns":9},{"damage":6,"enemies":"3 Byrds","floor":18,"turns":5},{"damage":4,"enemies":"Shell Parasite","floor":20,"turns":7},{"damage":5,"enemies":"Sentry and Sphere","floor":22,"turns":6},{"damage":26,"enemies":"Slaver and Parasite","floor":25,"turns":7},{"damage":4,"enemies":"Centurion and Healer","floor":27,"turns":5},{"damage":4,"enemies":"Snake Plant","floor":28,"turns":4},{"damage":19,"enemies":"Snecko","floor":31,"turns":7},{"damage":22,"enemies":"Champ","floor":33,"turns":9},{"damage":8,"enemies":"Orb Walker","floor":35,"turns":3},{"damage":41,"enemies":"Flame Bruiser 1 Orb","floor":36,"turns":8},{"damage":11,"enemies":"Spire Growth","floor":37,"turns":6},{"damage":9,"enemies":"Maw","floor":38,"turns":8},{"damage":25,"enemies":"3 Darklings","floor":39,"turns":7},{"damage":43,"enemies":"Sphere and 2 Shapes","floor":41,"turns":7},{"damage":12,"enemies":"4 Shapes","floor":42,"turns":3}],"event_choices":[{"event_name":"Scrap Ooze","player_choice":"success","floor":12,"damage_taken":3},{"event_name":"The Cleric","player_choice":"Card Removal","floor":14,"damage_taken":0},{"event_name":"Duplicator","player_choice":"One dupe","floor":21,"damage_taken":0},{"event_name":"Back to Basics","player_choice":"Elegance","floor":24,"damage_taken":0},{"event_name":"The Library","player_choice":"Read","floor":30,"damage_taken":0}],"boss_relics":[{"not_picked":["Calling Bell","Runic Pyramid"],"picked":"Question Card"},{"not_picked":["Runic Cube","Black Star"],"picked":"White Beast Statue"}],"potions_floor_spawned":[3,4,7,16,20,27,31,33,35,36,37,38,39,41],"seed_played":"8740364062330286067","killed_by":"4 Shapes","ascension_level":0,"is_trial":false}