{"path_per_floor":["M","$","M","M","M","R","?","E","T","R","M","M","R","M","R"],"character_chosen":"IRONCLAD","items_purchased":["Toxic Egg 2","Flex","Havoc"],"gold_per_floor":[361,20,34,53,67,67,67,99,99,99,113,131,131,145,145,145],"floor_reached":16,"campfire_rested":1,"playtime":879,"current_hp_per_floor":[28,28,33,39,40,40,65,19,19,19,23,24,24,25,47,0],"items_purged":[],"gold":145,"score":182,"play_id":"5d9e5c92-b32d-4e25-8ffa-a255908e443a","local_time":"20180322210854","is_prod":false,"is_daily":false,"is_ascension_mode":true,"campfire_upgraded":1,"timestamp":1521749334,"path_taken":["M","$","M","M","M","R","?","E","T","R","M","M","R","M","R","BOSS"],"build_version":"2018-03-22","purchased_purges":1,"victory":false,"master_deck":["Strike_R","Strike_R","Strike_R","Defend_R","Defend_R","Defend_R","Defend_R","Bash+1","AscendersBane","Cleave","Flex+1","Havoc+1","Thunderclap","True Grit+1","Rage+1","Ghostly Armor+1","Intimidate+1","Impervious+1","Shockwave+1"],"max_hp_per_floor":[75,75,75,75,75,75,75,75,75,75,75,75,75,75,75,75],"relics":["Burning Blood","Toxic Egg 2","Blood Vial","Peace Pipe"],"card_choices":[{"not_picked":["Anger","Pummel"],"picked":"Cleave","floor":1},{"not_picked":["Clash","Anger"],"picked":"Thunderclap","floor":3},{"not_picked":["Clash","Heavy Blade"],"picked":"True Grit","floor":4},{"not_picked":["Headbutt","Pommel Strike"],"picked":"Rage","floor":5},{"not_picked":["Spot Weakness","Wild Strike"],"picked":"Ghostly Armor","floor":8},{"not_picked":["Wild Strike","True Grit"],"picked":"Intimidate","floor":11},{"not_picked":["Sentinel","Anger"],"picked":"Impervious","floor":12},{"not_picked":["Headbutt","Searing Blow"],"picked":"Shockwave","floor":14}],"player_experience":840959,"potions_floor_usage":[5],"damage_taken":[{"damage":12,"enemies":"Small Slimes","floor":1,"turns":3},{"damage":1,"enemies":"Cultist","floor":3,"turns":3},{"damage":0,"enemies":"2 Louse","floor":4,"turns":2},{"damage":5,"enemies":"Lots of Slimes","floor":5,"turns":3},{"damage":52,"enemies":"Lagavulin","floor":8,"turns":8},{"damage":4,"enemies":"Looter","floor":11,"turns":4},{"damage":7,"enemies":"Large Slime","floor":12,"turns":5},{"damage":7,"enemies":"Blue Slaver","floor":14,"turns":6},{"damage":51,"enemies":"The Guardian","floor":16,"turns":12}],"event_choices":[{"event_name":"Big Fish","player_choice":"Banana","floor":7,"damage_taken":0}],"boss_relics":[],"potions_floor_spawned":[3,8,11,12],"seed_played":"-8307327848823810830","killed_by":"The Guardian","ascension_level":15,"is_trial":false}