{"path_per_floor":["M","$","M","M","M","R","E","M","T","M","R","E","M","M","R","B",null,"M","?","?","M","?","E","R","E","T","E","R","?","R","E","R","B",null,"M","$","M","M","?","E","?","?","T","M","R","M","E","M","R"],"character_chosen":"IRONCLAD","items_purchased":["Inflame","Ghostly Armor","Shrug It Off","Perfected Strike"],"gold_per_floor":[218,33,47,62,78,78,107,122,122,141,141,167,183,196,196,294,294,294,294,294,294,219,219,219,219,219,219,219,219,219,219,219,219,219,219,95,95,95,95,95,0,0,0,0,0,0,0,0,0],"floor_reached":50,"campfire_rested":2,"playtime":2005,"current_hp_per_floor":[80,80,76,74,70,70,40,46,46,47,47,47,53,43,43,34,80,73,73,80,80,80,56,56,35,35,43,43,27,51,59,59,23,80,80,80,80,80,70,78,78,80,80,80,80,78,78,80,80],"items_purged":["Strike_R","Defend_R"],"gold":0,"score":692,"play_id":"e2b03ae7-f7b6-4fb7-b350-826b0b19489e","local_time":"20180317211226","is_prod":false,"is_daily":false,"is_ascension_mode":false,"campfire_upgraded":7,"timestamp":1521317546,"path_taken":["M","$","M","M","M","R","E","M","T","M","R","E","M","M","R","BOSS","M","?","?","M","?","E","R","E","T","E","R","?","R","E","R","BOSS","M","$","M","M","?","E","?","?","T","M","R","M","E","M","R","BOSS"],"build_version":"2018-03-16","purchased_purges":2,"victory":false,"master_deck":["Strike_R","Strike_R","Strike_R","Defend_R","Defend_R+1","Defend_R","Bash+1","Evolve+1","Inflame+1","Ghostly Armor","Twin Strike","Thunderclap","Wild Strike","Flex+1","Twin Strike","Whirlwind+1","Seeing Red","Double Tap+1","Pommel Strike+1","Pommel Strike+1","Ghostly Armor+1","Whirlwind+1","Corruption","Pummel+1","Dark Embrace","Perfected Strike+1","Shrug It Off","Perfected Strike+1","Uppercut+1","Havoc+1","Madness","Madness","Perfected Strike+1","Twin Strike+1","Demon Form"],"max_hp_per_floor":[80,80,80,80,80,80,80,80,80,80,80,80,80,80,80,80,80,80,80,80,80,80,80,80,80,80,80,80,80,80,80,80,80,80,80,80,80,80,80,80,80,80,80,80,80,80,80,80,80],"relics":["Burning Blood","Bronze Scales","Smiling Mask","Charon\u0027s Ashes","Ectoplasm","Blood Vial","Anchor","Bag of Preparation","Vajra","Nilry\u0027s Codex","Matryoshka","Philosopher\u0027s Stone","Sundial","Red Mask","Torii","Pen Nib","Juzu Bracelet","War Paint"],"card_choices":[{"not_picked":["Clothesline","Feel No Pain"],"picked":"Evolve"},{"not_picked":["Headbutt","Clash"],"picked":"Twin Strike"},{"not_picked":["Intimidate","Corruption"],"picked":"Thunderclap"},{"not_picked":["Sever Soul","Second Wind"],"picked":"Wild Strike"},{"not_picked":["Uppercut","Exhume"],"picked":"Flex"},{"not_picked":["Reckless Charge","Rage"],"picked":"Twin Strike"},{"not_picked":["Heavy Blade","Flex"],"picked":"Whirlwind"},{"not_picked":["Sentinel","Sword Boomerang"],"picked":"Seeing Red"},{"not_picked":["Barricade","Reaper"],"picked":"Double Tap"},{"not_picked":["Metallicize","Sword Boomerang"],"picked":"Pommel Strike"},{"not_picked":["Sword Boomerang","Thunderclap"],"picked":"Ghostly Armor"},{"not_picked":["Rage","Wild Strike"],"picked":"Whirlwind"},{"not_picked":["Warcry","Pummel"],"picked":"Corruption"},{"not_picked":["Clothesline","Thunderclap"],"picked":"Pummel"},{"not_picked":["Immolate","Exhume"],"picked":"Dark Embrace"},{"not_picked":["Iron Wave","Body Slam"],"picked":"Perfected Strike"},{"not_picked":["Flex","Armaments"],"picked":"Uppercut"},{"not_picked":["Feed","Combust"],"picked":"Havoc"},{"not_picked":["Bloodletting","Wild Strike"],"picked":"Perfected Strike"},{"not_picked":["Whirlwind","Body Slam"],"picked":"Twin Strike"},{"not_picked":["Pommel Strike","Thunderclap"],"picked":"Demon Form"}],"player_experience":811332,"potions_floor_usage":[12,12,16,18,23,31,50,50,50],"damage_taken":[{"damage":1,"enemies":"Jaw Worm","floor":1,"turns":3},{"damage":10,"enemies":"Cultist","floor":3,"turns":4},{"damage":8,"enemies":"Small Slimes","floor":4,"turns":2},{"damage":10,"enemies":"Looter","floor":5,"turns":3},{"damage":36,"enemies":"Lagavulin","floor":7,"turns":6},{"damage":0,"enemies":"Red Slaver","floor":8,"turns":3},{"damage":5,"enemies":"Exordium Thugs","floor":10,"turns":3},{"damage":6,"enemies":"Gremlin Nob","floor":12,"turns":3},{"damage":0,"enemies":"Looter","floor":13,"turns":2},{"damage":16,"enemies":"Large Slime","floor":14,"turns":4},{"damage":15,"enemies":"Hexaghost","floor":16,"turns":7},{"damage":13,"enemies":"Chosen","floor":18,"turns":3},{"damage":5,"enemies":"3 Byrds","floor":21,"turns":3},{"damage":30,"enemies":"Book of Stabbing","floor":23,"turns":4},{"damage":29,"enemies":"Slavers","floor":25,"turns":3},{"damage":0,"enemies":"Gremlin Leader","floor":27,"turns":5},{"damage":0,"enemies":"Slavers","floor":31,"turns":2},{"damage":44,"enemies":"Champ","floor":33,"turns":10},{"damage":0,"enemies":"Flame Bruiser 1 Orb","floor":35,"turns":2},{"damage":0,"enemies":"3 Darklings","floor":37,"turns":2},{"damage":0,"enemies":"4 Shapes","floor":38,"turns":1},{"damage":0,"enemies":"2 Orb Walkers","floor":40,"turns":2},{"damage":0,"enemies":"Mysterious Sphere","floor":42,"turns":2},{"damage":0,"enemies":"Sphere and 2 Shapes","floor":44,"turns":2},{"damage":8,"enemies":"3 Darklings","floor":46,"turns":4},{"damage":8,"enemies":"Nemesis","floor":47,"turns":3},{"damage":1,"enemies":"4 Shapes","floor":48,"turns":3},{"damage":85,"enemies":"Awakened One","floor":50,"turns":3}],"event_choices":[{"event_name":"Duplicator","player_choice":"One dupe","floor":19,"damage_taken":0},{"event_name":"Wheel of Change","player_choice":"Full Heal","floor":20,"damage_taken":0},{"event_name":"Beggar","player_choice":"Gave Gold","floor":22,"damage_taken":0},{"event_name":"Cursed Tome","player_choice":"Obtained Book","floor":29,"damage_taken":0},{"event_name":"Winding Halls","player_choice":"Embrace Madness","floor":39,"damage_taken":0},{"event_name":"Tomb of Lord Red Mask","player_choice":"Paid","floor":41,"damage_taken":0},{"event_name":"Mysterious Sphere","player_choice":"Fight","floor":42,"damage_taken":0}],"boss_relics":[{"not_picked":["Lizard Tail","Cursed Key"],"picked":"Ectoplasm"},{"not_picked":["White Beast Statue","Runic Cube"],"picked":"Philosopher\u0027s Stone"}],"potions_floor_spawned":[3,5,7,12,13,14,16,23,27,31,33,38,40,46,47],"seed_played":"7750591416975977841","killed_by":"Awakened One","ascension_level":0,"is_trial":false}