{"path_per_floor":["M","M","M","$","M","E","R","M","T","E","$","E","?","?","R","B",null,"M","?","$","?","M","E","R","M","T","R","E","R","M","?","R","B",null,"M","$","M","M","M","R","?","R","T","R","M","R","?","M","R","B"],"character_chosen":"IRONCLAD","items_purchased":["Armaments","Lantern","Happy Flower","Heavy Blade","Paper Frog"],"gold_per_floor":[111,131,141,13,23,56,56,72,72,103,3,37,67,67,67,170,170,185,185,185,185,199,225,225,242,542,542,575,575,586,586,586,688,688,701,103,114,125,144,144,194,194,194,194,211,211,0,13,13,13],"floor_reached":51,"campfire_rested":2,"playtime":2317,"current_hp_per_floor":[51,51,57,57,59,45,45,52,52,57,57,52,40,28,28,26,94,91,91,91,91,86,62,62,48,48,48,33,33,35,16,60,70,99,92,92,79,87,91,91,88,88,88,88,84,84,84,56,99,96],"items_purged":["Strike_R","Strike_R"],"gold":13,"score":730,"play_id":"8a8aa264-0155-46ef-a096-c3f1d7d5e1bc","local_time":"20180324210124","is_prod":false,"is_daily":false,"is_ascension_mode":false,"campfire_upgraded":9,"timestamp":1521921684,"path_taken":["M","M","M","$","M","E","R","M","T","E","$","E","?","?","R","BOSS","M","?","$","?","M","E","R","M","T","R","E","R","M","?","R","BOSS","M","$","M","M","M","R","?","R","T","R","M","R","?","M","R","BOSS"],"build_version":"2018-03-22","purchased_purges":3,"victory":true,"master_deck":["Strike_R+1","Strike_R+1","Strike_R+1","Defend_R+1","Defend_R+1","Defend_R+1","Defend_R+1","Bash","Clothesline","Twin Strike","Twin Strike","Armaments+1","Pommel Strike+1","Demon Form+1","Flex+1","Cleave","Corruption+1","Sword Boomerang+1","Dark Embrace+1","Feel No Pain+1","Pummel+1","Shrug It Off+1","True Grit+1","Bludgeon+1","Shrug It Off+1","Heavy Blade+1","Sentinel+1","Flame Barrier+1","Sentinel","Pommel Strike+1","Writhe","Shrug It Off+1","Iron Wave+1"],"max_hp_per_floor":[94,94,94,94,94,94,94,94,94,94,94,94,94,94,94,94,94,94,94,94,94,94,94,94,94,94,94,94,94,94,99,99,99,99,99,99,99,99,99,99,99,99,99,99,99,99,99,99,99,99],"relics":["Burning Blood","Mango","Blood Vial","Gremlin Horn","Regal Pillow","Matryoshka","Odd Mushroom","Pantograph","Velvet Choker","War Paint","Old Coin","Molten Egg 2","Bag of Marbles","Cursed Key","Lantern","Happy Flower","Paper Frog","Sundial","Ancient Tea Set","Ornamental Fan","Red Mask"],"card_choices":[{"not_picked":["Ghostly Armor","Iron Wave"],"picked":"Clothesline","floor":1},{"not_picked":["True Grit","Sword Boomerang"],"picked":"Twin Strike","floor":2},{"not_picked":["Cleave","Pummel"],"picked":"Twin Strike","floor":3},{"not_picked":["Body Slam","Thunderclap"],"picked":"Pommel Strike","floor":5},{"not_picked":["Evolve","Double Tap"],"picked":"Demon Form","floor":6},{"not_picked":["Thunderclap","Pommel Strike"],"picked":"Flex","floor":8},{"not_picked":["Infernal Blade","Armaments"],"picked":"Cleave","floor":10},{"not_picked":["Iron Wave","Warcry"],"picked":"Corruption","floor":12},{"not_picked":["Anger","Twin Strike"],"picked":"Sword Boomerang","floor":13},{"not_picked":["Immolate","Barricade"],"picked":"Dark Embrace","floor":16},{"not_picked":["Reckless Charge","Body Slam"],"picked":"Feel No Pain","floor":18},{"not_picked":["Fire Breathing","Thunderclap"],"picked":"Pummel","floor":22},{"not_picked":["Heavy Blade","Havoc"],"picked":"Shrug It Off","floor":23},{"not_picked":["Cleave","Brutality"],"picked":"True Grit","floor":30},{"not_picked":["Barricade","Berserk"],"picked":"Bludgeon","floor":33},{"not_picked":["Ghostly Armor","Anger"],"picked":"Shrug It Off","floor":35},{"not_picked":["Searing Blow","Havoc"],"picked":"Sentinel","floor":37},{"not_picked":["Feel No Pain","Wild Strike"],"picked":"Flame Barrier","floor":38},{"not_picked":["Dual Wield","Wild Strike"],"picked":"Sentinel","floor":39},{"not_picked":["Fire Breathing","Armaments"],"picked":"Pommel Strike","floor":41},{"not_picked":["Havoc","Headbutt"],"picked":"Shrug It Off","floor":45},{"not_picked":["Rage","Thunderclap"],"picked":"Iron Wave","floor":48}],"player_experience":855642,"potions_floor_usage":[6,10,10,23,28,41,41,50],"damage_taken":[{"damage":9,"enemies":"Small Slimes","floor":1,"turns":4},{"damage":6,"enemies":"2 Louse","floor":2,"turns":3},{"damage":0,"enemies":"Cultist","floor":3,"turns":2},{"damage":4,"enemies":"3 Louse","floor":5,"turns":5},{"damage":20,"enemies":"Gremlin Nob","floor":6,"turns":4},{"damage":1,"enemies":"Exordium Wildlife","floor":8,"turns":4},{"damage":3,"enemies":"3 Sentries","floor":10,"turns":5},{"damage":13,"enemies":"Lagavulin","floor":12,"turns":6},{"damage":20,"enemies":"The Mushroom Lair","floor":13,"turns":4},{"damage":35,"enemies":"Slime Boss","floor":16,"turns":6},{"damage":9,"enemies":"Shell Parasite","floor":18,"turns":6},{"damage":13,"enemies":"3 Byrds","floor":22,"turns":5},{"damage":47,"enemies":"Slavers","floor":23,"turns":6},{"damage":22,"enemies":"Snake Plant","floor":25,"turns":6},{"damage":23,"enemies":"Book of Stabbing","floor":28,"turns":7},{"damage":6,"enemies":"Cultist and Chosen","floor":30,"turns":6},{"damage":23,"enemies":"Champ","floor":33,"turns":9},{"damage":13,"enemies":"Orb Walker","floor":35,"turns":3},{"damage":21,"enemies":"3 Darklings","floor":37,"turns":5},{"damage":0,"enemies":"Flame Bruiser 2 Orb","floor":38,"turns":2},{"damage":4,"enemies":"Maw","floor":39,"turns":6},{"damage":11,"enemies":"Mysterious Sphere","floor":41,"turns":4},{"damage":12,"enemies":"Spire Growth","floor":45,"turns":3},{"damage":36,"enemies":"4 Shapes","floor":48,"turns":8},{"damage":9,"enemies":"Donu and Deca","floor":50,"turns":7}],"event_choices":[{"event_name":"Mushrooms","player_choice":"Fought Mushrooms","floor":13,"damage_taken":0},{"event_name":"Scrap Ooze","player_choice":"success","floor":14,"damage_taken":12},{"event_name":"Back to Basics","player_choice":"Simplicity","floor":19,"damage_taken":0},{"event_name":"Upgrade Shrine","player_choice":"Upgraded","floor":21,"damage_taken":0},{"event_name":"Forgotten Altar","player_choice":"Shed Blood","floor":31,"damage_taken":0},{"event_name":"Mysterious Sphere","player_choice":"Fight","floor":41,"damage_taken":0},{"event_name":"Tomb of Lord Red Mask","player_choice":"Paid","floor":47,"damage_taken":0}],"boss_relics":[{"not_picked":["Calling Bell","Runic Cube"],"picked":"Velvet Choker"},{"not_picked":["Black Star","Pandora\u0027s Box"],"picked":"Cursed Key"}],"potions_floor_spawned":[2,6,8,12,23,28,30,37,39,41,45],"seed_played":"-7493007660585406091","ascension_level":0,"is_trial":false}