{"path_per_floor":["M","?","M","M","?","R","?","R","T","R","$","M","$","E","R","B",null,"M","?","M","?","?","R","E","M","T"],"character_chosen":"IRONCLAD","items_purchased":["Pommel Strike","Pommel Strike"],"gold_per_floor":[117,87,106,117,117,117,117,117,168,168,46,64,37,69,69,142,142,112,112,131,131,163,163,188,203,253,253],"floor_reached":27,"campfire_rested":2,"playtime":2300,"current_hp_per_floor":[41,41,36,37,37,37,19,19,19,19,19,37,37,51,79,22,78,62,62,57,28,20,50,41,46,46,0],"items_purged":["Strike_R"],"gold":253,"score":426,"play_id":"1442a9f9-afe5-4050-b174-9241529090ae","local_time":"20180323205307","is_prod":false,"is_daily":false,"is_ascension_mode":true,"campfire_upgraded":3,"timestamp":1521834787,"path_taken":["M","?","M","M","?","R","?","R","T","R","$","M","$","E","R","BOSS","M","?","?","?","?","R","E","M","T","E"],"build_version":"2018-03-22","purchased_purges":1,"victory":false,"master_deck":["Strike_R","Strike_R","Strike_R","Strike_R","Defend_R","Defend_R+1","Defend_R","Defend_R+1","Bash+1","AscendersBane","Cleave+1","Reckless Charge","Clothesline+1","Pommel Strike","Shrug It Off","Pommel Strike","Intimidate","Fiend Fire","Shrug It Off","Clash","Impervious","Metallicize+1","Clumsy"],"max_hp_per_floor":[89,89,89,89,89,89,89,89,89,89,89,89,89,96,96,96,96,96,96,96,101,101,101,101,101,101,101],"relics":["Burning Blood","Meat on the Bone","War Paint","Strawberry","Cursed Key","Red Mask","Letter Opener","Dream Catcher"],"card_choices":[{"not_picked":["Wild Strike","Heavy Blade"],"picked":"Cleave","floor":1},{"not_picked":["Exhume","Carnage"],"picked":"Reckless Charge","floor":3},{"not_picked":["Seeing Red","Wild Strike"],"picked":"Clothesline","floor":4},{"not_picked":["Sword Boomerang","Thunderclap"],"picked":"Shrug It Off","floor":12},{"not_picked":["Carnage","Entrench"],"picked":"Intimidate","floor":14},{"not_picked":["Immolate","Juggernaut"],"picked":"Fiend Fire","floor":16},{"not_picked":["Perfected Strike","Bloodletting"],"picked":"Shrug It Off","floor":18},{"not_picked":["Anger","Body Slam"],"picked":"Clash","floor":20},{"not_picked":["Dropkick","Thunderclap"],"picked":"Impervious","floor":24},{"not_picked":["Sentinel","True Grit"],"picked":"Metallicize","floor":25}],"player_experience":848614,"potions_floor_usage":[16,16,16,18,22],"damage_taken":[{"damage":6,"enemies":"Jaw Worm","floor":1,"turns":5},{"damage":11,"enemies":"Cultist","floor":3,"turns":4},{"damage":5,"enemies":"Small Slimes","floor":4,"turns":2},{"damage":0,"enemies":"Exordium Thugs","floor":12,"turns":4},{"damage":11,"enemies":"3 Sentries","floor":14,"turns":6},{"damage":75,"enemies":"Hexaghost","floor":16,"turns":13},{"damage":34,"enemies":"2 Thieves","floor":18,"turns":5},{"damage":23,"enemies":"Chosen","floor":20,"turns":4},{"damage":26,"enemies":"Masked Bandits","floor":22,"turns":6},{"damage":27,"enemies":"Slavers","floor":24,"turns":8},{"damage":13,"enemies":"Snecko","floor":25,"turns":6},{"damage":57,"enemies":"Gremlin Leader","floor":27,"turns":6}],"event_choices":[{"event_name":"The Woman in Blue","player_choice":"Bought 2 Potions","floor":2,"damage_taken":0},{"event_name":"The Lab","player_choice":"Got Potions","floor":5,"damage_taken":0},{"event_name":"Scrap Ooze","player_choice":"success","floor":7,"damage_taken":18},{"event_name":"The Mausoleum","player_choice":"No","floor":19,"damage_taken":0},{"event_name":"Forgotten Altar","player_choice":"Shed Blood","floor":21,"damage_taken":0},{"event_name":"Masked Bandits","player_choice":"Fought over 131 gold","floor":22,"damage_taken":0}],"boss_relics":[{"not_picked":["White Beast Statue","Runic Cube"],"picked":"Cursed Key"}],"potions_floor_spawned":[3,12,16,20,25],"seed_played":"-8610585777128457468","killed_by":"Gremlin Leader","ascension_level":15,"is_trial":false}