{"path_per_floor":["M","?","M","M","$","R","E","R","T","?","M","M","R","E","R","B",null,"M","$","M","M","?","M","?","T","T","?","M","R","?","M","R","B",null,"M","M","?","$","?","R","E","R","T","?","E","$","R","M","R","B"],"character_chosen":"IRONCLAD","items_purchased":["Pommel Strike","Corruption","Molten Egg 2","Infernal Blade","Flame Barrier","Metallicize"],"gold_per_floor":[117,192,212,223,99,99,130,130,130,159,169,183,183,212,212,286,286,305,21,39,57,57,70,70,70,93,93,106,106,31,49,49,123,123,138,158,158,10,10,10,43,43,43,95,127,47,47,64,64,64],"floor_reached":51,"campfire_rested":4,"playtime":1882,"current_hp_per_floor":[50,39,45,50,50,50,37,37,37,18,23,19,41,35,72,66,73,75,75,72,69,69,57,36,36,36,52,56,56,56,23,62,10,63,67,76,71,71,71,71,77,77,77,66,44,44,44,47,86,52],"items_purged":["Strike_R"],"gold":64,"score":1298,"play_id":"bb2a25d5-dba5-4bcf-999a-6302fd898ef3","local_time":"20180416233819","is_prod":false,"is_daily":false,"chose_seed":false,"is_ascension_mode":true,"campfire_upgraded":6,"timestamp":1523914699,"path_taken":["M","?","M","M","$","R","E","R","T","?","M","M","R","E","R","BOSS","M","$","M","M","?","M","?","?","T","?","M","R","?","M","R","BOSS","M","M","?","$","?","R","E","R","T","?","E","$","R","M","R","BOSS"],"build_version":"2018-04-13","seed_source_timestamp":12327613596884,"purchased_purges":1,"victory":true,"master_deck":["Strike_R","Strike_R","Defend_R","Defend_R","Defend_R","Bash","AscendersBane","Shrug It Off","Body Slam+1","Twin Strike","Pommel Strike","Corruption+1","Bludgeon+1","Armaments+1","Headbutt","Feed","Shockwave+1","Barricade","Body Slam+1","Infernal Blade","Flame Barrier","Inflame+1","Pommel Strike+1","Reckless Charge+1","Iron Wave+1","Impervious","Thunderclap+1","Perfected Strike+1","Flame Barrier+1","Heavy Blade+1","Heavy Blade+1","Clothesline+1","Perfected Strike+1","Metallicize"],"max_hp_per_floor":[75,75,75,75,75,75,75,75,75,75,75,75,75,75,75,75,75,75,75,75,75,75,75,80,80,80,80,80,80,80,80,80,80,80,80,83,83,83,83,83,83,83,83,86,86,86,86,86,86,86],"relics":["Burning Blood","Juzu Bracelet","Paper Frog","Odd Mushroom","Regal Pillow","Sozu","Molten Egg 2","Gremlin Horn","Prayer Wheel","Snecko Eye","Smiling Mask","Omamori","Bird Faced Urn","Ornamental Fan"],"card_choices":[{"not_picked":["Combust","Evolve"],"picked":"Shrug It Off","floor":1},{"not_picked":["Entrench","Clash"],"picked":"Body Slam","floor":3},{"not_picked":["Havoc","Heavy Blade"],"picked":"Twin Strike","floor":4},{"not_picked":["Hemokinesis","Headbutt"],"picked":"Bludgeon","floor":7},{"not_picked":["Iron Wave","Clash"],"picked":"Armaments","floor":10},{"not_picked":["Sword Boomerang","Flex"],"picked":"Headbutt","floor":11},{"not_picked":["Heavy Blade","Flex"],"picked":"Feed","floor":12},{"not_picked":["Corruption","Anger"],"picked":"Shockwave","floor":14},{"not_picked":["Exhume","Bludgeon"],"picked":"Barricade","floor":16},{"not_picked":["Thunderclap","Havoc"],"picked":"Body Slam","floor":18},{"not_picked":["Heavy Blade","Sword Boomerang"],"picked":"Flame Barrier","floor":20},{"not_picked":["Clash","Twin Strike"],"picked":"Inflame","floor":21},{"not_picked":["Infernal Blade","Sword Boomerang"],"picked":"Pommel Strike","floor":23},{"not_picked":["Bloodletting","Warcry"],"picked":"Reckless Charge","floor":28},{"not_picked":["Headbutt","Perfected Strike"],"picked":"Iron Wave","floor":31},{"not_picked":["Juggernaut","Immolate"],"picked":"Impervious","floor":33},{"not_picked":["Rage","Pummel"],"picked":"Thunderclap","floor":35},{"not_picked":["Ghostly Armor","Clash"],"picked":"Perfected Strike","floor":36},{"not_picked":["Havoc","Infernal Blade"],"picked":"Heavy Blade","floor":41},{"not_picked":["Searing Blow","Body Slam"],"picked":"Heavy Blade","floor":43},{"not_picked":["Whirlwind","Body Slam"],"picked":"Clothesline","floor":44},{"not_picked":["Blood for Blood","Cleave"],"picked":"Perfected Strike","floor":45}],"player_experience":911816,"potions_floor_usage":[7,11,14,33],"damage_taken":[{"damage":24,"enemies":"Jaw Worm","floor":1,"turns":5},{"damage":0,"enemies":"Small Slimes","floor":3,"turns":3},{"damage":1,"enemies":"2 Louse","floor":4,"turns":3},{"damage":19,"enemies":"3 Sentries","floor":7,"turns":10},{"damage":25,"enemies":"The Mushroom Lair","floor":10,"turns":4},{"damage":1,"enemies":"Looter","floor":11,"turns":3},{"damage":10,"enemies":"3 Louse","floor":12,"turns":4},{"damage":12,"enemies":"Gremlin Nob","floor":14,"turns":3},{"damage":12,"enemies":"Slime Boss","floor":16,"turns":7},{"damage":3,"enemies":"Chosen","floor":18,"turns":5},{"damage":9,"enemies":"Shell Parasite","floor":20,"turns":2},{"damage":9,"enemies":"Snake Plant","floor":21,"turns":4},{"damage":18,"enemies":"Centurion and Healer","floor":23,"turns":4},{"damage":2,"enemies":"3 Cultists","floor":28,"turns":4},{"damage":39,"enemies":"Snake Plant","floor":31,"turns":4},{"damage":58,"enemies":"Champ","floor":33,"turns":13},{"damage":2,"enemies":"Orb Walker","floor":35,"turns":3},{"damage":0,"enemies":"3 Shapes","floor":36,"turns":2},{"damage":0,"enemies":"Nemesis","floor":41,"turns":5},{"damage":20,"enemies":"Mysterious Sphere","floor":44,"turns":3},{"damage":34,"enemies":"Giant Head","floor":45,"turns":8},{"damage":5,"enemies":"3 Darklings","floor":48,"turns":2},{"damage":44,"enemies":"Donu and Deca","floor":50,"turns":6}],"event_choices":[{"event_name":"World of Goop","player_choice":"Gather Gold","floor":2,"damage_taken":0},{"event_name":"Mushrooms","player_choice":"Fought Mushrooms","floor":10,"damage_taken":0},{"event_name":"Bonfire Elementals","player_choice":"BASIC","floor":22,"damage_taken":0},{"event_name":"Forgotten Altar","player_choice":"Shed Blood","floor":24,"damage_taken":0},{"event_name":"The Library","player_choice":"Heal","floor":27,"damage_taken":0},{"event_name":"Beggar","player_choice":"Gave Gold","floor":30,"damage_taken":0},{"event_name":"SensoryStone","player_choice":"Memory 2","floor":37,"damage_taken":0},{"event_name":"Mysterious Sphere","player_choice":"Fight","floor":44,"damage_taken":0}],"boss_relics":[{"not_picked":["Ectoplasm","Black Star"],"picked":"Sozu"},{"not_picked":["Cursed Key","Eternal Feather"],"picked":"Snecko Eye"}],"potions_floor_spawned":[4,10,11,16,18,23,28,36,44,45],"seed_played":"-5455798174760662796","ascension_level":15,"is_trial":false}