{"path_per_floor":["M","M","$","?","M","R","E","?","T","E","M","M","E","$","R","B",null,"M","M","?","$","?","R","E","?","T","M","$","E","R","M","R"],"character_chosen":"IRONCLAD","items_purchased":["Spot Weakness","Offering","Disarm"],"gold_per_floor":[111,127,45,45,61,61,86,86,86,121,137,151,181,23,23,101,101,116,129,129,14,14,14,41,41,41,55,55,83,83,94,94,94],"floor_reached":33,"campfire_rested":0,"playtime":1672,"current_hp_per_floor":[69,66,66,59,61,61,59,59,59,44,43,49,52,52,52,18,68,62,68,53,53,53,53,57,63,63,60,60,49,49,37,37,0],"items_purged":["Strike_R"],"gold":94,"score":580,"play_id":"6c6585f8-33fe-4d38-921c-0fcf905aad68","local_time":"20180412223345","is_prod":false,"is_daily":false,"chose_seed":false,"is_ascension_mode":true,"campfire_upgraded":5,"timestamp":1523565225,"path_taken":["M","M","$","?","M","R","E","?","T","E","M","?","E","$","R","BOSS","M","M","?","$","?","R","E","?","T","M","$","E","R","M","R","BOSS"],"build_version":"2018-04-11","seed_source_timestamp":10830806937076,"purchased_purges":1,"victory":false,"master_deck":["Strike_R","Strike_R","Defend_R","Defend_R","Defend_R+1","Defend_R","AscendersBane","Seeing Red+1","Metallicize+1","Pommel Strike","Spot Weakness","Pommel Strike+1","Shrug It Off","Thunderclap","Pommel Strike","Reckless Charge","Infernal Blade+1","Offering","Reaper","True Grit+1","Pommel Strike","Necronomicurse","Disarm+1","Sword Boomerang","Writhe","Flame Barrier+1","Body Slam+1","Havoc+1"],"max_hp_per_floor":[75,75,75,75,75,75,75,75,75,85,85,85,85,85,85,85,85,85,85,91,91,91,91,91,97,97,97,97,97,97,97,97,97],"relics":["Burning Blood","Centennial Puzzle","Darkstone Periapt","Pear","Bag of Preparation","Cursed Key","Necronomicon","Blue Candle","War Paint","Pantograph"],"card_choices":[{"not_picked":["Inflame","Iron Wave"],"picked":"Metallicize","floor":1},{"not_picked":["Sword Boomerang","Searing Blow"],"picked":"Pommel Strike","floor":2},{"not_picked":["Reckless Charge","Shockwave"],"picked":"Pommel Strike","floor":5},{"not_picked":["Havoc","Body Slam"],"picked":"Shrug It Off","floor":7},{"not_picked":["Body Slam","Juggernaut"],"picked":"Thunderclap","floor":10},{"not_picked":["Perfected Strike","Headbutt"],"picked":"Pommel Strike","floor":11},{"not_picked":["Rage","Heavy Blade"],"picked":"Reckless Charge","floor":12},{"not_picked":["Clash","Wild Strike"],"picked":"Infernal Blade","floor":13},{"not_picked":["Feed","Bludgeon"],"picked":"Reaper","floor":16},{"not_picked":["Armaments","Reckless Charge"],"picked":"True Grit","floor":18},{"not_picked":["Iron Wave","Perfected Strike"],"picked":"Pommel Strike","floor":19},{"not_picked":["Rupture","Corruption"],"picked":"Sword Boomerang","floor":24},{"not_picked":["Shrug It Off","Perfected Strike"],"picked":"Flame Barrier","floor":27},{"not_picked":["Evolve","Fire Breathing"],"picked":"Body Slam","floor":29},{"not_picked":["Corruption","Armaments"],"picked":"Havoc","floor":31}],"player_experience":902305,"potions_floor_usage":[7,7,16,27,29,29],"damage_taken":[{"damage":5,"enemies":"Cultist","floor":1,"turns":4},{"damage":9,"enemies":"Small Slimes","floor":2,"turns":3},{"damage":4,"enemies":"2 Louse","floor":5,"turns":2},{"damage":8,"enemies":"3 Sentries","floor":7,"turns":7},{"damage":31,"enemies":"Gremlin Nob","floor":10,"turns":5},{"damage":7,"enemies":"Gremlin Gang","floor":11,"turns":5},{"damage":0,"enemies":"2 Fungi Beasts","floor":12,"turns":3},{"damage":3,"enemies":"3 Sentries","floor":13,"turns":5},{"damage":40,"enemies":"Hexaghost","floor":16,"turns":10},{"damage":12,"enemies":"Chosen","floor":18,"turns":3},{"damage":5,"enemies":"3 Byrds","floor":19,"turns":6},{"damage":16,"enemies":"Book of Stabbing","floor":24,"turns":5},{"damage":9,"enemies":"Sentry and Sphere","floor":27,"turns":5},{"damage":41,"enemies":"Gremlin Leader","floor":29,"turns":8},{"damage":18,"enemies":"Snecko","floor":31,"turns":7},{"damage":134,"enemies":"Automaton","floor":33,"turns":12}],"event_choices":[{"event_name":"Golden Wing","player_choice":"Card Removal","floor":4,"damage_taken":0},{"event_name":"Bonfire Elementals","player_choice":"BASIC","floor":8,"damage_taken":0},{"event_name":"Cursed Tome","player_choice":"Obtained Book","floor":20,"damage_taken":0},{"event_name":"Upgrade Shrine","player_choice":"Upgraded","floor":22,"damage_taken":0},{"event_name":"The Mausoleum","player_choice":"Yes","floor":25,"damage_taken":0}],"boss_relics":[{"not_picked":["Black Star","Astrolabe"],"picked":"Cursed Key"}],"potions_floor_spawned":[1,2,13,19,24,27,31],"seed_played":"1177114559243453397","killed_by":"Automaton","ascension_level":15,"is_trial":false}