{"path_per_floor":["M","M","$","?","M","R","?","E","T","R","M","$","M","E","R","B",null,"M","M","M","?","$","R","E","R","T","M","$","M","?","E","R","B",null,"M","?","$","M","M","E","?","?","T","R","M","?","M","$","R"],"character_chosen":"THE_SILENT","items_purchased":["Escape Plan","Calculated Gamble","Deflect","Singing Bowl"],"gold_per_floor":[110,127,58,58,72,72,100,135,181,181,199,45,58,88,88,188,188,200,216,232,232,232,232,257,257,257,276,150,160,160,186,186,286,286,305,305,33,44,64,91,0,0,0,0,20,20,32,32,32],"floor_reached":50,"campfire_rested":3,"playtime":5164,"current_hp_per_floor":[63,63,63,56,52,52,52,44,44,73,72,72,72,67,67,10,73,64,64,64,64,64,64,38,73,73,65,65,63,63,63,63,44,73,73,73,73,73,60,10,10,10,10,58,60,60,62,62,70],"items_purged":["Defend_G","Defend_G","Writhe"],"gold":32,"score":569,"play_id":"c9d5cb09-8407-45c8-a15a-954277455a15","is_prod":false,"is_daily":false,"is_ascension_mode":true,"campfire_upgraded":5,"path_taken":["M","M","$","?","M","R","?","E","T","R","?","$","M","E","R","BOSS","M","M","M","?","$","R","E","R","T","M","$","M","?","E","R","BOSS","M","?","$","M","M","E","?","?","T","R","M","?","M","?","R","BOSS"],"build_version":"2018-02-15-PROD1","purchased_purges":4,"victory":false,"master_deck":["Defend_G","Strike_G","Strike_G","Survivor","Neutralize+1","Dash","Distraction","Dagger Spray+1","Escape Plan","Prepared","Well Laid Plans","Footwork","Calculated Gamble+1","Prepared","Adrenaline","Backflip+1","Dagger Throw","Escape Plan+1","Deflect","Quick Slash+1","Backflip+1","Choke+1"],"max_hp_per_floor":[63,63,63,63,63,63,63,73,73,73,73,73,73,73,73,73,73,73,73,73,73,73,73,73,73,73,73,73,73,73,73,73,73,73,73,73,73,75,75,77,77,77,77,79,81,81,83,83,83],"relics":["Ring of the Snake","Odd Mushroom","Pear","Regal Pillow","Tingsha","Sozu","Anchor","Dream Catcher","Letter Opener","Eternal Feather","Singing Bowl","Juzu Bracelet","Red Mask","Omamori"],"card_choices":[{"not_picked":["Footwork","Prepared"],"picked":"Dagger Spray"},{"not_picked":["Deadly Poison","Slice"],"picked":"Prepared"},{"not_picked":["Bouncing Flask","Outmaneuver"],"picked":"Well Laid Plans"},{"not_picked":["Bane","Sucker Punch"],"picked":"Footwork"},{"not_picked":["Heel Hook","Sucker Punch"],"picked":"Prepared"},{"not_picked":["A Thousand Cuts","Bullet Time"],"picked":"Adrenaline"},{"not_picked":["Underhanded Strike","Dagger Throw"],"picked":"Backflip"},{"not_picked":["Dash","Underhanded Strike"],"picked":"Dagger Throw"},{"not_picked":["Deadly Poison","Distraction"],"picked":"Escape Plan"},{"not_picked":["Dodge and Roll","Flying Knee"],"picked":"Quick Slash"},{"not_picked":["Prepared","Catalyst"],"picked":"Backflip"},{"not_picked":["Bane","Malaise"],"picked":"Choke"}],"player_experience":70309,"potions_floor_usage":[7,8,14],"damage_taken":[{"damage":0,"enemies":"Jaw Worm","floor":1,"turns":5},{"damage":0,"enemies":"2 Louse","floor":2,"turns":3},{"damage":4,"enemies":"Cultist","floor":5,"turns":3},{"damage":0,"enemies":"The Mushroom Lair","floor":7,"turns":2},{"damage":18,"enemies":"Lagavulin","floor":8,"turns":8},{"damage":1,"enemies":"Looter","floor":11,"turns":3},{"damage":0,"enemies":"Large Slime","floor":13,"turns":7},{"damage":15,"enemies":"3 Sentries","floor":14,"turns":6},{"damage":57,"enemies":"Slime Boss","floor":16,"turns":12},{"damage":9,"enemies":"Spheric Guardian","floor":18,"turns":5},{"damage":0,"enemies":"2 Thieves","floor":19,"turns":4},{"damage":0,"enemies":"Centurion and Healer","floor":20,"turns":6},{"damage":26,"enemies":"Slavers","floor":24,"turns":4},{"damage":8,"enemies":"Snake Plant","floor":27,"turns":3},{"damage":2,"enemies":"Chosen and Byrds","floor":29,"turns":7},{"damage":0,"enemies":"Gremlin Leader","floor":31,"turns":5},{"damage":19,"enemies":"Champ","floor":33,"turns":12},{"damage":0,"enemies":"3 Shapes","floor":35,"turns":3},{"damage":2,"enemies":"3 Darklings","floor":38,"turns":2},{"damage":13,"enemies":"Maw","floor":39,"turns":8},{"damage":52,"enemies":"Giant Head","floor":40,"turns":10},{"damage":0,"enemies":"4 Shapes","floor":45,"turns":3},{"damage":0,"enemies":"Sphere and 2 Shapes","floor":47,"turns":4},{"damage":77,"enemies":"Donu and Deca","floor":50,"turns":9}],"event_choices":[{"event_name":"Golden Wing","player_choice":"Card Removal","floor":4,"damage_taken":0},{"event_name":"Mushrooms","player_choice":"Fought Mushrooms","floor":7,"damage_taken":0},{"event_name":"Bonfire Elementals","player_choice":"BASIC","floor":21,"damage_taken":0},{"event_name":"Drug Dealer","player_choice":"Ignored","floor":30,"damage_taken":0},{"event_name":"Winding Halls","player_choice":"Writhe","floor":36,"damage_taken":0},{"event_name":"Tomb of Lord Red Mask","player_choice":"Paid","floor":41,"damage_taken":0},{"event_name":"Mysterious Sphere","player_choice":"Ignore","floor":42,"damage_taken":0}],"boss_relics":[{"not_picked":["Tiny House","White Beast Statue"],"picked":"Sozu"},{"not_picked":["Snecko Eye","Velvet Choker"],"picked":"Eternal Feather"}],"potions_floor_spawned":[2,7,8,16,18,19,27,45,47],"seed_played":"942180741301541519","killed_by":"Donu and Deca","ascension_level":3,"is_trial":false}