{"path_per_floor":["M","?","M","$","M","E","R","M","T","?","M","E","?","?","R","B",null,"M","M","?","?","?","E","M","R","T","$","M","$","R","M","R"],"character_chosen":"THE_SILENT","items_purchased":["Bandage Up","Quick Slash","Tough Bandages","Infinite Blades"],"gold_per_floor":[109,109,128,6,17,82,82,101,101,276,295,323,346,346,346,450,450,461,477,477,477,477,511,526,526,526,212,232,55,55,71,71],"floor_reached":33,"campfire_rested":2,"playtime":3084,"current_hp_per_floor":[70,70,70,70,70,62,62,51,65,65,63,60,55,43,68,27,84,81,63,47,47,76,83,66,66,66,66,55,55,55,34,60],"items_purged":["Doubt","Writhe"],"gold":71,"score":328,"play_id":"83f47a79-acc6-4238-87aa-cbadea9e4af4","is_prod":false,"is_daily":false,"is_ascension_mode":true,"campfire_upgraded":3,"path_taken":["M","?","?","?","M","E","R","M","T","?","M","E","?","?","R","BOSS","M","M","?","?","?","E","M","R","T","$","M","$","R","M","R","BOSS"],"build_version":"2018-02-15-PROD1","purchased_purges":2,"victory":false,"master_deck":["Defend_G","Defend_G","Defend_G","Defend_G","Defend_G","Strike_G","Strike_G","Strike_G","Strike_G","Strike_G","Survivor","Neutralize","Dagger Spray+1","Dagger Spray+1","Bandage Up","Quick Slash","Quick Slash","Blade Dance","Deflect","A Thousand Cuts","Dagger Throw","Escape Plan","Adrenaline","Escape Plan+1","Finisher","Escape Plan","Deflect","Dagger Throw","Infinite Blades+1","Malaise+1"],"max_hp_per_floor":[70,70,70,70,70,70,70,70,84,84,84,84,84,84,84,84,84,84,84,89,89,89,89,89,89,89,89,89,89,89,89,89],"relics":["Ring of the Snake","Tiny Chest","Mango","Dream Catcher","Odd Mushroom","Toolbox","Sozu","Juzu Bracelet","Omamori","Bird Faced Urn","Tough Bandages"],"card_choices":[{"not_picked":["Dagger Throw","Backstab"],"picked":"Dagger Spray"},{"not_picked":["Sucker Punch","Quick Slash"],"picked":"Dagger Spray"},{"not_picked":["Distraction","Skewer"],"picked":"Quick Slash"},{"not_picked":["Catalyst","Acrobatics"],"picked":"Blade Dance"},{"not_picked":["Blade Dance","Underhanded Strike"],"picked":"Deflect"},{"not_picked":["Poisoned Stab","Expertise"],"picked":"A Thousand Cuts"},{"not_picked":["Acrobatics","Flechettes"],"picked":"Dagger Throw"},{"not_picked":["Dodge and Roll","Crippling Poison"],"picked":"Escape Plan"},{"not_picked":["Corpse Explosion","Tactician"],"picked":"Adrenaline"},{"not_picked":["Outmaneuver","Slice"],"picked":"Escape Plan"},{"not_picked":["Sucker Punch","Prepared"],"picked":"Finisher"},{"not_picked":["Phantasmal Killer","Slice"],"picked":"Escape Plan"},{"not_picked":["Prepared","Outmaneuver"],"picked":"Deflect"},{"not_picked":["Quick Slash","Backstab"],"picked":"Dagger Throw"},{"not_picked":["Dagger Spray","Dash"],"picked":"Malaise"}],"player_experience":54739,"potions_floor_usage":[6,6,12,13,16],"damage_taken":[{"damage":0,"enemies":"Cultist","floor":1,"turns":5},{"damage":0,"enemies":"Small Slimes","floor":3,"turns":2},{"damage":0,"enemies":"2 Louse","floor":5,"turns":2},{"damage":8,"enemies":"Lagavulin","floor":6,"turns":5},{"damage":15,"enemies":"Exordium Thugs","floor":8,"turns":4},{"damage":6,"enemies":"Looter","floor":11,"turns":3},{"damage":7,"enemies":"3 Sentries","floor":12,"turns":5},{"damage":9,"enemies":"The Mushroom Lair","floor":13,"turns":4},{"damage":45,"enemies":"The Guardian","floor":16,"turns":14},{"damage":3,"enemies":"Chosen","floor":18,"turns":3},{"damage":22,"enemies":"Spheric Guardian","floor":19,"turns":4},{"damage":1,"enemies":"Gremlin Leader","floor":23,"turns":6},{"damage":21,"enemies":"3 Cultists","floor":24,"turns":4},{"damage":15,"enemies":"Slaver and Parasite","floor":28,"turns":11},{"damage":27,"enemies":"Snake Plant","floor":31,"turns":6},{"damage":74,"enemies":"Automaton","floor":33,"turns":8}],"event_choices":[{"event_name":"Match and Keep!","player_choice":"0 cards matched","floor":2,"damage_taken":0},{"event_name":"Liars Game","player_choice":"agreed","floor":10,"damage_taken":0},{"event_name":"Mushrooms","player_choice":"Fought Mushrooms","floor":13,"damage_taken":0},{"event_name":"Scrap Ooze","player_choice":"success","floor":14,"damage_taken":12},{"event_name":"Forgotten Altar","player_choice":"Shed Blood","floor":20,"damage_taken":0},{"event_name":"The Mausoleum","player_choice":"Yes","floor":21,"damage_taken":0},{"event_name":"The Library","player_choice":"Heal","floor":22,"damage_taken":0}],"boss_relics":[{"not_picked":["Runic Dome","Cursed Key"],"picked":"Sozu"}],"potions_floor_spawned":[5,8,12,13,19,23,24,28],"seed_played":"-6419344542923618485","killed_by":"Automaton","ascension_level":2,"is_trial":false}