{"path_per_floor":["M","M","M","M","$","E","R","M","T","R","?","M","R","M","R","B",null,"M","M","M","M","$"],"character_chosen":"THE_SILENT","items_purchased":["Oddly Smooth Stone","Prepared"],"gold_per_floor":[113,127,142,162,17,46,46,56,56,56,56,76,76,87,87,184,184,200,211,224,239,114],"floor_reached":23,"campfire_rested":0,"playtime":2378,"current_hp_per_floor":[70,70,70,65,65,63,63,62,62,62,55,55,55,55,55,44,70,56,51,34,18,18],"items_purged":["Defend_G"],"gold":114,"score":227,"play_id":"3b8919c9-3b0d-49df-824e-ed7d96a993a4","is_prod":false,"is_daily":false,"is_ascension_mode":true,"campfire_upgraded":4,"path_taken":["M","M","?","M","$","E","R","M","T","R","?","M","R","?","R","BOSS","M","?","M","M","$","E"],"build_version":"2018-02-15-PROD1","purchased_purges":1,"victory":false,"master_deck":["Defend_G","Defend_G","Strike_G","Strike_G","Strike_G","Strike_G","Strike_G","Survivor","Neutralize+1","Cloak And Dagger+1","Deflect","Backflip+1","Backflip","Backflip","Accuracy","Dagger Throw+1","Quick Slash","After Image","Terror","Prepared"],"max_hp_per_floor":[70,70,70,70,70,70,70,70,70,70,70,70,70,70,70,70,70,70,70,70,70,70],"relics":["Ring of the Snake","Oddly Smooth Stone","Pen Nib","Tough Bandages","Runic Pyramid"],"card_choices":[{"not_picked":["Blade Dance","Predator"],"picked":"Cloak And Dagger"},{"not_picked":["Malaise","Dodge and Roll"],"picked":"Deflect"},{"not_picked":["Slice","Quick Slash"],"picked":"Backflip"},{"not_picked":["Leg Sweep","Eviscerate"],"picked":"Backflip"},{"not_picked":["Envenom","Flechettes"],"picked":"Backflip"},{"not_picked":["Outmaneuver","Masterful Stab"],"picked":"Accuracy"},{"not_picked":["Cloak And Dagger","Heel Hook"],"picked":"Dagger Throw"},{"not_picked":["Malaise","Predator"],"picked":"Quick Slash"},{"not_picked":["Poisoned Stab","Malaise"],"picked":"After Image"},{"not_picked":["All Out Attack","Dodge and Roll"],"picked":"Terror"}],"player_experience":80529,"potions_floor_usage":[4,6,18,18,20],"damage_taken":[{"damage":0,"enemies":"Cultist","floor":1,"turns":3},{"damage":0,"enemies":"Small Slimes","floor":2,"turns":4},{"damage":0,"enemies":"2 Louse","floor":3,"turns":3},{"damage":5,"enemies":"Exordium Wildlife","floor":4,"turns":5},{"damage":2,"enemies":"3 Sentries","floor":6,"turns":10},{"damage":1,"enemies":"Red Slaver","floor":8,"turns":6},{"damage":0,"enemies":"Blue Slaver","floor":12,"turns":5},{"damage":0,"enemies":"3 Louse","floor":14,"turns":4},{"damage":11,"enemies":"Hexaghost","floor":16,"turns":13},{"damage":14,"enemies":"2 Thieves","floor":18,"turns":5},{"damage":5,"enemies":"Spheric Guardian","floor":19,"turns":5},{"damage":17,"enemies":"Slaver and Parasite","floor":20,"turns":12},{"damage":16,"enemies":"Snake Plant","floor":21,"turns":9},{"damage":20,"enemies":"Slavers","floor":23,"turns":4}],"event_choices":[{"event_name":"Golden Wing","player_choice":"Card Removal","floor":11,"damage_taken":0}],"boss_relics":[{"not_picked":["The Specimen","Black Star"],"picked":"Runic Pyramid"}],"potions_floor_spawned":[2,4,6,12,18],"seed_played":"7121708642390191698","killed_by":"Slavers","ascension_level":3,"is_trial":false}