{"path_per_floor":["M","?","?","M","?","E","M","R","T","$","E","M","M","M","R","B",null,"M","?","?","$","M","R","M","R","T","E","M","T","M","M","R","B",null,"M","?","?","?","M","R","$","M","T","?","R","E","R","M","R","B"],"character_chosen":"THE_SILENT","items_purchased":["Footwork","Tough Bandages","Infinite Blades"],"gold_per_floor":[109,109,139,152,152,187,199,199,499,347,381,398,408,424,424,525,525,525,450,450,19,19,19,19,19,19,19,19,19,19,19,19,19,19,19,19,19,19,19,19,19,19,19,19,19,19,19,19,19,19],"floor_reached":51,"campfire_rested":3,"playtime":4767,"current_hp_per_floor":[70,56,31,31,31,31,31,52,52,52,42,42,35,35,56,33,70,70,70,57,57,57,57,54,54,54,61,61,61,56,53,77,77,82,82,82,72,72,72,72,72,70,70,70,70,82,82,81,81,80],"items_purged":["Strike_G","Strike_G"],"gold":19,"score":664,"play_id":"4a3a661a-0995-4d34-98bf-54361bf50eee","is_prod":false,"is_daily":false,"is_ascension_mode":true,"campfire_upgraded":6,"path_taken":["M","?","?","M","?","E","M","R","T","$","E","M","M","?","R","BOSS","M","?","?","$","M","R","M","R","T","E","M","?","?","M","R","BOSS","M","?","?","?","M","R","$","M","T","?","R","E","R","M","R","BOSS"],"build_version":"2018-02-15-PROD1","purchased_purges":2,"victory":true,"master_deck":["Defend_G","Defend_G","Defend_G+1","Defend_G+1","Strike_G","Strike_G+1","Strike_G+1","Survivor","Neutralize+1","Backflip+1","Calculated Gamble+1","Deadly Poison","Well Laid Plans","Venomology","Quick Slash","Infinite Blades","After Image+1","Deflect","Infinite Blades","Escape Plan+1","Prepared+1","Finisher","Dagger Throw","Terror+1","Madness","Madness","Dagger Spray+1","Writhe","After Image+1","Prepared"],"max_hp_per_floor":[70,70,70,70,70,70,70,70,70,70,70,70,70,70,70,70,70,70,70,75,75,75,75,75,75,75,82,82,82,82,82,82,82,82,82,82,82,82,82,82,82,82,82,82,82,82,82,82,82,82],"relics":["Ring of the Snake","NeowsBlessing","Tiny Chest","War Paint","Old Coin","Shuriken","Ectoplasm","Tough Bandages","Unceasing Top","Strawberry","Anchor","Cursed Key","Snake Skull","Lantern"],"card_choices":[{"not_picked":["Eviscerate","Deflect"],"picked":"Backflip"},{"not_picked":["Eviscerate","Bane"],"picked":"Calculated Gamble"},{"not_picked":["Riddle With Holes","Backstab"],"picked":"Deadly Poison"},{"not_picked":["Dagger Spray","Blur"],"picked":"Well Laid Plans"},{"not_picked":["Predator","Expertise"],"picked":"Venomology"},{"not_picked":["Bouncing Flask","Deadly Poison"],"picked":"Quick Slash"},{"not_picked":["Choke","Acrobatics"],"picked":"Infinite Blades"},{"not_picked":["Burst","Envenom"],"picked":"After Image"},{"not_picked":["Bouncing Flask","Slice"],"picked":"Deflect"},{"not_picked":["Eviscerate","Well Laid Plans"],"picked":"Escape Plan"},{"not_picked":["Deadly Poison","Backflip"],"picked":"Prepared"},{"not_picked":["Distraction","Phantasmal Killer"],"picked":"Finisher"},{"not_picked":["Flying Knee","Dodge and Roll"],"picked":"Dagger Throw"},{"not_picked":["Dodge and Roll","A Thousand Cuts"],"picked":"Terror"},{"not_picked":["Footwork","Slice"],"picked":"Dagger Spray"},{"not_picked":["Slice","Backstab"],"picked":"Prepared"}],"player_experience":33990,"potions_floor_usage":[11,13,14,14,16,16,18,18,22,24,24,27,28,31,33,35,35,39,39,42,42,46,46,48,50,50],"damage_taken":[{"damage":0,"enemies":"Jaw Worm","floor":1,"turns":1},{"damage":0,"enemies":"2 Louse","floor":4,"turns":1},{"damage":0,"enemies":"Lagavulin","floor":6,"turns":1},{"damage":0,"enemies":"Small Slimes","floor":7,"turns":3},{"damage":10,"enemies":"3 Sentries","floor":11,"turns":13},{"damage":0,"enemies":"2 Fungi Beasts","floor":12,"turns":3},{"damage":7,"enemies":"3 Louse","floor":13,"turns":4},{"damage":0,"enemies":"Exordium Thugs","floor":14,"turns":3},{"damage":23,"enemies":"The Guardian","floor":16,"turns":11},{"damage":0,"enemies":"Spheric Guardian","floor":18,"turns":6},{"damage":0,"enemies":"Shell Parasite","floor":22,"turns":5},{"damage":3,"enemies":"3 Cultists","floor":24,"turns":6},{"damage":0,"enemies":"Gremlin Leader","floor":27,"turns":8},{"damage":0,"enemies":"Snake Plant","floor":28,"turns":4},{"damage":5,"enemies":"Snecko","floor":30,"turns":6},{"damage":3,"enemies":"Centurion and Healer","floor":31,"turns":4},{"damage":0,"enemies":"Champ","floor":33,"turns":7},{"damage":0,"enemies":"Orb Walker","floor":35,"turns":4},{"damage":0,"enemies":"3 Darklings","floor":39,"turns":5},{"damage":2,"enemies":"4 Shapes","floor":42,"turns":6},{"damage":0,"enemies":"Nemesis","floor":46,"turns":5},{"damage":1,"enemies":"Sphere and 2 Shapes","floor":48,"turns":5},{"damage":1,"enemies":"Donu and Deca","floor":50,"turns":7}],"event_choices":[{"event_name":"Shining Light","player_choice":"Entered Light","floor":2,"damage_taken":0},{"event_name":"Scrap Ooze","player_choice":"success","floor":3,"damage_taken":25},{"event_name":"Golden Idol","player_choice":"Ignored","floor":5,"damage_taken":0},{"event_name":"Beggar","player_choice":"Gave Gold","floor":19,"damage_taken":0},{"event_name":"Forgotten Altar","player_choice":"Shed Blood","floor":20,"damage_taken":0},{"event_name":"Winding Halls","player_choice":"Embrace Madness","floor":37,"damage_taken":0},{"event_name":"The Lab","player_choice":"Got Potions","floor":38,"damage_taken":0},{"event_name":"Duplicator","player_choice":"One dupe","floor":44,"damage_taken":0}],"boss_relics":[{"not_picked":["Black Star","White Beast Statue"],"picked":"Ectoplasm"},{"not_picked":["Lizard Tail","The Specimen"],"picked":"Cursed Key"}],"potions_floor_spawned":[1,7,11,13,16,22,31,33,42,46],"seed_played":"3066487215939516911","ascension_level":1,"is_trial":false}