{"path_per_floor":["M","?","?","?","T","R","E","R","T","E","M","M","$","M","R","B",null,"M","$","?","?","M"],"character_chosen":"THE_SILENT","items_purchased":["Deep Breath","Tiny Chest","Happy Flower"],"gold_per_floor":[112,112,112,287,336,336,371,371,424,458,474,488,309,327,327,422,422,440,70,70,160,170],"floor_reached":23,"campfire_rested":1,"playtime":2703,"current_hp_per_floor":[70,70,56,56,56,56,31,52,52,49,51,53,53,55,55,53,70,66,66,66,42,39],"items_purged":["Defend_G","Strike_G"],"gold":170,"score":227,"play_id":"8e9470a4-6d20-450e-98ff-1c8d4fd9124b","is_prod":false,"is_daily":false,"is_ascension_mode":true,"campfire_upgraded":2,"path_taken":["M","?","?","?","?","R","E","R","T","E","M","M","$","M","R","BOSS","M","$","?","?","M","E"],"build_version":"2018-02-15-PROD1","purchased_purges":2,"victory":false,"master_deck":["Defend_G+1","Defend_G","Defend_G","Strike_G+1","Strike_G","Strike_G","Strike_G","Survivor+1","Neutralize+1","Cloak And Dagger+1","Doubt","Deflect+1","Deflect","Deep Breath","Cloak And Dagger+1","Flechettes+1","Mind Blast"],"max_hp_per_floor":[70,70,70,70,70,70,70,70,70,70,70,70,70,70,70,70,70,70,70,70,70,70],"relics":["Ring of the Snake","Bag of Preparation","Kunai","War Paint","Blood Vial","Sozu","Tiny Chest","Happy Flower"],"card_choices":[{"not_picked":["Deflect","Endless Agony"],"picked":"Cloak And Dagger"},{"not_picked":["Doppelganger","Riddle With Holes"],"picked":"Deflect"},{"not_picked":["Slice","Deadly Poison"],"picked":"Deflect"},{"not_picked":["Acrobatics","Calculated Gamble"],"picked":"Cloak And Dagger"},{"not_picked":["Dodge and Roll","Bane"],"picked":"Flechettes"}],"player_experience":84712,"potions_floor_usage":[10,16,16,16],"damage_taken":[{"damage":0,"enemies":"Cultist","floor":1,"turns":4},{"damage":25,"enemies":"3 Sentries","floor":7,"turns":13},{"damage":3,"enemies":"Gremlin Nob","floor":10,"turns":4},{"damage":0,"enemies":"Small Slimes","floor":11,"turns":3},{"damage":0,"enemies":"Jaw Worm","floor":12,"turns":3},{"damage":0,"enemies":"2 Fungi Beasts","floor":14,"turns":4},{"damage":4,"enemies":"The Guardian","floor":16,"turns":17},{"damage":4,"enemies":"Shell Parasite","floor":18,"turns":10},{"damage":5,"enemies":"Chosen","floor":22,"turns":8},{"damage":57,"enemies":"Gremlin Leader","floor":23,"turns":9}],"event_choices":[{"event_name":"Living Wall","player_choice":"Forget","floor":2,"damage_taken":0},{"event_name":"Shining Light","player_choice":"Entered Light","floor":3,"damage_taken":0},{"event_name":"Liars Game","player_choice":"agreed","floor":4,"damage_taken":0},{"event_name":"Accursed Blacksmith","player_choice":"Forge","floor":20,"damage_taken":0},{"event_name":"Knowing Skull","player_choice":"GOLD CARD ","floor":21,"damage_taken":0}],"boss_relics":[{"not_picked":["Philosopher\u0027s Stone","Black Star"],"picked":"Sozu"}],"potions_floor_spawned":[7,10,12,14],"seed_played":"-1486521567508155094","killed_by":"Gremlin Leader","ascension_level":3,"is_trial":false}