{"path_per_floor":["M","?","?","M","M","R","E","R","T","T","?","M","M","M","R","B",null,"M","?","?","M","$","E","$","R","T","M","E","R","M","M","R","B",null,"M","?","M","$","M","R","E","R","T","R","T","M","R","E","R"],"character_chosen":"THE_SILENT","items_purchased":["Meat on the Bone","Regen Potion","Strength Potion"],"gold_per_floor":[111,186,186,198,218,218,252,252,252,252,252,262,277,297,297,396,396,416,416,416,403,84,109,9,9,35,53,85,85,105,117,117,222,222,236,236,247,20,30,30,64,64,110,110,110,127,127,158,158],"floor_reached":50,"campfire_rested":4,"playtime":5575,"current_hp_per_floor":[62,51,44,44,42,63,57,57,57,57,43,43,43,43,64,43,63,63,63,63,57,57,38,38,65,65,63,67,70,70,68,70,50,65,62,70,45,45,45,53,55,63,63,70,70,31,60,56,64],"items_purged":["Defend_G","Strike_G","Strike_G"],"gold":158,"score":670,"play_id":"cc804279-b7e1-42bf-b726-d9de37298e8d","is_prod":false,"is_daily":false,"is_ascension_mode":true,"campfire_upgraded":7,"path_taken":["M","?","?","M","M","R","E","R","T","?","?","?","M","M","R","BOSS","M","?","?","M","$","E","$","R","T","M","E","R","M","M","R","BOSS","M","?","M","$","M","R","E","R","T","R","?","?","R","E","R","BOSS"],"build_version":"2018-02-15-PROD1","purchased_purges":3,"victory":false,"master_deck":["Defend_G","Defend_G+1","Strike_G","Strike_G","Survivor","Neutralize+1","Venomology+1","Dagger Spray+1","Flying Knee","Dagger Throw","Flying Knee","Endless Agony","Cloak And Dagger+1","Cloak And Dagger+1","Adrenaline","Finisher+1","Calculated Gamble+1","Calculated Gamble+1","Prepared+1","Writhe","Venomology+1"],"max_hp_per_floor":[70,70,70,70,70,70,70,70,70,70,70,70,70,70,70,70,70,70,70,70,70,70,70,70,70,70,70,70,70,70,70,70,70,70,70,70,70,70,70,70,70,70,70,70,70,70,70,70,70],"relics":["Ring of the Snake","Vajra","Gambling Chip","Dead Branch","Eternal Feather","Meat on the Bone","Frozen Egg 2","Blood Vial","Lantern","Lizard Tail","Prayer Wheel","War Paint","Oddly Smooth Stone","Mercury Hourglass"],"card_choices":[{"not_picked":["Glass Knife","Sucker Punch"],"picked":"Dagger Spray"},{"not_picked":["Blur","Outmaneuver"],"picked":"Flying Knee"},{"not_picked":["Calculated Gamble","Acrobatics"],"picked":"Dagger Throw"},{"not_picked":["Leg Sweep","Dagger Throw"],"picked":"Flying Knee"},{"not_picked":["Concentrate","Outmaneuver"],"picked":"Endless Agony"},{"not_picked":["Deadly Poison","Dodge and Roll"],"picked":"Cloak And Dagger"},{"not_picked":["Quick Slash","Masterful Stab"],"picked":"Cloak And Dagger"},{"not_picked":["Night Terror","Venomology"],"picked":"Adrenaline"},{"not_picked":["Flying Knee","Dagger Spray"],"picked":"Finisher"},{"not_picked":["Dodge and Roll","Blur"],"picked":"Calculated Gamble"},{"not_picked":["Noxious Fumes","Accuracy"],"picked":"Calculated Gamble"},{"not_picked":["Backflip","Choke"],"picked":"Prepared"},{"not_picked":["Leg Sweep","Calculated Gamble"],"picked":"Venomology"}],"player_experience":167632,"potions_floor_usage":[1,7,7,12,14,16,16,18,21,23,23,27,27,28,28,28,28,31,33,33,33,33,35,37,39,39,41,41,46,46,48,48,48,48,48,50,50,50,50,50,50],"damage_taken":[{"damage":1,"enemies":"2 Louse","floor":1,"turns":3},{"damage":0,"enemies":"Small Slimes","floor":4,"turns":3},{"damage":2,"enemies":"Jaw Worm","floor":5,"turns":4},{"damage":6,"enemies":"Gremlin Nob","floor":7,"turns":3},{"damage":0,"enemies":"Blue Slaver","floor":12,"turns":2},{"damage":0,"enemies":"2 Fungi Beasts","floor":13,"turns":2},{"damage":0,"enemies":"3 Louse","floor":14,"turns":2},{"damage":21,"enemies":"The Guardian","floor":16,"turns":12},{"damage":0,"enemies":"3 Byrds","floor":18,"turns":2},{"damage":6,"enemies":"2 Thieves","floor":21,"turns":4},{"damage":34,"enemies":"Book of Stabbing","floor":23,"turns":7},{"damage":4,"enemies":"Centurion and Healer","floor":27,"turns":5},{"damage":10,"enemies":"Slavers","floor":28,"turns":6},{"damage":0,"enemies":"Sentry and Sphere","floor":30,"turns":3},{"damage":2,"enemies":"Snake Plant","floor":31,"turns":4},{"damage":20,"enemies":"Automaton","floor":33,"turns":5},{"damage":5,"enemies":"3 Shapes","floor":35,"turns":3},{"damage":25,"enemies":"3 Darklings","floor":37,"turns":7},{"damage":11,"enemies":"4 Shapes","floor":39,"turns":5},{"damage":0,"enemies":"Nemesis","floor":41,"turns":1},{"damage":51,"enemies":"Maw","floor":46,"turns":8},{"damage":6,"enemies":"2 Orb Walkers","floor":48,"turns":4},{"damage":148,"enemies":"Awakened One","floor":50,"turns":17}],"event_choices":[{"event_name":"World of Goop","player_choice":"Gather Gold","floor":2,"damage_taken":0},{"event_name":"Golden Wing","player_choice":"Card Removal","floor":3,"damage_taken":0},{"event_name":"Shining Light","player_choice":"Entered Light","floor":11,"damage_taken":0},{"event_name":"Back to Basics","player_choice":"Elegance","floor":19,"damage_taken":0},{"event_name":"Cursed Tome","player_choice":"Ignored","floor":20,"damage_taken":0},{"event_name":"Winding Halls","player_choice":"Writhe","floor":36,"damage_taken":0}],"boss_relics":[{"not_picked":["Philosopher\u0027s Stone","The Specimen"],"picked":"Eternal Feather"},{"not_picked":["Astrolabe","Orrery"],"picked":"Lizard Tail"}],"potions_floor_spawned":[5,7,13,16,23,27,30,31,41,46,48],"seed_played":"-7608611794414726562","killed_by":"Awakened One","ascension_level":6,"is_trial":false}