{"path_per_floor":["M","$","?","M","M","E","R","M","T","?","R","M","R","$","R","B",null,"M","?","M","?","$","R","M","?","T","M","M","M","M","M","R","B",null,"M","$","?","M","M","R","T","M","T","M","E","$","M","?","R","B"],"character_chosen":"THE_SILENT","items_purchased":["Regen Potion","Flash of Steel"],"gold_per_floor":[112,37,37,50,60,92,92,112,112,62,62,76,76,28,28,126,126,137,137,149,64,64,64,81,81,81,95,108,126,141,151,151,252,252,267,78,0,17,27,27,53,73,98,115,150,25,44,44,44,44],"floor_reached":51,"campfire_rested":2,"playtime":4129,"current_hp_per_floor":[70,70,56,56,56,59,59,59,59,59,59,58,58,58,58,42,70,70,70,62,62,62,62,55,55,55,55,55,38,36,32,53,31,70,65,65,65,65,62,62,62,62,62,58,58,58,54,54,74,17],"items_purged":["Defend_G","Strike_G","Regret"],"gold":44,"score":508,"play_id":"1ea22124-ae2a-471d-b385-74db2ca2fde6","is_prod":false,"is_daily":false,"is_ascension_mode":false,"campfire_upgraded":3,"path_taken":["M","$","?","M","M","E","R","M","T","?","R","?","R","$","R","BOSS","M","?","M","?","$","R","M","?","T","M","M","?","M","M","R","BOSS","M","$","?","?","M","R","?","M","T","M","E","$","M","?","R","BOSS"],"build_version":"2018-02-15-PROD1","purchased_purges":3,"victory":true,"master_deck":["Defend_G+1","Defend_G+1","Defend_G+1","Strike_G+1","Strike_G+1","Strike_G+1","Strike_G+1","Survivor","Neutralize+1","Dagger Spray+1","Deflect","Deflect","Well Laid Plans","After Image+1","Dagger Throw","Cloak And Dagger","Escape Plan","Quick Slash+1","Blur+1","Flash of Steel","Dagger Spray+1","Parasite","Escape Plan+1"],"max_hp_per_floor":[70,70,70,70,70,70,70,70,70,70,70,70,70,70,70,70,70,70,70,70,70,70,70,70,70,70,70,70,70,70,70,70,70,70,70,70,70,70,70,70,70,70,70,72,72,72,74,74,74,74],"relics":["Ring of the Snake","Pen Nib","Ancient Tea Set","Girya","Sozu","Bag of Marbles","Frozen Eye","Cursed Key","Red Mask","Regal Pillow","Singing Bowl","Prayer Wheel"],"card_choices":[{"not_picked":["Deadly Poison","Tactician"],"picked":"Dagger Spray"},{"not_picked":["Bane","Caltrops"],"picked":"Infinite Blades"},{"not_picked":["Flechettes","Expertise"],"picked":"Deflect"},{"not_picked":["Underhanded Strike","Acrobatics"],"picked":"Deflect"},{"not_picked":["Heel Hook","Deflect"],"picked":"Well Laid Plans"},{"not_picked":["Glass Knife","Bullet Time"],"picked":"After Image"},{"not_picked":["Dodge and Roll","Sucker Punch"],"picked":"Dagger Throw"},{"not_picked":["Backflip","Quick Slash"],"picked":"Cloak And Dagger"},{"not_picked":["Dodge and Roll","Endless Agony"],"picked":"Escape Plan"},{"not_picked":["Flying Knee","Backflip"],"picked":"Quick Slash"},{"not_picked":["PiercingWail","Flying Knee"],"picked":"Blur"},{"not_picked":["Acrobatics","Predator"],"picked":"Dagger Spray"},{"not_picked":["Flying Knee","Expertise"],"picked":"Escape Plan"}],"player_experience":109596,"potions_floor_usage":[6,6,16],"damage_taken":[{"damage":0,"enemies":"2 Louse","floor":1,"turns":3},{"damage":0,"enemies":"Jaw Worm","floor":4,"turns":5},{"damage":0,"enemies":"Cultist","floor":5,"turns":4},{"damage":12,"enemies":"3 Sentries","floor":6,"turns":7},{"damage":0,"enemies":"2 Fungi Beasts","floor":8,"turns":2},{"damage":1,"enemies":"Exordium Wildlife","floor":12,"turns":3},{"damage":31,"enemies":"The Guardian","floor":16,"turns":11},{"damage":0,"enemies":"3 Byrds","floor":18,"turns":4},{"damage":8,"enemies":"2 Thieves","floor":20,"turns":3},{"damage":7,"enemies":"Slaver and Parasite","floor":24,"turns":5},{"damage":0,"enemies":"Centurion and Healer","floor":27,"turns":4},{"damage":0,"enemies":"Cultist and Chosen","floor":28,"turns":4},{"damage":17,"enemies":"Snecko","floor":29,"turns":5},{"damage":2,"enemies":"Centurion and Healer","floor":30,"turns":4},{"damage":4,"enemies":"Snake Plant","floor":31,"turns":4},{"damage":22,"enemies":"Automaton","floor":33,"turns":9},{"damage":5,"enemies":"3 Shapes","floor":35,"turns":5},{"damage":0,"enemies":"3 Darklings","floor":38,"turns":3},{"damage":3,"enemies":"Sphere and 2 Shapes","floor":39,"turns":5},{"damage":0,"enemies":"Maw","floor":42,"turns":7},{"damage":6,"enemies":"3 Darklings","floor":44,"turns":2},{"damage":0,"enemies":"2 Orb Walkers","floor":45,"turns":4},{"damage":6,"enemies":"4 Shapes","floor":47,"turns":6},{"damage":57,"enemies":"Awakened One","floor":50,"turns":22}],"event_choices":[{"event_name":"Shining Light","player_choice":"Entered Light","floor":3,"damage_taken":0},{"event_name":"The Cleric","player_choice":"Card Removal","floor":10,"damage_taken":0},{"event_name":"Cursed Tome","player_choice":"Ignored","floor":19,"damage_taken":0},{"event_name":"Addict","player_choice":"Obtained Relic","floor":21,"damage_taken":0},{"event_name":"Back to Basics","player_choice":"Simplicity","floor":25,"damage_taken":0},{"event_name":"Tomb of Lord Red Mask","player_choice":"Paid","floor":37,"damage_taken":0}],"boss_relics":[{"not_picked":["Question Card","Snecko Eye"],"picked":"Sozu"},{"not_picked":["Velvet Choker","Eternal Feather"],"picked":"Cursed Key"}],"potions_floor_spawned":[4,5,27,28,29,35,38],"seed_played":"8824005323106245878","ascension_level":0,"is_trial":false}