{"path_per_floor":["M","?","M","?","T","R","E","M","T","E","M","R","$","E","R","B",null,"M","?","$","?","$","R","M","?","T","$","?","R","T","M","R","B",null,"M","?","M","?","M","R","?","M","T","$","M","$","M","M","R","B"],"character_chosen":"THE_SILENT","items_purchased":["Paper Crane","Blade Dance","Accuracy","Flash of Steel"],"gold_per_floor":[116,116,130,130,208,208,242,263,263,307,332,332,18,59,59,185,185,210,210,110,110,34,34,52,52,352,189,189,189,189,212,212,341,341,356,356,377,377,395,395,395,418,418,268,292,28,41,62,62,62],"floor_reached":51,"campfire_rested":2,"playtime":4929,"current_hp_per_floor":[70,65,65,70,70,70,47,47,47,38,38,59,59,67,67,65,80,80,80,80,80,80,80,80,80,80,80,80,80,80,80,80,58,80,76,76,75,75,75,80,80,60,60,60,43,43,42,38,70,20],"items_purged":["Strike_G","Strike_G","Defend_G","Strike_G","Defend_G"],"gold":62,"score":606,"play_id":"c77d4028-40b7-4fe7-8c5d-40555b7a5ed6","is_prod":false,"is_daily":false,"is_ascension_mode":true,"campfire_upgraded":6,"path_taken":["M","?","M","?","?","R","E","M","T","E","M","R","$","E","R","BOSS","M","?","$","?","?","R","M","?","T","$","?","R","?","M","R","BOSS","M","?","M","?","?","R","?","M","T","?","?","$","M","M","R","BOSS"],"build_version":"2018-02-15-PROD1","purchased_purges":6,"victory":true,"master_deck":["Defend_G+1","Defend_G+1","Strike_G+1","Survivor","Neutralize+1","Flying Knee","Quick Slash+1","After Image+1","Flying Knee","Deflect","Blur","Terror+1","Storm of Steel+1","Cloak And Dagger+1","Infinite Blades","Dagger Throw+1","Blade Dance+1","Accuracy+1","Well Laid Plans","Prepared+1","Flash of Steel"],"max_hp_per_floor":[70,65,65,70,70,70,70,70,70,70,70,70,70,80,80,80,80,80,80,80,80,80,80,80,80,80,80,80,80,80,80,80,80,80,80,80,80,80,80,80,80,80,80,80,80,80,80,80,80,80],"relics":["Ring of the Snake","Golden Idol","Shuriken","Sundial","Dead Branch","Whetstone","Paper Crane","Pear","Orrery","War Paint","Old Coin","Unceasing Top","Eternal Feather","Girya"],"card_choices":[{"not_picked":["Prepared","Outmaneuver"],"picked":"Flying Knee"},{"not_picked":["Setup","Prepared"],"picked":"Quick Slash"},{"not_picked":["Riddle With Holes","Dagger Spray"],"picked":"After Image"},{"not_picked":["Acrobatics","Heel Hook"],"picked":"Flying Knee"},{"not_picked":["Well Laid Plans","Slice"],"picked":"Deflect"},{"not_picked":["PiercingWail","Bane"],"picked":"Blur"},{"not_picked":["Deadly Poison","Quick Slash"],"picked":"Terror"},{"not_picked":["Phantasmal Killer","Die Die Die"],"picked":"Storm of Steel"},{"not_picked":["Deflect","PiercingWail"],"picked":"Cloak And Dagger"},{"not_picked":["Slice","Riddle With Holes"],"picked":"Infinite Blades"},{"not_picked":["Terror","Quick Slash"],"picked":"Dagger Throw"},{"not_picked":["Quick Slash","Footwork"],"picked":"Prepared"}],"player_experience":127060,"potions_floor_usage":[10,11,18,18,42,42,48,50],"damage_taken":[{"damage":0,"enemies":"Jaw Worm","floor":1,"turns":4},{"damage":0,"enemies":"Small Slimes","floor":3,"turns":5},{"damage":23,"enemies":"3 Sentries","floor":7,"turns":7},{"damage":0,"enemies":"Cultist","floor":8,"turns":3},{"damage":9,"enemies":"Lagavulin","floor":10,"turns":5},{"damage":0,"enemies":"Exordium Wildlife","floor":11,"turns":3},{"damage":2,"enemies":"3 Sentries","floor":14,"turns":8},{"damage":2,"enemies":"The Guardian","floor":16,"turns":9},{"damage":0,"enemies":"Chosen","floor":18,"turns":5},{"damage":0,"enemies":"Spheric Guardian","floor":24,"turns":3},{"damage":0,"enemies":"Centurion and Healer","floor":31,"turns":4},{"damage":22,"enemies":"Champ","floor":33,"turns":8},{"damage":4,"enemies":"3 Shapes","floor":35,"turns":6},{"damage":1,"enemies":"Orb Walker","floor":37,"turns":3},{"damage":0,"enemies":"Sphere and 2 Shapes","floor":39,"turns":5},{"damage":20,"enemies":"3 Darklings","floor":42,"turns":3},{"damage":17,"enemies":"Maw","floor":45,"turns":6},{"damage":1,"enemies":"Sphere and 2 Shapes","floor":47,"turns":7},{"damage":4,"enemies":"4 Shapes","floor":48,"turns":7},{"damage":50,"enemies":"Time Eater","floor":50,"turns":5}],"event_choices":[{"event_name":"Golden Idol","player_choice":"Lose Max HP","floor":2,"damage_taken":0},{"event_name":"Big Fish","player_choice":"Donut","floor":4,"damage_taken":0},{"event_name":"Drug Dealer","player_choice":"Ignored","floor":19,"damage_taken":0},{"event_name":"The Mausoleum","player_choice":"Yes","floor":21,"damage_taken":0},{"event_name":"Accursed Blacksmith","player_choice":"Forge","floor":25,"damage_taken":0},{"event_name":"The Library","player_choice":"Read","floor":28,"damage_taken":0},{"event_name":"Tomb of Lord Red Mask","player_choice":"Ignored","floor":36,"damage_taken":0},{"event_name":"Purifier","player_choice":"One Purge","floor":38,"damage_taken":0},{"event_name":"The Woman in Blue","player_choice":"Bought 0 Potions","floor":41,"damage_taken":0}],"boss_relics":[{"not_picked":["Velvet Choker","Cursed Key"],"picked":"Orrery"},{"not_picked":["Astrolabe","Black Star"],"picked":"Eternal Feather"}],"potions_floor_spawned":[3,8,10,14,33,37,39,45],"seed_played":"4040483827937836253","ascension_level":4,"is_trial":false}