{"path_per_floor":["M","M","$","M","?","R","M","E","T","M","R","M","M","M","R","B",null,"M","$","T","?","M","E","R","$","T","?","R","$","M","M","R","B",null,"M","?","$","?","M","E","R","M","T","M","R","?","M","E","R","B"],"character_chosen":"THE_SILENT","items_purchased":["Backflip","Pen Nib","Malaise"],"gold_per_floor":[118,136,38,50,50,50,66,101,101,119,119,133,143,161,161,266,266,278,23,101,101,119,144,144,19,19,19,19,19,29,42,42,143,143,162,162,85,85,95,122,122,140,167,187,187,187,206,237,237,237],"floor_reached":51,"campfire_rested":1,"playtime":3844,"current_hp_per_floor":[70,70,70,70,70,70,70,61,61,61,61,61,61,61,61,58,70,70,70,70,70,61,56,56,56,56,56,56,56,56,56,56,60,70,70,70,70,61,58,43,51,41,41,42,50,50,48,24,68,41],"items_purged":["Defend_G","Strike_G","Defend_G"],"gold":237,"score":555,"play_id":"8c8c49a8-b68a-470f-96d8-3414b713efc8","local_time":"20180302014905","is_prod":false,"is_daily":false,"is_ascension_mode":true,"campfire_upgraded":8,"timestamp":1519984145,"path_taken":["M","M","$","M","?","R","M","E","T","M","R","M","M","?","R","BOSS","M","?","?","?","?","E","R","$","T","?","R","?","M","M","R","BOSS","M","?","$","?","?","E","R","M","T","M","R","?","M","E","R","BOSS"],"build_version":"2018-03-01-BETA2","purchased_purges":4,"victory":true,"master_deck":["Defend_G","Defend_G","Strike_G+1","Survivor","Neutralize+1","Outmaneuver+1","Calculated Gamble+1","Sucker Punch+1","Adrenaline","Cloak And Dagger+1","Backflip","Cloak And Dagger+1","Backflip+1","Adrenaline","Distraction","Caltrops+1","Prepared+1","Accuracy+1","Accuracy+1","Dagger Spray+1","Malaise+1","Madness+1","Madness","Choke"],"max_hp_per_floor":[70,70,70,70,70,70,70,70,70,70,70,70,70,70,70,70,70,70,70,70,70,70,70,70,70,70,70,70,70,70,70,70,70,70,70,70,70,70,70,70,70,70,70,70,70,70,70,70,70,70],"relics":["Astrolabe","Paper Crane","Thread and Needle","Black Star","Pen Nib","Pantograph","Regal Pillow","Omamori","Ancient Tea Set","Eternal Feather","Whetstone","Juzu Bracelet","Anchor","Happy Flower","Orichalcum"],"card_choices":[{"not_picked":["Quick Slash","Underhanded Strike"],"picked":"Adrenaline"},{"not_picked":["Quick Slash","Bane"],"picked":"Cloak And Dagger"},{"not_picked":["Sucker Punch","Outmaneuver"],"picked":"Cloak And Dagger"},{"not_picked":["Acrobatics","Bane"],"picked":"Backflip"},{"not_picked":["Deadly Poison","Acrobatics"],"picked":"Adrenaline"},{"not_picked":["Quick Slash","Acrobatics"],"picked":"Distraction"},{"not_picked":["Blur","Bane"],"picked":"Caltrops"},{"not_picked":["Flying Knee","Dodge and Roll"],"picked":"Prepared"},{"not_picked":["Distraction","Outmaneuver"],"picked":"Accuracy"},{"not_picked":["Dagger Spray","Deadly Poison"],"picked":"Accuracy"},{"not_picked":["Calculated Gamble","All Out Attack"],"picked":"Dagger Spray"},{"not_picked":["Night Terror","Masterful Stab"],"picked":"Choke"}],"player_experience":45860,"potions_floor_usage":[8,8,16,33,42,44,50],"damage_taken":[{"damage":0,"enemies":"Jaw Worm","floor":1,"turns":4},{"damage":0,"enemies":"Cultist","floor":2,"turns":5},{"damage":0,"enemies":"Small Slimes","floor":4,"turns":4},{"damage":0,"enemies":"Red Slaver","floor":7,"turns":5},{"damage":9,"enemies":"Gremlin Nob","floor":8,"turns":5},{"damage":0,"enemies":"Exordium Thugs","floor":10,"turns":4},{"damage":0,"enemies":"Looter","floor":12,"turns":2},{"damage":0,"enemies":"Large Slime","floor":13,"turns":6},{"damage":0,"enemies":"Lots of Slimes","floor":14,"turns":4},{"damage":3,"enemies":"Hexaghost","floor":16,"turns":11},{"damage":0,"enemies":"Shell Parasite","floor":18,"turns":6},{"damage":9,"enemies":"Chosen","floor":22,"turns":9},{"damage":5,"enemies":"Book of Stabbing","floor":23,"turns":7},{"damage":0,"enemies":"Centurion and Healer","floor":30,"turns":6},{"damage":0,"enemies":"3 Cultists","floor":31,"turns":4},{"damage":10,"enemies":"Automaton","floor":33,"turns":8},{"damage":0,"enemies":"Orb Walker","floor":35,"turns":3},{"damage":3,"enemies":"3 Darklings","floor":39,"turns":4},{"damage":15,"enemies":"Nemesis","floor":40,"turns":7},{"damage":10,"enemies":"Sphere and 2 Shapes","floor":42,"turns":8},{"damage":14,"enemies":"4 Shapes","floor":44,"turns":10},{"damage":2,"enemies":"Maw","floor":47,"turns":8},{"damage":24,"enemies":"2 Orb Walkers","floor":48,"turns":6},{"damage":44,"enemies":"Awakened One","floor":50,"turns":18}],"event_choices":[{"event_name":"The Lab","player_choice":"Got Potions","floor":5,"damage_taken":0},{"event_name":"Vampires","player_choice":"Ignored","floor":21,"damage_taken":0},{"event_name":"Addict","player_choice":"Ignored","floor":27,"damage_taken":0},{"event_name":"Purifier","player_choice":"One Purge","floor":36,"damage_taken":0},{"event_name":"Winding Halls","player_choice":"Embrace Madness","floor":38,"damage_taken":0},{"event_name":"Mysterious Sphere","player_choice":"Ignore","floor":46,"damage_taken":0}],"boss_relics":[{"not_picked":["Snecko Eye","Calling Bell"],"picked":"Black Star"},{"not_picked":["Runic Pyramid","Orrery"],"picked":"Eternal Feather"}],"potions_floor_spawned":[7,10,12,14,23,31,40,44],"seed_played":"-5125883718629829128","ascension_level":1,"is_trial":false}