{"path_per_floor":["M","$","?","M","?","R","E","M","T","R","?","?","R","?","R","B",null,"M","?","M","?","$","M","E","M","T","R","M","R","?","E","R","B",null,"M","M","$","T","M","E","R","$","T","M","M","E","M","M","R"],"character_chosen":"THE_SILENT","items_purchased":["Shuriken","Bag of Marbles","Regen Potion"],"gold_per_floor":[109,34,34,50,50,50,81,98,121,121,151,151,151,151,151,254,254,274,274,289,289,47,62,91,108,131,131,143,143,143,174,174,270,270,284,300,200,200,216,245,245,46,46,60,78,106,126,146,146],"floor_reached":50,"campfire_rested":4,"playtime":4165,"current_hp_per_floor":[60,60,60,60,60,60,48,47,47,68,56,56,56,56,56,56,67,67,67,67,67,67,67,64,64,64,64,52,52,39,43,65,16,60,50,50,50,50,50,25,47,47,47,58,49,49,48,39,61],"items_purged":["Strike_G","Strike_G"],"gold":146,"score":763,"play_id":"c1fbe3e7-ea88-4075-9687-05caf4e50a74","is_prod":false,"is_daily":false,"is_ascension_mode":true,"campfire_upgraded":5,"path_taken":["M","$","?","M","?","R","E","M","T","R","?","?","R","?","R","BOSS","M","?","M","?","$","M","E","M","T","R","M","R","?","E","R","BOSS","M","?","$","?","M","E","R","$","T","M","M","E","?","M","R","BOSS"],"build_version":"2018-02-15-PROD1","purchased_purges":2,"victory":false,"master_deck":["Defend_G+1","Defend_G+1","Defend_G+1","Strike_G+1","Strike_G+1","Survivor","Neutralize+1","Choke+1","Terror+1","Flying Knee","Adrenaline","Infinite Blades","Backflip+1","Glass Knife+1","Flying Knee","Cloak And Dagger+1","Quick Slash","Deflect","Quick Slash+1","Backstab","Deflect","A Thousand Cuts","Deflect+1","Cloak And Dagger"],"max_hp_per_floor":[70,70,70,70,70,70,70,70,70,70,70,70,70,70,70,70,70,70,70,70,70,70,70,70,70,70,70,70,70,75,75,75,75,75,75,75,75,75,75,75,75,75,75,75,75,75,75,75,75],"relics":["Ring of the Snake","Paper Crane","Vajra","Odd Mushroom","Orrery","Shuriken","Tough Bandages","Omamori","Ornamental Fan","Runic Pyramid","Torii","Gambling Chip","Bag of Marbles","Unceasing Top","Bottled Lightning"],"card_choices":[{"not_picked":["Flechettes","Outmaneuver"],"picked":"Terror"},{"not_picked":["PiercingWail","All Out Attack"],"picked":"Flying Knee"},{"not_picked":["Bane","PiercingWail"],"picked":"Infinite Blades"},{"not_picked":["Prepared","All Out Attack"],"picked":"Backflip"},{"not_picked":["Storm of Steel","Burst"],"picked":"Glass Knife"},{"not_picked":["Slice","Concentrate"],"picked":"Flying Knee"},{"not_picked":["PiercingWail","Poisoned Stab"],"picked":"Cloak And Dagger"},{"not_picked":["Underhanded Strike","Backflip"],"picked":"Quick Slash"},{"not_picked":["Bane","Choke"],"picked":"Deflect"},{"not_picked":["Accuracy","Acrobatics"],"picked":"Quick Slash"},{"not_picked":["Underhanded Strike","Outmaneuver"],"picked":"Backstab"},{"not_picked":["Dagger Spray","Infinite Blades"],"picked":"Deflect"},{"not_picked":["Phantasmal Killer","Unload"],"picked":"A Thousand Cuts"},{"not_picked":["Dagger Spray","Flying Knee"],"picked":"Deflect"},{"not_picked":["Bouncing Flask","Malaise"],"picked":"Cloak And Dagger"}],"player_experience":201318,"potions_floor_usage":[7,20,23,31,35,35,39,39,44],"damage_taken":[{"damage":3,"enemies":"Small Slimes","floor":1,"turns":3},{"damage":0,"enemies":"2 Louse","floor":4,"turns":2},{"damage":12,"enemies":"Gremlin Nob","floor":7,"turns":3},{"damage":1,"enemies":"Jaw Worm","floor":8,"turns":2},{"damage":12,"enemies":"The Mushroom Lair","floor":11,"turns":4},{"damage":0,"enemies":"Slime Boss","floor":16,"turns":5},{"damage":0,"enemies":"2 Thieves","floor":18,"turns":4},{"damage":0,"enemies":"Spheric Guardian","floor":20,"turns":3},{"damage":0,"enemies":"Centurion and Healer","floor":23,"turns":4},{"damage":3,"enemies":"Book of Stabbing","floor":24,"turns":3},{"damage":0,"enemies":"Snecko","floor":25,"turns":3},{"damage":12,"enemies":"Cultist and Chosen","floor":28,"turns":3},{"damage":8,"enemies":"Slavers","floor":31,"turns":5},{"damage":49,"enemies":"Automaton","floor":33,"turns":8},{"damage":10,"enemies":"3 Darklings","floor":35,"turns":6},{"damage":0,"enemies":"Orb Walker","floor":36,"turns":3},{"damage":0,"enemies":"Sphere and 2 Shapes","floor":39,"turns":8},{"damage":25,"enemies":"2 Orb Walkers","floor":40,"turns":6},{"damage":1,"enemies":"3 Darklings","floor":44,"turns":5},{"damage":9,"enemies":"4 Shapes","floor":45,"turns":8},{"damage":0,"enemies":"Nemesis","floor":46,"turns":5},{"damage":1,"enemies":"Sphere and 2 Shapes","floor":47,"turns":4},{"damage":9,"enemies":"Maw","floor":48,"turns":6},{"damage":80,"enemies":"Donu and Deca","floor":50,"turns":6}],"event_choices":[{"event_name":"Living Wall","player_choice":"Grow","floor":3,"damage_taken":0},{"event_name":"Transmorgrifier","player_choice":"Transform","floor":5,"damage_taken":0},{"event_name":"Mushrooms","player_choice":"Fought Mushrooms","floor":11,"damage_taken":0},{"event_name":"Wheel of Change","player_choice":"Card Removal","floor":12,"damage_taken":0},{"event_name":"Liars Game","player_choice":"disagreed","floor":14,"damage_taken":0},{"event_name":"Back to Basics","player_choice":"Simplicity","floor":19,"damage_taken":0},{"event_name":"The Woman in Blue","player_choice":"Bought 0 Potions","floor":21,"damage_taken":0},{"event_name":"Forgotten Altar","player_choice":"Shed Blood","floor":30,"damage_taken":0}],"boss_relics":[{"not_picked":["Calling Bell","Cursed Key"],"picked":"Orrery"},{"not_picked":["Runic Dome","Astrolabe"],"picked":"Runic Pyramid"}],"potions_floor_spawned":[1,16,18,20,31,33,35,36,48],"seed_played":"-6569955774942739494","killed_by":"Donu and Deca","ascension_level":7,"is_trial":false}