{"path_per_floor":["M","$","M","M","M","R","E","R","T","?","E","$","E","M","R","B",null,"M","?","M","?"],"character_chosen":"THE_SILENT","items_purchased":[],"gold_per_floor":[119,44,64,78,48,48,74,74,156,156,186,86,111,124,124,226,226,226,226,226,151],"floor_reached":22,"campfire_rested":0,"playtime":1338,"current_hp_per_floor":[69,69,69,69,69,69,59,59,59,59,49,49,48,45,45,27,70,67,67,60,60],"items_purged":["Strike_G","Strike_G"],"gold":151,"score":222,"play_id":"628be68e-f0ef-44d6-971f-7d38cb7b2bb4","local_time":"20180302022344","is_prod":false,"is_daily":false,"is_ascension_mode":true,"campfire_upgraded":3,"timestamp":1519986224,"path_taken":["M","$","M","M","M","R","E","R","T","?","E","$","E","M","R","BOSS","M","?","?","?","M"],"build_version":"2018-03-01-BETA2","purchased_purges":2,"victory":false,"master_deck":["Defend_G","Defend_G","Defend_G","Defend_G","Defend_G","Strike_G","Survivor","Neutralize+1","Dagger Throw","Terror+1","Underhanded Strike","Dagger Spray","Footwork+1","Escape Plan","Dagger Throw","Heel Hook","Heel Hook","Tactician","Prepared","Acrobatics"],"max_hp_per_floor":[70,70,70,70,70,70,70,70,70,70,70,70,70,70,70,70,70,70,70,70,70],"relics":["Ring of the Snake","Mummified Hand","Gremlin Horn","Bottled Tornado","Dream Catcher","Ectoplasm"],"card_choices":[{"not_picked":["Outmaneuver","Prepared"],"picked":"Dagger Throw"},{"not_picked":["Corpse Explosion","Caltrops"],"picked":"Terror"},{"not_picked":["Heel Hook","Crippling Poison"],"picked":"Underhanded Strike"},{"not_picked":["Deadly Poison","Backstab"],"picked":"Dagger Spray"},{"not_picked":["All Out Attack","Deflect"],"picked":"Footwork"},{"not_picked":["Cloak And Dagger","Flying Knee"],"picked":"Dagger Throw"},{"not_picked":["Dagger Spray","Unload"],"picked":"Heel Hook"},{"not_picked":["Deadly Poison","Flying Knee"],"picked":"Heel Hook"},{"not_picked":["Wraith Form","Envenom"],"picked":"Tactician"},{"not_picked":["Flying Knee","Dash"],"picked":"Prepared"},{"not_picked":["Outmaneuver","Cloak And Dagger"],"picked":"Acrobatics"}],"player_experience":50400,"potions_floor_usage":[7,16,16,20,22],"damage_taken":[{"damage":1,"enemies":"Small Slimes","floor":1,"turns":4},{"damage":0,"enemies":"2 Louse","floor":3,"turns":3},{"damage":0,"enemies":"Cultist","floor":4,"turns":4},{"damage":0,"enemies":"Looter","floor":5,"turns":4},{"damage":10,"enemies":"Lagavulin","floor":7,"turns":9},{"damage":10,"enemies":"3 Sentries","floor":11,"turns":8},{"damage":1,"enemies":"Lagavulin","floor":13,"turns":7},{"damage":3,"enemies":"2 Fungi Beasts","floor":14,"turns":3},{"damage":18,"enemies":"Slime Boss","floor":16,"turns":5},{"damage":3,"enemies":"Shell Parasite","floor":18,"turns":6},{"damage":7,"enemies":"Spheric Guardian","floor":20,"turns":5},{"damage":66,"enemies":"Cultist and Chosen","floor":22,"turns":6}],"event_choices":[{"event_name":"Living Wall","player_choice":"Change","floor":10,"damage_taken":0},{"event_name":"Drug Dealer","player_choice":"Ignored","floor":19,"damage_taken":0},{"event_name":"Beggar","player_choice":"Gave Gold","floor":21,"damage_taken":0}],"boss_relics":[{"not_picked":["Snecko Eye","Calling Bell"],"picked":"Ectoplasm"}],"potions_floor_spawned":[3,7,11,14,20],"seed_played":"-90707598115272763","killed_by":"Cultist and Chosen","ascension_level":2,"is_trial":false}