{"path_per_floor":["M","$","M","M","M","R","E","?","T","R","?","R","?","?","R","B",null,"M","T","M","M","?","R","M","M","T","M","M","$","R","$","R","B",null,"M","$","?","M","M","R","?","R","T","$","M","M","R","M","R","B"],"character_chosen":"THE_SILENT","items_purchased":["Shuriken","Infinite Blades","Cloak And Dagger","Blade Dance","Bottled Tornado"],"gold_per_floor":[311,73,91,107,127,127,162,262,262,262,290,290,290,290,290,394,394,408,408,425,442,442,442,454,468,468,482,500,425,425,204,204,299,299,315,1,1,17,31,31,31,31,31,31,44,60,60,70,70,70],"floor_reached":51,"campfire_rested":4,"playtime":3504,"current_hp_per_floor":[70,70,65,62,54,54,34,34,34,34,30,51,51,80,80,61,80,80,80,80,79,79,79,78,69,83,74,62,62,90,90,90,90,94,94,94,94,83,81,81,81,81,81,81,33,10,38,37,65,36],"items_purged":["Defend_G","Strike_G"],"gold":70,"score":599,"play_id":"c44bb7d1-7728-45e4-9be7-08cd4af36de4","is_prod":false,"is_daily":false,"is_ascension_mode":false,"campfire_upgraded":7,"path_taken":["M","$","M","M","M","R","E","?","T","R","?","R","?","?","R","BOSS","M","?","M","M","?","R","M","?","T","?","M","$","R","?","R","BOSS","M","$","?","M","?","R","?","R","T","$","M","M","R","M","R","BOSS"],"build_version":"2018-02-15-PROD1","purchased_purges":2,"victory":true,"master_deck":["Defend_G","Defend_G","Defend_G","Defend_G","Strike_G","Strike_G","Strike_G","Survivor","Neutralize+1","Dagger Spray+1","Deflect","Blade Dance+1","Quick Slash","Backflip","Neutralize+1","Backstab","Accuracy+1","Infinite Blades","Cloak And Dagger+1","Dagger Throw+1","Blade Dance+1","Prepared","Cloak And Dagger+1","Prepared","Cloak And Dagger+1"],"max_hp_per_floor":[70,70,70,70,70,70,70,70,70,70,70,70,70,80,80,80,80,80,80,80,80,80,80,80,80,94,94,94,94,94,94,94,94,94,94,94,94,94,94,94,94,94,94,94,94,94,94,94,94,94],"relics":["Ring of the Snake","Old Coin","Shuriken","Ornamental Fan","Unceasing Top","Odd Mushroom","Sozu","Torii","Mango","Question Card","Bottled Tornado","Shovel"],"card_choices":[{"not_picked":["Quick Slash","Deflect"],"picked":"Dagger Spray"},{"not_picked":["Underhanded Strike","Corpse Explosion"],"picked":"Deflect"},{"not_picked":["Dagger Throw","Acrobatics"],"picked":"Blade Dance"},{"not_picked":["Outmaneuver","Acrobatics"],"picked":"Quick Slash"},{"not_picked":["Tactician","Sucker Punch"],"picked":"Backflip"},{"not_picked":["Endless Agony","Deadly Poison"],"picked":"Backstab"},{"not_picked":["Bane","Prepared"],"picked":"Accuracy"},{"not_picked":["Flying Knee","Catalyst","Quick Slash"],"picked":"Dagger Throw"},{"not_picked":["Backflip","Deadly Poison","Dash"],"picked":"Prepared"},{"not_picked":["Poisoned Stab","Expertise","Slice"],"picked":"Cloak And Dagger"},{"not_picked":["PiercingWail","Dagger Spray","Dodge and Roll"],"picked":"Prepared"},{"not_picked":["Slice","Finisher","Poisoned Stab"],"picked":"Cloak And Dagger"}],"player_experience":103138,"potions_floor_usage":[16,16],"damage_taken":[{"damage":0,"enemies":"Cultist","floor":1,"turns":4},{"damage":5,"enemies":"Small Slimes","floor":3,"turns":3},{"damage":3,"enemies":"2 Louse","floor":4,"turns":2},{"damage":8,"enemies":"Exordium Thugs","floor":5,"turns":5},{"damage":20,"enemies":"Gremlin Nob","floor":7,"turns":4},{"damage":4,"enemies":"The Mushroom Lair","floor":11,"turns":4},{"damage":19,"enemies":"Hexaghost","floor":16,"turns":9},{"damage":0,"enemies":"Shell Parasite","floor":18,"turns":4},{"damage":0,"enemies":"3 Byrds","floor":20,"turns":5},{"damage":1,"enemies":"Snecko","floor":21,"turns":7},{"damage":1,"enemies":"Centurion and Healer","floor":24,"turns":5},{"damage":9,"enemies":"Chosen and Byrds","floor":25,"turns":6},{"damage":9,"enemies":"Snecko","floor":27,"turns":4},{"damage":12,"enemies":"Sentry and Sphere","floor":28,"turns":4},{"damage":0,"enemies":"Champ","floor":33,"turns":8},{"damage":0,"enemies":"Orb Walker","floor":35,"turns":4},{"damage":11,"enemies":"3 Darklings","floor":38,"turns":3},{"damage":2,"enemies":"Maw","floor":39,"turns":6},{"damage":48,"enemies":"Sphere and 2 Shapes","floor":45,"turns":9},{"damage":23,"enemies":"4 Shapes","floor":46,"turns":5},{"damage":1,"enemies":"3 Darklings","floor":48,"turns":3},{"damage":29,"enemies":"Time Eater","floor":50,"turns":9}],"event_choices":[{"event_name":"Golden Shrine","player_choice":"Pray","floor":8,"damage_taken":0},{"event_name":"Mushrooms","player_choice":"Fought Mushrooms","floor":11,"damage_taken":0},{"event_name":"Match and Keep!","player_choice":"2 cards matched","floor":13,"damage_taken":0},{"event_name":"Bonfire Elementals","player_choice":"RARE","floor":14,"damage_taken":0},{"event_name":"Vampires","player_choice":"Ignored","floor":22,"damage_taken":0},{"event_name":"Match and Keep!","player_choice":"0 cards matched","floor":37,"damage_taken":0},{"event_name":"Purifier","player_choice":"One Purge","floor":41,"damage_taken":0}],"boss_relics":[{"not_picked":["Black Star","The Specimen"],"picked":"Sozu"},{"not_picked":["Tiny House","Runic Dome"],"picked":"Question Card"}],"potions_floor_spawned":[3,7,16,20,25,27,28,33,38,46,48],"seed_played":"-6497857352853681219","ascension_level":0,"is_trial":false}