{"path_per_floor":["M","M","?","$","M","E","R","E","T","M","M","M","R","E","R","B",null,"M","T","M","$"],"character_chosen":"THE_SILENT","items_purchased":["Gremlin Horn","Flash of Steel"],"gold_per_floor":[110,129,129,54,70,105,105,138,138,149,164,176,176,201,201,306,306,324,350,366,11],"floor_reached":22,"campfire_rested":3,"playtime":6477,"current_hp_per_floor":[63,62,62,62,61,34,55,42,42,42,38,37,58,37,70,8,55,48,48,42,42],"items_purged":["Defend_G"],"gold":11,"score":278,"play_id":"9701a9b5-e159-4ce7-ad14-0e2e04210ea1","is_prod":false,"is_daily":false,"is_ascension_mode":true,"campfire_upgraded":0,"path_taken":["M","M","?","$","?","E","R","E","T","M","M","?","R","E","R","BOSS","M","?","M","$","M"],"build_version":"2018-02-15-PROD1","purchased_purges":1,"victory":false,"master_deck":["Defend_G","Defend_G","Defend_G","Defend_G","Strike_G","Strike_G","Strike_G","Strike_G","Survivor","Neutralize","Tools of the Trade","Dagger Spray","Dagger Throw","Infinite Blades","Well Laid Plans","Backstab","Escape Plan","Prepared","Burst","Endless Agony","Prepared","Flash of Steel"],"max_hp_per_floor":[70,70,70,70,70,70,70,70,70,70,70,70,70,70,70,70,70,70,70,70,70],"relics":["Ring of the Snake","Frozen Eye","Calipers","Ninja Scroll","Regal Pillow","Question Card","Pen Nib","Gremlin Horn"],"card_choices":[{"not_picked":["Deflect","Distraction"],"picked":"Dagger Spray"},{"not_picked":["Acrobatics","Slice"],"picked":"Dagger Throw"},{"not_picked":["Calculated Gamble","Deflect"],"picked":"Well Laid Plans"},{"not_picked":["Dagger Throw","Slice"],"picked":"Backstab"},{"not_picked":["Riddle With Holes","Calculated Gamble"],"picked":"Escape Plan"},{"not_picked":["Wraith Form","Well Laid Plans"],"picked":"Prepared"},{"not_picked":["Grand Finale","Wraith Form"],"picked":"Burst"},{"not_picked":["Skewer","Riddle With Holes","PiercingWail"],"picked":"Endless Agony"},{"not_picked":["Slice","PiercingWail","Dagger Throw"],"picked":"Prepared"}],"player_experience":194841,"potions_floor_usage":[6,14,14,16,20,20],"damage_taken":[{"damage":0,"enemies":"2 Louse","floor":1,"turns":4},{"damage":1,"enemies":"Cultist","floor":2,"turns":4},{"damage":1,"enemies":"Jaw Worm","floor":5,"turns":5},{"damage":27,"enemies":"Lagavulin","floor":6,"turns":8},{"damage":13,"enemies":"3 Sentries","floor":8,"turns":6},{"damage":0,"enemies":"Gremlin Gang","floor":10,"turns":3},{"damage":4,"enemies":"Red Slaver","floor":11,"turns":3},{"damage":1,"enemies":"Exordium Thugs","floor":12,"turns":5},{"damage":21,"enemies":"Lagavulin","floor":14,"turns":6},{"damage":62,"enemies":"Hexaghost","floor":16,"turns":13},{"damage":7,"enemies":"3 Byrds","floor":18,"turns":6},{"damage":6,"enemies":"2 Thieves","floor":20,"turns":3},{"damage":46,"enemies":"Snecko","floor":22,"turns":5}],"event_choices":[{"event_name":"Transmorgrifier","player_choice":"Transform","floor":3,"damage_taken":0}],"boss_relics":[{"not_picked":["Black Star","Pandora\u0027s Box"],"picked":"Question Card"}],"potions_floor_spawned":[2,6,12,14,16,18],"seed_played":"-1111373875361353750","killed_by":"Snecko","ascension_level":7,"is_trial":false}