{"path_per_floor":["M","M","?","$","T","R","M","R","T","M","M","E","M","E","R","B",null,"M","?","?","M","M","R","E","M","T","$","M","R","E","M","R","B",null,"M","M","M","?","?","R","M","$","T","?","M","R","?","M","R"],"character_chosen":"THE_SILENT","items_purchased":["Calculated Gamble","Ninja Scroll","Finisher","Bag of Marbles"],"gold_per_floor":[116,126,76,38,90,90,101,101,101,119,134,163,178,212,212,312,312,325,325,325,337,356,356,381,395,395,35,51,51,86,98,98,202,202,212,223,238,238,238,238,256,3,3,3,21,21,21,37,37],"floor_reached":50,"campfire_rested":1,"playtime":3919,"current_hp_per_floor":[62,62,62,62,62,62,62,62,62,62,62,58,58,57,57,50,65,65,65,65,65,65,65,56,47,47,47,47,68,68,68,68,68,70,70,70,70,61,61,61,57,57,57,57,57,57,57,57,57],"items_purged":["Decay","Catalyst"],"gold":37,"score":737,"play_id":"34d19e47-1fcc-4d0e-becd-129e8fc026eb","is_prod":false,"is_daily":false,"is_ascension_mode":true,"campfire_upgraded":8,"path_taken":["M","M","?","$","?","R","M","R","T","?","M","E","M","E","R","BOSS","M","?","?","M","M","R","E","?","T","$","M","R","E","M","R","BOSS","M","M","M","?","?","R","?","$","T","?","?","R","?","M","R","BOSS"],"build_version":"2018-02-15-PROD1","purchased_purges":2,"victory":false,"master_deck":["Defend_G","Defend_G","Defend_G","Defend_G","Strike_G","Strike_G","Strike_G","Survivor","Neutralize+1","Poisoned Stab","Cloak And Dagger+1","Calculated Gamble+1","Heel Hook","Adrenaline","Backstab","Die Die Die","Backflip+1","Terror+1","Escape Plan","Finisher+1","Cloak And Dagger+1","Sucker Punch+1","Escape Plan+1","Calculated Gamble+1","Madness","Madness+1","Prepared+1","Doubt"],"max_hp_per_floor":[70,70,70,70,70,70,70,70,70,70,70,70,70,70,70,70,70,70,70,70,70,70,70,70,70,70,70,70,70,70,70,70,70,70,70,70,70,70,70,70,70,70,70,70,70,70,70,70,70],"relics":["Ring of the Snake","Pen Nib","Tough Bandages","Ornamental Fan","Vajra","Cursed Key","Mercury Hourglass","Dead Branch","Ninja Scroll","Bronze Scales","Question Card","Bag of Marbles","Orichalcum"],"card_choices":[{"not_picked":["Acrobatics","Dodge and Roll"],"picked":"Poisoned Stab"},{"not_picked":["Quick Slash","Underhanded Strike"],"picked":"Cloak And Dagger"},{"not_picked":["Deadly Poison","Deflect"],"picked":"Heel Hook"},{"not_picked":["PiercingWail","Poisoned Stab"],"picked":"Adrenaline"},{"not_picked":["Acrobatics","Dagger Spray"],"picked":"Backstab"},{"not_picked":["Dagger Throw","Deadly Poison"],"picked":"Catalyst"},{"not_picked":["Venomology","Grand Finale"],"picked":"Die Die Die"},{"not_picked":["Blur","Choke"],"picked":"Backflip"},{"not_picked":["Sucker Punch","PiercingWail"],"picked":"Escape Plan"},{"not_picked":["Slice","Outmaneuver"],"picked":"Cloak And Dagger"},{"not_picked":["Storm of Steel","Deflect"],"picked":"Sucker Punch"},{"not_picked":["PiercingWail","Infinite Blades","Endless Agony"],"picked":"Escape Plan"},{"not_picked":["Dagger Spray","Acrobatics","Noxious Fumes"],"picked":"Calculated Gamble"},{"not_picked":["Poisoned Stab","Acrobatics","Slice"],"picked":"Prepared"}],"player_experience":205483,"potions_floor_usage":[12,12,14,41,50,50,50],"damage_taken":[{"damage":1,"enemies":"Small Slimes","floor":1,"turns":4},{"damage":0,"enemies":"2 Louse","floor":2,"turns":3},{"damage":0,"enemies":"Cultist","floor":7,"turns":3},{"damage":0,"enemies":"Exordium Thugs","floor":10,"turns":4},{"damage":0,"enemies":"Large Slime","floor":11,"turns":6},{"damage":4,"enemies":"Gremlin Nob","floor":12,"turns":3},{"damage":0,"enemies":"Lots of Slimes","floor":13,"turns":3},{"damage":1,"enemies":"3 Sentries","floor":14,"turns":7},{"damage":7,"enemies":"Slime Boss","floor":16,"turns":13},{"damage":0,"enemies":"Shell Parasite","floor":18,"turns":3},{"damage":0,"enemies":"2 Thieves","floor":21,"turns":2},{"damage":0,"enemies":"Sentry and Sphere","floor":22,"turns":5},{"damage":9,"enemies":"Book of Stabbing","floor":24,"turns":5},{"damage":9,"enemies":"Centurion and Healer","floor":25,"turns":4},{"damage":0,"enemies":"Snake Plant","floor":28,"turns":2},{"damage":0,"enemies":"Slavers","floor":30,"turns":3},{"damage":0,"enemies":"3 Cultists","floor":31,"turns":2},{"damage":0,"enemies":"Collector","floor":33,"turns":2},{"damage":0,"enemies":"3 Shapes","floor":35,"turns":1},{"damage":0,"enemies":"3 Darklings","floor":36,"turns":1},{"damage":0,"enemies":"Sphere and 2 Shapes","floor":37,"turns":1},{"damage":4,"enemies":"4 Shapes","floor":41,"turns":2},{"damage":0,"enemies":"3 Darklings","floor":45,"turns":2},{"damage":0,"enemies":"Maw","floor":48,"turns":2},{"damage":89,"enemies":"Time Eater","floor":50,"turns":10}],"event_choices":[{"event_name":"The Cleric","player_choice":"Card Removal","floor":3,"damage_taken":0},{"event_name":"Drug Dealer","player_choice":"Ignored","floor":19,"damage_taken":0},{"event_name":"The Library","player_choice":"Read","floor":20,"damage_taken":0},{"event_name":"Winding Halls","player_choice":"Embrace Madness","floor":38,"damage_taken":0},{"event_name":"Tomb of Lord Red Mask","player_choice":"Ignored","floor":39,"damage_taken":0},{"event_name":"The Lab","player_choice":"Got Potions","floor":44,"damage_taken":0}],"boss_relics":[{"not_picked":["Pandora\u0027s Box","Runic Dome"],"picked":"Cursed Key"},{"not_picked":["Philosopher\u0027s Stone","Calling Bell"],"picked":"Question Card"}],"potions_floor_spawned":[2,11,13,25,28,30,37,45,48],"seed_played":"3298591754504960466","killed_by":"Time Eater","ascension_level":7,"is_trial":false}