{"path_per_floor":["M","$","M","?","M","E","?","M","T","M","R","M","E","M","R"],"character_chosen":"THE_SILENT","items_purchased":[],"gold_per_floor":[219,144,161,161,173,198,198,213,213,223,223,242,273,289,289],"floor_reached":16,"campfire_rested":1,"playtime":1461,"current_hp_per_floor":[63,63,63,56,56,23,23,22,22,22,43,40,35,35,35],"items_purged":["Defend_G"],"gold":289,"score":154,"play_id":"8c689510-55b5-4c8f-9b81-9d22e4cd2afc","is_prod":false,"is_daily":false,"is_ascension_mode":true,"campfire_upgraded":1,"path_taken":["M","$","M","?","M","E","?","M","T","M","R","?","E","M","R","BOSS"],"build_version":"2018-02-15-PROD1","purchased_purges":1,"victory":false,"master_deck":["Defend_G","Defend_G","Defend_G","Defend_G","Strike_G","Strike_G","Strike_G","Strike_G","Survivor","Neutralize","Backflip","Dagger Spray","Glass Knife+1","Escape Plan","Flechettes","Sucker Punch","Cloak And Dagger","Escape Plan"],"max_hp_per_floor":[70,70,70,70,70,70,70,70,70,70,70,70,70,70,70],"relics":["Ring of the Snake","Happy Flower","Ice Cream","Pantograph"],"card_choices":[{"not_picked":["Unload","Sucker Punch"],"picked":"Backflip"},{"not_picked":["Prepared","Underhanded Strike"],"picked":"Dagger Spray"},{"not_picked":["Backstab","All Out Attack"],"picked":"Glass Knife"},{"not_picked":["Deadly Poison","Predator"],"picked":"Escape Plan"},{"not_picked":["Well Laid Plans","Deflect"],"picked":"Flechettes"},{"not_picked":["Caltrops","Dagger Spray"],"picked":"Sucker Punch"},{"not_picked":["Wraith Form","Slice"],"picked":"Cloak And Dagger"},{"not_picked":["Poisoned Stab","Underhanded Strike"],"picked":"Escape Plan"}],"player_experience":215259,"potions_floor_usage":[6,12,13,16],"damage_taken":[{"damage":0,"enemies":"Small Slimes","floor":1,"turns":5},{"damage":0,"enemies":"Jaw Worm","floor":3,"turns":7},{"damage":0,"enemies":"2 Louse","floor":5,"turns":4},{"damage":33,"enemies":"Gremlin Nob","floor":6,"turns":6},{"damage":1,"enemies":"Blue Slaver","floor":8,"turns":4},{"damage":0,"enemies":"Looter","floor":10,"turns":3},{"damage":3,"enemies":"Exordium Thugs","floor":12,"turns":3},{"damage":5,"enemies":"3 Sentries","floor":13,"turns":5},{"damage":0,"enemies":"2 Fungi Beasts","floor":14,"turns":2},{"damage":63,"enemies":"Hexaghost","floor":16,"turns":12}],"event_choices":[{"event_name":"Golden Wing","player_choice":"Card Removal","floor":4,"damage_taken":0},{"event_name":"Liars Game","player_choice":"disagreed","floor":7,"damage_taken":0}],"boss_relics":[],"potions_floor_spawned":[5,8,10,12],"seed_played":"1859565441946073580","killed_by":"Hexaghost","ascension_level":7,"is_trial":false}