{"path_per_floor":["M","?","M","M","$","E","?","R","T","E","?","?","R","M","R","B",null,"M","?","M","$","?","R","E","?","T","$","E","R","?","E","R","B",null,"M","?","?","M","?","R","M","?","T","R","?","M","E","M","R"],"character_chosen":"THE_SILENT","items_purchased":["Well Laid Plans","Footwork","Regen Potion"],"gold_per_floor":[118,118,135,149,7,34,34,34,34,59,120,120,120,137,137,239,239,254,304,314,93,93,93,122,122,175,50,76,76,76,109,109,208,208,218,318,318,337,337,337,349,349,349,349,349,359,384,403,403],"floor_reached":50,"campfire_rested":6,"playtime":11340,"current_hp_per_floor":[63,63,62,62,62,49,70,70,70,51,28,80,80,80,80,72,78,60,60,46,46,30,54,26,26,26,26,21,45,45,7,31,9,62,61,61,61,36,36,60,16,16,16,40,40,39,12,11,35],"items_purged":["Defend_G","Defend_G","Strike_G"],"gold":403,"score":651,"play_id":"2f1c4e55-25ed-409e-8d19-ad6b4fb073d3","is_prod":false,"is_daily":false,"is_ascension_mode":true,"campfire_upgraded":3,"path_taken":["M","?","M","M","$","E","?","R","T","E","?","?","R","M","R","BOSS","M","?","M","$","?","R","E","?","T","$","E","R","?","E","R","BOSS","M","?","?","M","?","R","M","?","T","R","?","M","E","M","R","BOSS"],"build_version":"2018-02-22-PROD1","purchased_purges":4,"victory":false,"master_deck":["Defend_G","Defend_G+1","Defend_G","Strike_G","Strike_G","Survivor","Neutralize+1","Flying Knee","Prepared+1","Well Laid Plans+1","Heel Hook","Dagger Spray+1","Tools of the Trade","Blur","Footwork+1","Heel Hook+1","Terror","Backflip","Tactician","Necronomicurse","Flying Knee+1"],"max_hp_per_floor":[70,70,70,70,70,70,70,70,70,70,70,80,80,80,80,80,80,80,80,80,80,80,80,80,80,80,80,80,80,80,80,80,80,80,80,80,80,80,80,80,80,80,80,80,80,80,80,80,80],"relics":["Ring of the Snake","Juzu Bracelet","Bottled Tornado","Frozen Eye","Tingsha","War Paint","Black Star","Necronomicon","Pen Nib","Oddly Smooth Stone","Happy Flower","Orichalcum","Anchor","Dream Catcher","Vajra","Runic Pyramid","Blood Vial","Omamori","Ancient Tea Set"],"card_choices":[{"not_picked":["Slice","Concentrate"],"picked":"Flying Knee"},{"not_picked":["All Out Attack","Bane"],"picked":"Prepared"},{"not_picked":["Masterful Stab","PiercingWail"],"picked":"Heel Hook"},{"not_picked":["Underhanded Strike","Dodge and Roll"],"picked":"Tactician"},{"not_picked":["Leg Sweep","Reflex"],"picked":"Dagger Spray"},{"not_picked":["Storm of Steel","Envenom"],"picked":"Tools of the Trade"},{"not_picked":["Quick Slash","Backflip"],"picked":"Blur"},{"not_picked":["Unload","Leg Sweep"],"picked":"Heel Hook"},{"not_picked":["Dagger Spray","Backflip"],"picked":"Terror"},{"not_picked":["Blade Dance","Sucker Punch"],"picked":"Backflip"},{"not_picked":["Reflex","Distraction"],"picked":"Flying Knee"}],"player_experience":243640,"potions_floor_usage":[41,46,48,48],"damage_taken":[{"damage":0.0,"enemies":"Jaw Worm","floor":1.0,"turns":5.0},{"damage":1.0,"enemies":"Cultist","floor":3.0,"turns":4.0},{"damage":0.0,"enemies":"Small Slimes","floor":4.0,"turns":3.0},{"damage":13.0,"enemies":"Lagavulin","floor":6.0,"turns":6.0},{"damage":19.0,"enemies":"Gremlin Nob","floor":10.0,"turns":4.0},{"damage":23.0,"enemies":"Gremlin Nob","floor":11.0,"turns":5.0},{"damage":0.0,"enemies":"Blue Slaver","floor":14.0,"turns":3.0},{"damage":20.0,"enemies":"Slime Boss","floor":16.0,"turns":8.0},{"damage":18.0,"enemies":"Spheric Guardian","floor":18.0,"turns":5.0},{"damage":14.0,"enemies":"Shell Parasite","floor":20.0,"turns":5.0},{"damage":43.0,"enemies":"Book of Stabbing","floor":24.0,"turns":8.0},{"damage":5.0,"enemies":"Gremlin Leader","floor":28.0,"turns":7.0},{"damage":38.0,"enemies":"Slavers","floor":31.0,"turns":6.0},{"damage":22.0,"enemies":"Champ","floor":33.0,"turns":14.0},{"damage":1,"enemies":"3 Shapes","floor":35,"turns":10},{"damage":25,"enemies":"3 Darklings","floor":38,"turns":4},{"damage":56,"enemies":"Sphere and 2 Shapes","floor":41,"turns":6},{"damage":3,"enemies":"4 Shapes","floor":46,"turns":10},{"damage":29,"enemies":"Nemesis","floor":47,"turns":7},{"damage":18,"enemies":"3 Darklings","floor":48,"turns":8},{"damage":40,"enemies":"Awakened One","floor":50,"turns":3}],"event_choices":[{"event_name":"The Lab","player_choice":"Got Potions","floor":2.0,"damage_taken":0.0},{"event_name":"Wheel of Change","player_choice":"Full Heal","floor":7.0,"damage_taken":0.0},{"event_name":"Dead Adventurer","player_choice":"Searched \u00272\u0027 times","floor":11.0,"damage_taken":0.0},{"event_name":"Bonfire Elementals","player_choice":"RARE","floor":12.0,"damage_taken":0.0},{"event_name":"The Joust","player_choice":"Bet on Murderer","floor":19.0,"damage_taken":0.0},{"event_name":"Cursed Tome","player_choice":"Obtained Book","floor":22.0,"damage_taken":0.0},{"event_name":"Accursed Blacksmith","player_choice":"Forge","floor":25.0,"damage_taken":0.0},{"event_name":"Purifier","player_choice":"One Purge","floor":30.0,"damage_taken":0.0},{"event_name":"Golden Shrine","player_choice":"Pray","floor":36,"damage_taken":0},{"event_name":"Transmorgrifier","player_choice":"Transform","floor":37,"damage_taken":0},{"event_name":"Fountain of Cleansing","player_choice":"Removed Curse","floor":39,"damage_taken":0},{"event_name":"Tomb of Lord Red Mask","player_choice":"Ignored","floor":42,"damage_taken":0},{"event_name":"Mysterious Sphere","player_choice":"Ignore","floor":45,"damage_taken":0}],"boss_relics":[{"not_picked":["The Specimen","Astrolabe"],"picked":"Runic Pyramid"}],"potions_floor_spawned":[3,6,14,18,28,31,35,41,47,48],"seed_played":"1896064945344921022","killed_by":"Awakened One","ascension_level":7,"is_trial":false}