{"path_per_floor":["M","?","M","M","M","E","R","E","T","R","$","?","M","M","R","B",null,"M","$","M","M","?","R","M","E","T","?","?"],"character_chosen":"THE_SILENT","items_purchased":["Mind Blast","Vajra"],"gold_per_floor":[117,117,132,148,165,196,196,231,285,285,210,210,227,239,239,334,334,353,19,37,52,52,52,71,130,153,78,78],"floor_reached":29,"campfire_rested":1,"playtime":1441,"current_hp_per_floor":[63,60,60,60,57,45,45,32,32,32,32,32,32,32,53,35,70,64,64,64,60,65,65,65,38,38,38,38],"items_purged":["Strike_G","Strike_G"],"gold":78,"score":268,"play_id":"d4735a7e-f359-4b60-b6e6-7dc2a0abe320","local_time":"20180302002341","is_prod":false,"is_daily":false,"is_ascension_mode":true,"campfire_upgraded":3,"timestamp":1519979021,"path_taken":["M","?","M","M","M","E","R","E","T","R","$","?","M","M","R","BOSS","M","$","M","M","?","R","M","E","T","?","?","M"],"build_version":"2018-03-01-BETA2","purchased_purges":2,"victory":false,"master_deck":["Defend_G","Defend_G","Defend_G","Defend_G","Defend_G","Survivor","Neutralize+1","Predator","Malaise+1","Dagger Spray","Predator","Bouncing Flask+1","Die Die Die","Backflip","Poisoned Stab+1","Mind Blast","Corpse Explosion","Terror+1","Catalyst"],"max_hp_per_floor":[70,70,70,70,70,70,70,70,70,70,70,70,70,70,70,70,70,70,70,70,70,70,70,70,70,70,70,70],"relics":["Black Star","Pen Nib","Orichalcum","Anchor","Prayer Wheel","Dream Catcher","Snake Skull","Orrery","Vajra","Tiny Chest","Oddly Smooth Stone","Lantern"],"card_choices":[{"not_picked":["Prepared","Acrobatics"],"picked":"Predator"},{"not_picked":["Slice","Bane"],"picked":"Malaise"},{"not_picked":["Slice","Backstab"],"picked":"Dagger Spray"},{"not_picked":["Sucker Punch","Tools of the Trade"],"picked":"Predator"},{"not_picked":["Quick Slash","Calculated Gamble"],"picked":"Dagger Throw"},{"not_picked":["Glass Knife","Unload"],"picked":"Die Die Die"},{"not_picked":["After Image","PiercingWail"],"picked":"Backflip"},{"not_picked":["Backstab","Deadly Poison"],"picked":"Poisoned Stab"},{"not_picked":["Flying Knee","Riddle With Holes"],"picked":"Corpse Explosion"},{"not_picked":["Quick Slash","Flying Knee"],"picked":"Terror"},{"not_picked":["Bane","Outmaneuver"],"picked":"Catalyst"}],"player_experience":44419,"potions_floor_usage":[8,14,21,25,29],"damage_taken":[{"damage":7,"enemies":"Cultist","floor":1,"turns":5},{"damage":0,"enemies":"Jaw Worm","floor":3,"turns":5},{"damage":0,"enemies":"2 Louse","floor":4,"turns":2},{"damage":3,"enemies":"Red Slaver","floor":5,"turns":5},{"damage":12,"enemies":"3 Sentries","floor":6,"turns":7},{"damage":13,"enemies":"Lagavulin","floor":8,"turns":8},{"damage":0,"enemies":"Lots of Slimes","floor":13,"turns":3},{"damage":0,"enemies":"Large Slime","floor":14,"turns":5},{"damage":18,"enemies":"The Guardian","floor":16,"turns":10},{"damage":6,"enemies":"Shell Parasite","floor":18,"turns":5},{"damage":0,"enemies":"Chosen","floor":20,"turns":5},{"damage":4,"enemies":"Snecko","floor":21,"turns":5},{"damage":0,"enemies":"Snake Plant","floor":24,"turns":4},{"damage":39,"enemies":"Slavers","floor":25,"turns":5},{"damage":39,"enemies":"Cultist and Chosen","floor":29,"turns":4}],"event_choices":[{"event_name":"Scrap Ooze","player_choice":"success","floor":2,"damage_taken":3},{"event_name":"Transmorgrifier","player_choice":"Transform","floor":12,"damage_taken":0},{"event_name":"Bonfire Elementals","player_choice":"COMMON","floor":22,"damage_taken":0},{"event_name":"Beggar","player_choice":"Gave Gold","floor":27,"damage_taken":0},{"event_name":"Purifier","player_choice":"One Purge","floor":28,"damage_taken":0}],"boss_relics":[{"not_picked":["Philosopher\u0027s Stone","Lizard Tail"],"picked":"Orrery"}],"potions_floor_spawned":[3,4,5,13,20],"seed_played":"7593242673962362947","killed_by":"Cultist and Chosen","ascension_level":1,"is_trial":false}