{"path_per_floor":["M","?","M","?","$","E","R","E","T","M","E","M","R","?","R","B",null,"M","M","$","?","?","R","M","R","T","E","?","$","R","E","R","B",null,"M","$","?","M","?","E","R","?","T","?","M","$","E","T","R","B"],"character_chosen":"THE_SILENT","items_purchased":["Ancient Potion","Mind Blast"],"gold_per_floor":[109,109,123,123,0,28,28,62,62,73,99,115,115,115,115,214,214,234,245,145,145,60,60,79,79,79,107,107,3,3,31,31,136,136,154,29,29,39,139,167,167,167,221,221,238,88,120,169,169,169],"floor_reached":51,"campfire_rested":2,"playtime":3852,"current_hp_per_floor":[59,59,59,45,45,32,53,37,37,37,40,40,61,61,61,34,61,61,61,61,61,61,61,61,61,61,61,61,61,61,61,61,61,68,68,68,68,57,57,57,65,65,65,56,56,56,56,56,64,70],"items_purged":["Decay","Masterful Stab","Deadly Poison","Dagger Spray"],"gold":169,"score":1047,"play_id":"3925c5b4-324a-478d-9e1b-1e1781ff31a8","is_prod":false,"is_daily":false,"is_ascension_mode":true,"campfire_upgraded":7,"path_taken":["M","?","M","?","$","E","R","E","T","M","E","M","R","?","R","BOSS","M","?","$","?","?","R","M","R","T","E","?","$","R","E","R","BOSS","M","$","?","M","?","E","R","?","T","?","M","$","E","?","R","BOSS"],"build_version":"2018-02-15-PROD1","purchased_purges":4,"victory":true,"master_deck":["Survivor","Neutralize+1","Dagger Spray","After Image+1","Quick Slash","Backstab","Adrenaline","Dagger Throw","Well Laid Plans","Sucker Punch+1","Backflip+1","Dodge and Roll","All Out Attack","Cloak And Dagger+1","Finisher+1","Mind Blast","Tactician+1","Backstab+1","Escape Plan","Madness","Madness+1","Calculated Gamble","Calculated Gamble+1"],"max_hp_per_floor":[70,70,70,70,70,70,70,70,70,70,70,70,70,70,70,70,70,70,70,70,70,70,70,70,70,70,70,70,70,70,70,70,70,70,70,70,70,70,70,70,70,70,70,70,70,70,70,70,70,70],"relics":["Ring of the Snake","Vajra","Oddly Smooth Stone","Ninja Scroll","Dead Branch","Anchor","Pandora\u0027s Box","Bag of Preparation","Ginger","Juzu Bracelet","Bottled Flame","Eternal Feather","Paper Crane","Art of War","Bird Faced Urn","Bag of Marbles"],"card_choices":[{"not_picked":["Bouncing Flask","Backflip"],"picked":"Dagger Spray"},{"not_picked":["Acrobatics","Predator"],"picked":"Dagger Spray"},{"not_picked":["Prepared","Blur"],"picked":"After Image"},{"not_picked":["Caltrops","Crippling Poison"],"picked":"Quick Slash"},{"not_picked":["Expertise","Eviscerate"],"picked":"Backstab"},{"not_picked":["Wraith Form","Venomology"],"picked":"Adrenaline"},{"not_picked":["Dagger Throw","Quick Slash"],"picked":"Cloak And Dagger"},{"not_picked":["All Out Attack","PiercingWail"],"picked":"Finisher"},{"not_picked":["Doppelganger","Glass Knife"],"picked":"Tactician"},{"not_picked":["Noxious Fumes","Catalyst"],"picked":"Backstab"},{"not_picked":["Dagger Spray","Grand Finale"],"picked":"Escape Plan"},{"not_picked":["Quick Slash","Malaise"],"picked":"Calculated Gamble"},{"not_picked":["Backstab","Footwork"],"picked":"Calculated Gamble"}],"player_experience":180814,"potions_floor_usage":[6,8,11,11,31,31,33],"damage_taken":[{"damage":4,"enemies":"Small Slimes","floor":1,"turns":4},{"damage":0,"enemies":"Cultist","floor":3,"turns":4},{"damage":13,"enemies":"Gremlin Nob","floor":6,"turns":5},{"damage":16,"enemies":"Lagavulin","floor":8,"turns":6},{"damage":0,"enemies":"2 Louse","floor":10,"turns":2},{"damage":0,"enemies":"Gremlin Nob","floor":11,"turns":2},{"damage":0,"enemies":"Blue Slaver","floor":12,"turns":1},{"damage":27,"enemies":"Slime Boss","floor":16,"turns":10},{"damage":0,"enemies":"2 Thieves","floor":18,"turns":1},{"damage":0,"enemies":"Spheric Guardian","floor":19,"turns":2},{"damage":0,"enemies":"Centurion and Healer","floor":24,"turns":3},{"damage":0,"enemies":"Slavers","floor":27,"turns":4},{"damage":0,"enemies":"Book of Stabbing","floor":31,"turns":2},{"damage":0,"enemies":"Automaton","floor":33,"turns":4},{"damage":0,"enemies":"Orb Walker","floor":35,"turns":1},{"damage":11,"enemies":"3 Shapes","floor":38,"turns":3},{"damage":0,"enemies":"Giant Head","floor":40,"turns":4},{"damage":0,"enemies":"Maw","floor":45,"turns":6},{"damage":0,"enemies":"2 Orb Walkers","floor":47,"turns":3},{"damage":0,"enemies":"Donu and Deca","floor":50,"turns":5}],"event_choices":[{"event_name":"Wheel of Change","player_choice":"Curse","floor":2,"damage_taken":0},{"event_name":"Shining Light","player_choice":"Entered Light","floor":4,"damage_taken":0},{"event_name":"Bonfire Elementals","player_choice":"BASIC","floor":14,"damage_taken":0},{"event_name":"Drug Dealer","player_choice":"Ignored","floor":21,"damage_taken":0},{"event_name":"Addict","player_choice":"Obtained Relic","floor":22,"damage_taken":0},{"event_name":"Back to Basics","player_choice":"Elegance","floor":28,"damage_taken":0},{"event_name":"Accursed Blacksmith","player_choice":"Forge","floor":37,"damage_taken":0},{"event_name":"Golden Shrine","player_choice":"Pray","floor":39,"damage_taken":0},{"event_name":"Tomb of Lord Red Mask","player_choice":"Ignored","floor":42,"damage_taken":0},{"event_name":"Winding Halls","player_choice":"Embrace Madness","floor":44,"damage_taken":0}],"boss_relics":[{"not_picked":["Calling Bell","Runic Dome"],"picked":"Pandora\u0027s Box"},{"not_picked":["Philosopher\u0027s Stone","Tiny House"],"picked":"Eternal Feather"}],"potions_floor_spawned":[6,8,10,18,19,27,31,38,45,47],"seed_played":"4356439855871524184","ascension_level":6,"is_trial":false}