{"path_per_floor":["M","M","?","?","M","R","E","?","T","M","$","R","E","T","R","B",null,"M","M","?","$","M","R","$","E","T","?","R","?","M","M","R","B",null,"M","$","?","M","?","R","M","M","T","?","R","$","M","M","R","B"],"character_chosen":"THE_SILENT","items_purchased":["Tiny Chest","Dagger Throw","Bandage Up","Kunai","Regen Potion"],"gold_per_floor":[119,139,89,89,105,105,139,139,214,226,7,7,42,66,66,163,163,179,197,122,28,43,43,43,76,76,276,276,276,293,310,310,414,414,424,83,83,94,94,94,112,123,123,123,123,72,90,104,104,104],"floor_reached":51,"campfire_rested":4,"playtime":4886,"current_hp_per_floor":[70,68,68,68,67,67,43,43,43,38,38,59,45,45,66,18,70,70,52,52,52,47,47,47,13,13,13,34,34,36,40,61,7,70,67,67,67,62,62,62,64,45,45,45,45,45,51,57,57,29],"items_purged":["Strike_G","Defend_G"],"gold":104,"score":500,"play_id":"3ad68f4f-f8de-4101-9e76-8064c1a7fb65","is_prod":false,"is_daily":false,"is_ascension_mode":false,"campfire_upgraded":5,"path_taken":["M","M","?","?","M","R","E","?","T","?","$","R","E","?","R","BOSS","M","M","?","$","M","R","$","E","T","?","R","?","M","?","R","BOSS","M","?","?","M","?","R","M","?","T","?","R","$","M","?","R","BOSS"],"build_version":"2018-02-15-PROD1","purchased_purges":2,"victory":true,"master_deck":["Defend_G+1","Defend_G+1","Defend_G+1","Strike_G+1","Strike_G+1","Survivor+1","Neutralize+1","Skewer+1","Backstab","Terror+1","Venomology","Dagger Throw","Calculated Gamble+1","Bandage Up","Footwork+1","Backflip","Dagger Spray","Dagger Throw","Well Laid Plans+1"],"max_hp_per_floor":[70,70,70,70,70,70,70,70,70,70,70,70,70,70,70,70,70,70,70,70,70,70,70,70,70,70,70,70,70,70,70,70,70,70,70,70,70,70,70,70,70,70,70,70,70,70,70,70,70,70],"relics":["Question Card","Calipers","Gremlin Horn","Tiny Chest","War Paint","Lantern","Velvet Choker","Ornamental Fan","Frozen Eye","White Beast Statue","Kunai","Blood Vial"],"card_choices":[{"not_picked":["Deadly Poison","Leg Sweep","Deflect"],"picked":"Skewer"},{"not_picked":["Deadly Poison","Blade Dance","Dagger Spray"],"picked":"Backstab"},{"not_picked":["Blur","Flying Knee","Choke"],"picked":"Terror"},{"not_picked":["Slice","Concentrate","Quick Slash"],"picked":"Venomology"},{"not_picked":["Wraith Form","Die Die Die","Doppelganger"],"picked":"Adrenaline"},{"not_picked":["Outmaneuver","Distraction","Dodge and Roll"],"picked":"Calculated Gamble"},{"not_picked":["Slice","Dodge and Roll","Underhanded Strike"],"picked":"Footwork"},{"not_picked":["Catalyst","Blade Dance","Setup"],"picked":"Backflip"},{"not_picked":["Eviscerate","Prepared","Acrobatics"],"picked":"Dagger Spray"},{"not_picked":["Cloak And Dagger","PiercingWail","Deflect"],"picked":"Dagger Throw"},{"not_picked":["Leg Sweep","Acrobatics","Slice"],"picked":"Well Laid Plans"}],"player_experience":231878,"potions_floor_usage":[10,13,16,16,16,18,19,22,25,25,25,30,30,31,31,33,33,38,41,42,42,47,50,50,50,50],"damage_taken":[{"damage":0,"enemies":"2 Louse","floor":1,"turns":3},{"damage":2,"enemies":"Cultist","floor":2,"turns":4},{"damage":1,"enemies":"Jaw Worm","floor":5,"turns":3},{"damage":24,"enemies":"3 Sentries","floor":7,"turns":7},{"damage":5,"enemies":"Exordium Thugs","floor":10,"turns":4},{"damage":14,"enemies":"Lagavulin","floor":13,"turns":5},{"damage":61,"enemies":"Hexaghost","floor":16,"turns":10},{"damage":0,"enemies":"Chosen","floor":18,"turns":3},{"damage":18,"enemies":"3 Byrds","floor":19,"turns":5},{"damage":9,"enemies":"Snecko","floor":22,"turns":4},{"damage":53,"enemies":"Gremlin Leader","floor":25,"turns":8},{"damage":2,"enemies":"Centurion and Healer","floor":30,"turns":5},{"damage":0,"enemies":"Sentry and Sphere","floor":31,"turns":3},{"damage":58,"enemies":"Automaton","floor":33,"turns":12},{"damage":7,"enemies":"Orb Walker","floor":35,"turns":5},{"damage":9,"enemies":"3 Shapes","floor":38,"turns":5},{"damage":2,"enemies":"Maw","floor":41,"turns":8},{"damage":23,"enemies":"Sphere and 2 Shapes","floor":42,"turns":10},{"damage":0,"enemies":"4 Shapes","floor":47,"turns":8},{"damage":0,"enemies":"Maw","floor":48,"turns":10},{"damage":49,"enemies":"Awakened One","floor":50,"turns":31}],"event_choices":[{"event_name":"The Cleric","player_choice":"Card Removal","floor":3,"damage_taken":0},{"event_name":"Purifier","player_choice":"One Purge","floor":4,"damage_taken":0},{"event_name":"The Lab","player_choice":"Got Potions","floor":8,"damage_taken":0},{"event_name":"Beggar","player_choice":"Gave Gold","floor":20,"damage_taken":0},{"event_name":"Wheel of Change","player_choice":"Gold","floor":27,"damage_taken":0},{"event_name":"Back to Basics","player_choice":"Simplicity","floor":29,"damage_taken":0},{"event_name":"Mysterious Sphere","player_choice":"Ignore","floor":37,"damage_taken":0},{"event_name":"Tomb of Lord Red Mask","player_choice":"Ignored","floor":44,"damage_taken":0}],"boss_relics":[{"not_picked":["Lizard Tail","Philosopher\u0027s Stone"],"picked":"Velvet Choker"},{"not_picked":["Pandora\u0027s Box","Runic Dome"],"picked":"White Beast Statue"}],"potions_floor_spawned":[2,5,10,13,16,19,25,30,31,35,38,41,42,47,48],"seed_played":"-3787999746919387150","ascension_level":0,"is_trial":false}