{"path_per_floor":["M","?","M","?","$","R","E","R","T","M","M","M","R","M","R","B",null,"M","$","?","M","$","E","?","R","T","E","M","M","$","M","R","B",null,"M","$","?","M","M"],"character_chosen":"THE_SILENT","items_purchased":["Ornamental Fan","Oddly Smooth Stone","Regen Potion"],"gold_per_floor":[119,294,309,379,57,57,86,86,86,97,109,122,122,135,135,237,267,255,3,3,16,16,41,41,41,66,96,110,129,4,18,18,123,123,140,91,91,103,114],"floor_reached":40,"campfire_rested":4,"playtime":4821,"current_hp_per_floor":[58,58,57,57,57,57,23,44,44,43,46,46,67,67,67,62,73,69,69,69,69,69,48,48,70,70,71,64,48,48,46,68,35,65,38,38,38,50,49],"items_purged":["Doubt","Defend_G","Strike_G"],"gold":114,"score":510,"play_id":"d3fa1d0a-8237-4fc1-8142-bcd87231c1fa","is_prod":false,"is_daily":false,"is_ascension_mode":true,"campfire_upgraded":2,"path_taken":["M","?","M","?","$","R","E","R","T","M","M","M","R","?","R","BOSS","M","?","?","M","$","E","?","R","T","E","M","M","?","?","R","BOSS","M","$","?","M","?","E"],"build_version":"2018-02-15-PROD1","purchased_purges":3,"victory":false,"master_deck":["Defend_G","Defend_G","Defend_G+1","Strike_G","Strike_G+1","Strike_G","Survivor","Neutralize+1","Grand Finale","Backflip","Terror+1","Venomology","Backstab","PiercingWail","Dagger Spray+1","Well Laid Plans","Adrenaline","Calculated Gamble","Flying Knee","Skewer","Cloak And Dagger","Distraction","PiercingWail","Cloak And Dagger+1","Quick Slash+1","After Image","Quick Slash+1"],"max_hp_per_floor":[70,70,70,70,70,70,70,70,70,70,70,70,70,70,70,70,75,75,75,75,75,75,75,75,75,75,75,75,75,75,75,75,75,75,75,75,75,75,75],"relics":["Ring of the Snake","Ornamental Fan","Orichalcum","Meat on the Bone","Tiny House","Oddly Smooth Stone","Du-Vu Doll","Whetstone","Vajra","Black Star"],"card_choices":[{"not_picked":["Deflect","Reflex"],"picked":"Backflip"},{"not_picked":["Backstab","Outmaneuver"],"picked":"Terror"},{"not_picked":["All Out Attack","Slice"],"picked":"Venomology"},{"not_picked":["Noxious Fumes","Finisher"],"picked":"Backstab"},{"not_picked":["Dodge and Roll","Blur"],"picked":"PiercingWail"},{"not_picked":["Deadly Poison","Dodge and Roll"],"picked":"Dagger Spray"},{"not_picked":["Phantasmal Killer","Leg Sweep"],"picked":"Well Laid Plans"},{"not_picked":["Night Terror","Burst"],"picked":"Adrenaline"},{"not_picked":["Flechettes","Dodge and Roll"],"picked":"Calculated Gamble"},{"not_picked":["Dagger Throw","Slice"],"picked":"Flying Knee"},{"not_picked":["Blur","Underhanded Strike"],"picked":"Skewer"},{"not_picked":["Bane","Catalyst"],"picked":"Cloak And Dagger"},{"not_picked":["Deflect","Skewer"],"picked":"Distraction"},{"not_picked":["Backflip","Deflect"],"picked":"PiercingWail"},{"not_picked":["Acrobatics","Wraith Form"],"picked":"Cloak And Dagger"},{"not_picked":["Deadly Poison","Accuracy"],"picked":"Quick Slash"},{"not_picked":["Night Terror","Die Die Die"],"picked":"After Image"},{"not_picked":["Dagger Spray","Bane"],"picked":"Quick Slash"}],"player_experience":188552,"potions_floor_usage":[11,12,12,14,16,16,16,16,18,23,23,27,27,29,29,29,31,33,33,33,35,38,38,38,39,40,40,40,40],"damage_taken":[{"damage":5,"enemies":"Jaw Worm","floor":1,"turns":5},{"damage":1,"enemies":"2 Louse","floor":3,"turns":4},{"damage":34,"enemies":"3 Sentries","floor":7,"turns":14},{"damage":1,"enemies":"Cultist","floor":10,"turns":4},{"damage":9,"enemies":"Large Slime","floor":11,"turns":6},{"damage":0,"enemies":"Looter","floor":12,"turns":3},{"damage":0,"enemies":"Red Slaver","floor":14,"turns":4},{"damage":14,"enemies":"Slime Boss","floor":16,"turns":6},{"damage":4,"enemies":"2 Thieves","floor":18,"turns":4},{"damage":0,"enemies":"Shell Parasite","floor":21,"turns":3},{"damage":21,"enemies":"Book of Stabbing","floor":23,"turns":6},{"damage":14,"enemies":"Slavers","floor":27,"turns":7},{"damage":7,"enemies":"Centurion and Healer","floor":28,"turns":6},{"damage":16,"enemies":"Cultist and Chosen","floor":29,"turns":5},{"damage":2,"enemies":"Snake Plant","floor":31,"turns":4},{"damage":60,"enemies":"Collector","floor":33,"turns":11},{"damage":39,"enemies":"3 Darklings","floor":35,"turns":4},{"damage":3,"enemies":"3 Shapes","floor":38,"turns":9},{"damage":1,"enemies":"Maw","floor":39,"turns":7},{"damage":74,"enemies":"Giant Head","floor":40,"turns":7}],"event_choices":[{"event_name":"Liars Game","player_choice":"agreed","floor":2,"damage_taken":0},{"event_name":"Golden Wing","player_choice":"Gained Gold","floor":4,"damage_taken":0},{"event_name":"Beggar","player_choice":"Ignored","floor":20,"damage_taken":0},{"event_name":"Addict","player_choice":"Ignored","floor":24,"damage_taken":0}],"boss_relics":[{"not_picked":["Pandora\u0027s Box","Philosopher\u0027s Stone"],"picked":"Tiny House"},{"not_picked":["Runic Dome","Snecko Eye"],"picked":"Black Star"}],"potions_floor_spawned":[7,10,11,12,14,18,29,31,33,35,39],"seed_played":"-8634276362407589585","killed_by":"Giant Head","ascension_level":7,"is_trial":false}