{"path_per_floor":["M","?","M","M","?","E","R","$","T","R","T","M","R","E","R","B",null,"M","?","?","M","M","R","$","E","T","R","E","T","R","M","R","B",null,"M","?","?","$","M","R","$","M","T","M","M","E","R","M","R"],"character_chosen":"THE_SILENT","items_purchased":["Quick Slash","Dash","Pen Nib"],"gold_per_floor":[110,110,128,147,147,182,182,61,61,61,86,100,100,128,128,230,230,241,241,166,186,200,200,31,58,81,81,116,195,195,214,214,317,317,330,330,330,62,80,80,80,91,117,137,149,181,181,192,192],"floor_reached":50,"campfire_rested":3,"playtime":3774,"current_hp_per_floor":[69,69,69,69,62,46,67,67,67,67,67,67,67,67,67,59,67,40,40,40,40,40,70,70,62,62,62,55,55,55,54,54,23,58,58,58,58,58,56,56,56,41,41,31,33,33,69,70,70],"items_purged":["Strike_G","Defend_G","Strike_G"],"gold":192,"score":616,"play_id":"2febdcfb-c1c7-407c-81c7-218b0c7dd22d","is_prod":false,"is_daily":false,"is_ascension_mode":true,"campfire_upgraded":5,"path_taken":["M","?","M","M","?","E","R","$","T","R","?","M","R","E","R","BOSS","M","?","?","M","M","R","$","E","T","R","E","?","R","M","R","BOSS","M","?","?","$","?","R","?","?","T","M","M","E","R","M","R","BOSS"],"build_version":"2018-02-15-PROD1","purchased_purges":3,"victory":false,"master_deck":["Defend_G+1","Defend_G+1","Strike_G","Survivor","Neutralize+1","Backflip+1","Dash+1","Infinite Blades","Quick Slash","Skewer","Venomology+1","Phantasmal Killer+1","Dagger Spray","Dash","PiercingWail","Malaise","Noxious Fumes+1","Dagger Spray+1","Cloak And Dagger+1","Deadly Poison+1","Bullet Time+1","Flechettes+1","Deflect+1","Prepared+1","After Image"],"max_hp_per_floor":[70,70,70,70,70,70,70,70,70,70,70,70,70,70,70,70,70,70,70,70,70,70,70,70,70,70,70,70,70,70,70,70,70,70,70,70,70,70,70,70,70,70,70,70,70,70,70,70,70],"relics":["Ring of the Snake","War Paint","Ancient Tea Set","Du-Vu Doll","Girya","Regal Pillow","Lantern","Question Card","Bronze Scales","Omamori","Bag of Preparation","Prayer Wheel","Tough Bandages","Astrolabe","Pen Nib","Blood Vial","Vajra"],"card_choices":[{"not_picked":["PiercingWail","Concentrate"],"picked":"Backflip"},{"not_picked":["Grand Finale","Leg Sweep"],"picked":"Dash"},{"not_picked":["Footwork","Slice"],"picked":"Infinite Blades"},{"not_picked":["PiercingWail","Dodge and Roll"],"picked":"Skewer"},{"not_picked":["Poisoned Stab","Deadly Poison"],"picked":"Venomology"},{"not_picked":["Envenom","Wraith Form"],"picked":"Phantasmal Killer"},{"not_picked":["Prepared","Eviscerate","Backflip"],"picked":"Dagger Throw"},{"not_picked":["Slice","Dagger Throw","Crippling Poison"],"picked":"Dagger Spray"},{"not_picked":["Sucker Punch","Choke","Unload"],"picked":"PiercingWail"},{"not_picked":["Underhanded Strike","Caltrops","Crippling Poison"],"picked":"Malaise"},{"not_picked":["Slice","Backflip","Quick Slash"],"picked":"Noxious Fumes"},{"not_picked":["PiercingWail","Endless Agony","Deflect"],"picked":"Dagger Spray"},{"not_picked":["Venomology","Burst","Grand Finale"],"picked":"Bullet Time"},{"not_picked":["Deflect","Skewer","Quick Slash"],"picked":"Flechettes"},{"not_picked":["Deadly Poison","Dagger Throw","Riddle With Holes"],"picked":"Deflect"},{"not_picked":["Acrobatics","Concentrate","Quick Slash"],"picked":"Prepared"},{"not_picked":["Quick Slash","Outmaneuver","Noxious Fumes"],"picked":"After Image"}],"player_experience":131989,"potions_floor_usage":[14,16,16,18,22,22,22,25,28,28,28,33,33,33,33,39,44,44,45,45,46,46,46,50,50,50],"damage_taken":[{"damage":1,"enemies":"Small Slimes","floor":1,"turns":4},{"damage":0,"enemies":"Cultist","floor":3,"turns":4},{"damage":0,"enemies":"Jaw Worm","floor":4,"turns":3},{"damage":16,"enemies":"Gremlin Nob","floor":6,"turns":6},{"damage":0,"enemies":"Blue Slaver","floor":12,"turns":3},{"damage":0,"enemies":"3 Sentries","floor":14,"turns":3},{"damage":8,"enemies":"Slime Boss","floor":16,"turns":8},{"damage":27,"enemies":"Chosen","floor":18,"turns":5},{"damage":0,"enemies":"3 Byrds","floor":21,"turns":4},{"damage":0,"enemies":"Snake Plant","floor":22,"turns":5},{"damage":8,"enemies":"Gremlin Leader","floor":25,"turns":5},{"damage":7,"enemies":"Book of Stabbing","floor":28,"turns":4},{"damage":1,"enemies":"3 Cultists","floor":31,"turns":4},{"damage":31,"enemies":"Automaton","floor":33,"turns":7},{"damage":0,"enemies":"3 Shapes","floor":35,"turns":2},{"damage":2,"enemies":"Orb Walker","floor":39,"turns":2},{"damage":15,"enemies":"Sphere and 2 Shapes","floor":42,"turns":4},{"damage":12,"enemies":"4 Shapes","floor":44,"turns":6},{"damage":0,"enemies":"Maw","floor":45,"turns":8},{"damage":14,"enemies":"Nemesis","floor":46,"turns":7},{"damage":0,"enemies":"3 Darklings","floor":48,"turns":2},{"damage":84,"enemies":"Time Eater","floor":50,"turns":10}],"event_choices":[{"event_name":"Purifier","player_choice":"One Purge","floor":2,"damage_taken":0},{"event_name":"Scrap Ooze","player_choice":"success","floor":5,"damage_taken":7},{"event_name":"The Mausoleum","player_choice":"Yes","floor":19,"damage_taken":0},{"event_name":"Beggar","player_choice":"Gave Gold","floor":20,"damage_taken":0},{"event_name":"Purifier","player_choice":"One Purge","floor":37,"damage_taken":0}],"boss_relics":[{"not_picked":["White Beast Statue","Orrery"],"picked":"Question Card"},{"not_picked":["Runic Dome","Philosopher\u0027s Stone"],"picked":"Astrolabe"}],"potions_floor_spawned":[4,6,12,16,21,22,25,31,33,42,45,48],"seed_played":"-2378730989966868","killed_by":"Time Eater","ascension_level":5,"is_trial":false}