{"path_per_floor":["M","M","?","M","?","E","M","?","T","E","R","M","R","M","R","B",null,"M","?","M","$","M","R","M","R","T","E","R","E","M","M","R","B",null,"M","$","M","?","M","R","E","R","T","R","$","E","M","?","R","B"],"character_chosen":"THE_SILENT","items_purchased":["Trip","Prepared","Ancient Potion","Tough Bandages","Mind Blast"],"gold_per_floor":[112,130,130,144,144,176,196,196,196,231,231,244,244,255,255,360,360,372,372,385,107,118,118,128,128,128,154,154,185,196,206,206,311,311,323,66,86,86,101,101,126,126,126,126,20,53,67,27,27,27],"floor_reached":51,"campfire_rested":3,"playtime":3756,"current_hp_per_floor":[70,70,75,74,74,46,46,39,39,39,39,38,60,60,60,47,75,71,71,71,71,71,71,71,71,71,66,66,56,56,56,75,75,75,75,75,75,75,75,75,75,75,75,75,75,75,75,75,75,75],"items_purged":["Strike_G"],"gold":27,"score":1014,"play_id":"1f52e49a-44e8-4b17-851b-17e580a99091","local_time":"20180303005721","is_prod":false,"is_daily":false,"is_ascension_mode":true,"campfire_upgraded":8,"timestamp":1520067441,"path_taken":["M","M","?","M","?","E","M","?","T","E","R","M","R","M","R","BOSS","M","?","M","$","M","R","M","R","T","E","R","E","M","?","R","BOSS","M","?","M","?","M","R","E","R","T","R","$","E","M","?","R","BOSS"],"build_version":"2018-03-02-BETA2","purchased_purges":1,"victory":true,"master_deck":["Defend_G+1","Defend_G+1","Defend_G+1","Defend_G+1","Strike_G+1","Strike_G+1","Strike_G+1","Strike_G+1","Survivor+1","Neutralize+1","Dagger Throw+1","Backflip+1","Well Laid Plans+1","Adrenaline+1","Quick Slash+1","Tactician+1","Dagger Throw+1","Trip+1","Prepared+1","Backflip+1","Backflip+1","PiercingWail+1","Adrenaline+1","Blur+1","Reflex+1","Adrenaline+1","Mind Blast","After Image+1","Calculated Gamble+1"],"max_hp_per_floor":[70,70,75,75,75,75,75,75,75,75,75,75,75,75,75,75,75,75,75,75,75,75,75,75,75,75,75,75,75,75,75,75,75,75,75,75,75,75,75,75,75,75,75,75,75,75,75,75,75,75],"relics":["Philosopher\u0027s Stone","Thread and Needle","Anchor","Toxic Egg 2","Runic Dome","Mercury Hourglass","Gambling Chip","Ornamental Fan","Runic Pyramid","Tough Bandages","Calipers","Torii","Dodecahedron"],"card_choices":[{"not_picked":["Sucker Punch","Caltrops"],"picked":"Dagger Throw"},{"not_picked":["A Thousand Cuts","Bouncing Flask"],"picked":"Backflip"},{"not_picked":["Poisoned Stab","Dagger Spray"],"picked":"Well Laid Plans"},{"not_picked":["Underhanded Strike","Expertise"],"picked":"Adrenaline"},{"not_picked":["Bane","Accuracy"],"picked":"Quick Slash"},{"not_picked":["Doppelganger","Unload"],"picked":"Tactician"},{"not_picked":["Deflect","Prepared"],"picked":"Dagger Throw"},{"not_picked":["Poisoned Stab","Sucker Punch"],"picked":"Backflip"},{"not_picked":["Flying Knee","Slice"],"picked":"Backflip"},{"not_picked":["Quick Slash","Dodge and Roll"],"picked":"PiercingWail"},{"not_picked":["Leg Sweep","Sucker Punch"],"picked":"Adrenaline"},{"not_picked":["Outmaneuver","Dagger Spray"],"picked":"Blur"},{"not_picked":["Deadly Poison","Dagger Throw"],"picked":"Reflex"},{"not_picked":["A Thousand Cuts","Corpse Explosion"],"picked":"Adrenaline"},{"not_picked":["Flechettes","Blade Dance"],"picked":"After Image"},{"not_picked":["Flying Knee","Blur"],"picked":"Calculated Gamble"}],"player_experience":60792,"potions_floor_usage":[10,10,16,20,24,33,33,50,50,50],"damage_taken":[{"damage":0,"enemies":"Cultist","floor":1,"turns":4},{"damage":0,"enemies":"Small Slimes","floor":2,"turns":3},{"damage":1,"enemies":"Jaw Worm","floor":4,"turns":3},{"damage":28,"enemies":"Lagavulin","floor":6,"turns":8},{"damage":0,"enemies":"Blue Slaver","floor":7,"turns":4},{"damage":0,"enemies":"3 Sentries","floor":10,"turns":4},{"damage":1,"enemies":"3 Louse","floor":12,"turns":3},{"damage":0,"enemies":"Exordium Wildlife","floor":14,"turns":3},{"damage":13,"enemies":"Slime Boss","floor":16,"turns":13},{"damage":4,"enemies":"2 Thieves","floor":18,"turns":4},{"damage":0,"enemies":"3 Byrds","floor":20,"turns":3},{"damage":0,"enemies":"3 Cultists","floor":22,"turns":5},{"damage":0,"enemies":"Snecko","floor":24,"turns":3},{"damage":5,"enemies":"Book of Stabbing","floor":27,"turns":5},{"damage":10,"enemies":"Slavers","floor":29,"turns":4},{"damage":0,"enemies":"Snake Plant","floor":30,"turns":2},{"damage":0,"enemies":"Chosen and Byrds","floor":31,"turns":3},{"damage":0,"enemies":"Champ","floor":33,"turns":8},{"damage":0,"enemies":"Flame Bruiser 1 Orb","floor":35,"turns":2},{"damage":0,"enemies":"3 Darklings","floor":37,"turns":3},{"damage":0,"enemies":"Sphere and 2 Shapes","floor":39,"turns":4},{"damage":0,"enemies":"Nemesis","floor":41,"turns":5},{"damage":0,"enemies":"Giant Head","floor":46,"turns":7},{"damage":0,"enemies":"Maw","floor":47,"turns":6},{"damage":0,"enemies":"Donu and Deca","floor":50,"turns":10}],"event_choices":[{"event_name":"Big Fish","player_choice":"Donut","floor":3,"damage_taken":0},{"event_name":"Golden Idol","player_choice":"Ignored","floor":5,"damage_taken":0},{"event_name":"Golden Wing","player_choice":"Card Removal","floor":8,"damage_taken":0},{"event_name":"Back to Basics","player_choice":"Simplicity","floor":19,"damage_taken":0},{"event_name":"Match and Keep!","player_choice":"0 cards matched","floor":38,"damage_taken":0},{"event_name":"The Woman in Blue","player_choice":"Bought 3 Potions","floor":48,"damage_taken":0}],"boss_relics":[{"not_picked":["The Specimen","Calling Bell"],"picked":"Runic Dome"},{"not_picked":["Orrery","Pandora\u0027s Box"],"picked":"Runic Pyramid"}],"potions_floor_spawned":[4,6,12,16,18,24,29,31,33,39,47],"seed_played":"-7024376931951433654","ascension_level":3,"is_trial":false}