{"path_per_floor":["M","$","?","?","?","R","M","R","T","M","E","M","R","M","R","B",null,"M","$","M","?","?","R","E","$","T","$","M","$","M","?","R"],"character_chosen":"THE_SILENT","items_purchased":["Footwork","Bottled Tornado"],"gold_per_floor":[112,37,37,37,37,37,55,55,78,92,121,136,136,153,153,253,253,272,100,113,113,113,113,140,15,315,71,86,86,103,18,18],"floor_reached":33,"campfire_rested":1,"playtime":1595,"current_hp_per_floor":[70,70,70,70,75,75,75,75,75,75,75,75,75,72,72,17,82,79,79,78,78,78,82,59,59,59,59,49,49,48,48,78],"items_purged":["Strike_G","Strike_G","Defend_G"],"gold":18,"score":316,"play_id":"a5a0d379-af78-4103-8a61-09975e535cdf","local_time":"20180303093128","is_prod":false,"is_daily":false,"is_ascension_mode":true,"campfire_upgraded":5,"timestamp":1520098288,"path_taken":["M","$","?","?","?","R","M","R","T","M","E","M","R","M","R","BOSS","M","$","M","?","?","R","E","$","T","$","M","?","?","?","R","BOSS"],"build_version":"2018-03-02-BETA2","purchased_purges":3,"victory":false,"master_deck":["Defend_G+1","Defend_G+1","Defend_G","Strike_G","Strike_G","Strike_G","Survivor","Neutralize","Sucker Punch+1","Quick Slash+1","Finisher+1","Backflip+1","Dagger Throw","After Image+1","Footwork","Adrenaline"],"max_hp_per_floor":[70,70,70,70,75,75,75,75,75,75,82,82,82,82,82,82,82,82,82,82,82,82,82,82,82,82,82,82,82,82,82,82],"relics":["Philosopher\u0027s Stone","Bag of Marbles","Strawberry","Eternal Feather","War Paint","Old Coin","Bottled Tornado","Darkstone Periapt"],"card_choices":[{"not_picked":["Catalyst","PiercingWail"],"picked":"Sucker Punch"},{"not_picked":["Prepared","Deadly Poison"],"picked":"Quick Slash"},{"not_picked":["Flying Knee","A Thousand Cuts"],"picked":"Finisher"},{"not_picked":["Deadly Poison","Noxious Fumes"],"picked":"Backflip"},{"not_picked":["Bane","Outmaneuver"],"picked":"Dagger Throw"},{"not_picked":["Die Die Die","Night Terror"],"picked":"After Image"}],"player_experience":68663,"potions_floor_usage":[11,11,16,20,20,30],"damage_taken":[{"damage":0,"enemies":"Jaw Worm","floor":1,"turns":4},{"damage":0,"enemies":"Cultist","floor":7,"turns":4},{"damage":0,"enemies":"Small Slimes","floor":10,"turns":2},{"damage":7,"enemies":"3 Sentries","floor":11,"turns":4},{"damage":0,"enemies":"Gremlin Gang","floor":12,"turns":3},{"damage":3,"enemies":"3 Louse","floor":14,"turns":2},{"damage":55,"enemies":"Slime Boss","floor":16,"turns":8},{"damage":3,"enemies":"Shell Parasite","floor":18,"turns":5},{"damage":1,"enemies":"Chosen","floor":20,"turns":5},{"damage":23,"enemies":"Book of Stabbing","floor":24,"turns":7},{"damage":10,"enemies":"Centurion and Healer","floor":28,"turns":9},{"damage":1,"enemies":"Cultist and Chosen","floor":30,"turns":4},{"damage":90,"enemies":"Automaton","floor":33,"turns":12}],"event_choices":[{"event_name":"Bonfire Elementals","player_choice":"BASIC","floor":3,"damage_taken":0},{"event_name":"The Lab","player_choice":"Got Potions","floor":4,"damage_taken":0},{"event_name":"Big Fish","player_choice":"Donut","floor":5,"damage_taken":0},{"event_name":"Vampires","player_choice":"Ignored","floor":21,"damage_taken":0},{"event_name":"Match and Keep!","player_choice":"1 cards matched","floor":22,"damage_taken":0},{"event_name":"Addict","player_choice":"Obtained Relic","floor":31,"damage_taken":0}],"boss_relics":[{"not_picked":["The Specimen","Cursed Key"],"picked":"Eternal Feather"}],"potions_floor_spawned":[1,10,11,18,24],"seed_played":"4894996720880826490","killed_by":"Automaton","ascension_level":4,"is_trial":false}