{"path_per_floor":["M","M","$","?","M","E","$","E","T","R","$","R","E","M","R","B",null,"M","M","$","?","M","R","E","?","T","?","R","$","R","M","R","B",null,"M","?","?","M","$","R","E","R","T","$","E","$","?","M","R","B"],"character_chosen":"THE_SILENT","items_purchased":["Footwork","Fire Potion"],"gold_per_floor":[113,123,14,14,26,55,3,34,34,34,34,34,67,81,81,185,185,200,216,116,0,12,12,41,41,41,41,41,41,41,58,58,154,154,174,174,174,184,59,59,84,84,161,161,187,37,37,56,56,56],"floor_reached":51,"campfire_rested":3,"playtime":5765,"current_hp_per_floor":[63,60,60,60,53,33,33,43,43,43,43,43,43,43,43,35,61,61,42,42,42,42,42,18,18,32,32,57,57,57,56,81,78,83,78,67,67,56,56,64,53,61,61,61,36,36,36,36,71,30],"items_purged":["Strike_G","Defend_G","Defend_G","Strike_G"],"gold":56,"score":951,"play_id":"746ee1ed-599d-499b-ba54-d991df6b8849","local_time":"20180310234429","is_prod":false,"is_daily":false,"is_ascension_mode":true,"campfire_upgraded":7,"timestamp":1520754269,"path_taken":["M","M","$","?","?","E","?","E","T","R","$","R","E","M","R","BOSS","M","M","$","?","?","R","E","?","T","?","R","$","R","M","R","BOSS","M","?","?","M","$","R","E","R","T","?","E","$","?","M","R","BOSS"],"build_version":"2018-03-08-BETA","purchased_purges":4,"victory":true,"master_deck":["Defend_G","Defend_G+1","Defend_G+1","Strike_G","Survivor","Neutralize+1","Quick Slash","Dagger Spray","Footwork+1","Caltrops+1","Venomology","Endless Agony","Cloak And Dagger+1","Cloak And Dagger+1","Quick Slash","Terror+1","Escape Plan+1","Blur","Backflip+1","Madness+1","Madness","Backflip+1","Backstab+1","Acrobatics+1"],"max_hp_per_floor":[70,70,70,70,70,70,70,70,70,70,70,70,70,70,70,70,70,70,70,70,70,70,70,70,70,84,84,84,84,84,84,84,84,84,84,84,84,84,84,84,91,91,91,91,91,91,91,91,91,91],"relics":["Black Star","Vajra","War Paint","Gremlin Horn","Kunai","Darkstone Periapt","Ice Cream","Calipers","White Beast Statue","Juzu Bracelet","Ancient Tea Set","Mango","Eternal Feather","Bag of Preparation","Strawberry","Tough Bandages","Girya","Frozen Eye"],"card_choices":[{"not_picked":["Flying Knee","Cloak And Dagger"],"picked":"Quick Slash"},{"not_picked":["Underhanded Strike","Accuracy"],"picked":"Dagger Spray"},{"not_picked":["Dodge and Roll","Dagger Spray"],"picked":"Caltrops"},{"not_picked":["Reflex","Underhanded Strike"],"picked":"Venomology"},{"not_picked":["Cloak And Dagger","Leg Sweep"],"picked":"Endless Agony"},{"not_picked":["Underhanded Strike","Dagger Spray"],"picked":"Cloak And Dagger"},{"not_picked":["Endless Agony","Infinite Blades"],"picked":"Cloak And Dagger"},{"not_picked":["Slice","Footwork"],"picked":"Quick Slash"},{"not_picked":["Accuracy","Quick Slash"],"picked":"Terror"},{"not_picked":["Terror","PiercingWail"],"picked":"Escape Plan"},{"not_picked":["Prepared","Sucker Punch"],"picked":"Blur"},{"not_picked":["Dodge and Roll","Acrobatics"],"picked":"Backflip"},{"not_picked":["Poisoned Stab","Catalyst"],"picked":"Backflip"},{"not_picked":["Riddle With Holes","Backflip"],"picked":"Backstab"},{"not_picked":["Underhanded Strike","Flying Knee"],"picked":"Acrobatics"}],"player_experience":100373,"potions_floor_usage":[6,8,8,13,16,18,18,18,19,22,22,24,24,24,24,33,33,35,38,38,41,41,41,45,45,50,50,50,50],"damage_taken":[{"damage":0,"enemies":"Small Slimes","floor":1,"turns":3},{"damage":3,"enemies":"Cultist","floor":2,"turns":4},{"damage":7,"enemies":"Jaw Worm","floor":5,"turns":6},{"damage":20,"enemies":"Gremlin Nob","floor":6,"turns":5},{"damage":5,"enemies":"Lagavulin","floor":8,"turns":10},{"damage":0,"enemies":"3 Sentries","floor":13,"turns":6},{"damage":0,"enemies":"Gremlin Gang","floor":14,"turns":4},{"damage":8,"enemies":"The Guardian","floor":16,"turns":10},{"damage":0,"enemies":"2 Thieves","floor":18,"turns":4},{"damage":19,"enemies":"Spheric Guardian","floor":19,"turns":4},{"damage":0,"enemies":"3 Cultists","floor":22,"turns":4},{"damage":24,"enemies":"Slavers","floor":24,"turns":6},{"damage":1,"enemies":"Centurion and Healer","floor":31,"turns":4},{"damage":3,"enemies":"Champ","floor":33,"turns":22},{"damage":5,"enemies":"Orb Walker","floor":35,"turns":4},{"damage":11,"enemies":"3 Shapes","floor":38,"turns":5},{"damage":18,"enemies":"Giant Head","floor":41,"turns":11},{"damage":25,"enemies":"2 Orb Walkers","floor":45,"turns":5},{"damage":0,"enemies":"Flame Bruiser 2 Orb","floor":48,"turns":6},{"damage":56,"enemies":"Donu and Deca","floor":50,"turns":13}],"event_choices":[{"event_name":"Purifier","player_choice":"One Purge","floor":4,"damage_taken":0},{"event_name":"Masked Bandits","player_choice":"Paid Bandits 116 gold","floor":21,"damage_taken":0},{"event_name":"Back to Basics","player_choice":"Elegance","floor":25,"damage_taken":0},{"event_name":"Drug Dealer","player_choice":"Ignored","floor":27,"damage_taken":0},{"event_name":"Winding Halls","player_choice":"Embrace Madness","floor":36,"damage_taken":0},{"event_name":"Tomb of Lord Red Mask","player_choice":"Ignored","floor":37,"damage_taken":0},{"event_name":"Mysterious Sphere","player_choice":"Ignore","floor":47,"damage_taken":0}],"boss_relics":[{"not_picked":["The Specimen","Snecko Eye"],"picked":"White Beast Statue"},{"not_picked":["Velvet Choker","Lizard Tail"],"picked":"Eternal Feather"}],"potions_floor_spawned":[5,8,13,14,18,19,22,24,31,33,35,38,41,45,48],"seed_played":"-983533445903422535","ascension_level":6,"is_trial":false}