{"path_per_floor":["M","?","?","M","$","R","E","R","T","M","E","M","T","M","R","B",null,"M","?","?","M","$","E","?","R","T","E","M","?","R","M","R"],"character_chosen":"THE_SILENT","items_purchased":["Backflip","Vajra","Backflip"],"gold_per_floor":[117,117,117,130,7,7,38,38,38,58,93,112,157,175,175,276,276,288,288,338,356,54,83,83,83,135,166,176,176,176,195,195],"floor_reached":33,"campfire_rested":2,"playtime":1401,"current_hp_per_floor":[63,63,63,63,63,63,63,63,63,63,62,62,62,60,60,48,65,60,60,60,60,60,53,53,53,60,34,30,16,40,40,64],"items_purged":["Defend_G","Defend_G"],"gold":195,"score":413,"play_id":"6c796935-cfea-43ce-b313-dae3ebea90c1","local_time":"20180310153446","is_prod":false,"is_daily":false,"is_ascension_mode":true,"campfire_upgraded":3,"timestamp":1520724886,"path_taken":["M","?","?","?","$","R","E","R","T","M","E","M","?","M","R","BOSS","M","?","?","M","$","E","?","R","T","E","?","?","R","M","R","BOSS"],"build_version":"2018-03-08-BETA","purchased_purges":2,"victory":false,"master_deck":["Defend_G","Defend_G","Strike_G","Strike_G","Strike_G","Strike_G","Survivor","Neutralize+1","Backstab","Backflip+1","Quick Slash","Predator+1","Blur","Dagger Spray","Backflip","Skewer+1","Dagger Throw+1","Quick Slash+1"],"max_hp_per_floor":[70,70,70,70,70,70,70,70,70,70,70,70,70,70,70,70,70,70,70,70,70,70,70,70,70,77,77,77,82,82,82,82],"relics":["Velvet Choker","Pen Nib","Frozen Eye","Peace Pipe","Prayer Wheel","Runic Dome","Vajra","Molten Egg 2","Strawberry","Bag of Marbles"],"card_choices":[{"not_picked":["Poisoned Stab","Acrobatics"],"picked":"Backstab"},{"not_picked":["Eviscerate","Bane"],"picked":"Quick Slash"},{"not_picked":["Doppelganger","Outmaneuver"],"picked":"Predator"},{"not_picked":["Choke","Catalyst"],"picked":"Blur"},{"not_picked":["Acrobatics","Deflect"],"picked":"Dagger Spray"},{"not_picked":["Accuracy","Bane"],"picked":"Skewer"},{"not_picked":["Flying Knee","Masterful Stab"],"picked":"Dagger Throw"},{"not_picked":["PiercingWail","Expertise"],"picked":"Quick Slash"}],"player_experience":96219,"potions_floor_usage":[7,16,21,27],"damage_taken":[{"damage":0,"enemies":"Jaw Worm","floor":1,"turns":5},{"damage":0,"enemies":"Small Slimes","floor":4,"turns":3},{"damage":0,"enemies":"Lagavulin","floor":7,"turns":6},{"damage":0,"enemies":"2 Louse","floor":10,"turns":2},{"damage":1,"enemies":"3 Sentries","floor":11,"turns":6},{"damage":0,"enemies":"Red Slaver","floor":12,"turns":2},{"damage":2,"enemies":"Exordium Wildlife","floor":14,"turns":4},{"damage":12,"enemies":"Slime Boss","floor":16,"turns":10},{"damage":5,"enemies":"Chosen","floor":18,"turns":5},{"damage":0,"enemies":"Spheric Guardian","floor":21,"turns":3},{"damage":7,"enemies":"Gremlin Leader","floor":23,"turns":8},{"damage":26,"enemies":"Slavers","floor":27,"turns":3},{"damage":4,"enemies":"Slaver and Parasite","floor":28,"turns":4},{"damage":0,"enemies":"Snake Plant","floor":31,"turns":1},{"damage":73,"enemies":"Champ","floor":33,"turns":9}],"event_choices":[{"event_name":"Living Wall","player_choice":"Forget","floor":2,"damage_taken":0},{"event_name":"Golden Idol","player_choice":"Ignored","floor":3,"damage_taken":0},{"event_name":"Drug Dealer","player_choice":"Ignored","floor":19,"damage_taken":0},{"event_name":"The Joust","player_choice":"Bet on Murderer","floor":20,"damage_taken":0},{"event_name":"Vampires","player_choice":"Ignored","floor":24,"damage_taken":0},{"event_name":"Forgotten Altar","player_choice":"Shed Blood","floor":29,"damage_taken":0}],"boss_relics":[{"not_picked":["Cursed Key","The Specimen"],"picked":"Runic Dome"}],"potions_floor_spawned":[1,11,16,21,28],"seed_played":"-3239855487564044851","killed_by":"Champ","ascension_level":6,"is_trial":false}