{"path_per_floor":["M","?","$","M","?","E","R","?","T","M","M","R","M","M","R","B",null,"M","?","$","M","M","R","M","?","T","R","$","E","?","?","R","B",null,"M","$","M","?","?","R","M","R","T","M","?","E","M","$","R"],"character_chosen":"THE_SILENT","items_purchased":["Juzu Bracelet","Strength Potion","Dexterity Potion"],"gold_per_floor":[116,116,41,60,60,86,86,86,86,96,114,114,128,138,138,237,237,254,254,11,25,42,42,54,54,54,54,54,79,79,79,79,179,179,195,70,89,89,89,89,107,107,133,147,247,274,287,37,37],"floor_reached":50,"campfire_rested":3,"playtime":2836,"current_hp_per_floor":[63,63,63,63,63,63,63,49,49,45,45,45,43,43,64,35,61,61,61,61,55,55,55,49,49,49,49,49,32,32,32,53,9,55,51,51,20,20,61,61,57,57,57,44,44,30,22,22,40],"items_purged":["Strike_G","Defend_G","Defend_G","Strike_G"],"gold":37,"score":695,"play_id":"fdec6047-d6f7-4788-a5d8-aaa8dfb64eca","local_time":"20180312070235","is_prod":false,"is_daily":false,"is_ascension_mode":true,"campfire_upgraded":6,"timestamp":1520863355,"path_taken":["M","?","$","M","?","E","R","?","T","M","M","R","?","M","R","BOSS","M","?","$","M","M","R","M","?","T","R","$","E","?","?","R","BOSS","M","$","M","?","?","R","M","R","T","M","?","E","M","$","R","BOSS"],"build_version":"2018-03-08-BETA","purchased_purges":4,"victory":false,"master_deck":["Defend_G","Defend_G+1","Defend_G+1","Strike_G","Strike_G","Survivor","Neutralize+1","Predator+1","Terror+1","Footwork","Blur","Burst+1","Caltrops+1","Backflip+1","Dagger Throw+1","After Image","Quick Slash+1"],"max_hp_per_floor":[70,70,70,70,70,70,70,70,70,70,70,70,70,70,70,70,70,70,70,70,70,70,70,70,70,70,70,70,70,70,70,70,70,70,70,70,70,70,61,61,61,61,61,61,61,61,61,61,61],"relics":["Ring of the Snake","NeowsBlessing","Bronze Scales","Omamori","Anchor","Cursed Key","Juzu Bracelet","Centennial Puzzle","Tingsha","Vajra","Lizard Tail","Orichalcum","Girya"],"card_choices":[{"not_picked":["Expertise","Finisher"],"picked":"Predator"},{"not_picked":["Envenom","Prepared"],"picked":"Terror"},{"not_picked":["Outmaneuver","Flying Knee"],"picked":"Footwork"},{"not_picked":["Dodge and Roll","Bane"],"picked":"Blur"},{"not_picked":["Wraith Form","Phantasmal Killer"],"picked":"Burst"},{"not_picked":["All Out Attack","Footwork"],"picked":"Caltrops"},{"not_picked":["Slice","Sucker Punch"],"picked":"Dagger Throw"},{"not_picked":["Die Die Die","A Thousand Cuts"],"picked":"After Image"},{"not_picked":["Prepared","PiercingWail"],"picked":"Quick Slash"}],"player_experience":106138,"potions_floor_usage":[46,46,50,50,50],"damage_taken":[{"damage":0.0,"enemies":"Jaw Worm","floor":1.0,"turns":1.0},{"damage":0.0,"enemies":"2 Louse","floor":4.0,"turns":1.0},{"damage":0.0,"enemies":"Gremlin Nob","floor":6.0,"turns":1.0},{"damage":4.0,"enemies":"Small Slimes","floor":10.0,"turns":3.0},{"damage":0.0,"enemies":"Red Slaver","floor":11.0,"turns":2.0},{"damage":2.0,"enemies":"Exordium Thugs","floor":13.0,"turns":4.0},{"damage":0.0,"enemies":"3 Louse","floor":14.0,"turns":3.0},{"damage":29.0,"enemies":"Slime Boss","floor":16.0,"turns":14.0},{"damage":0.0,"enemies":"Spheric Guardian","floor":18.0,"turns":3.0},{"damage":6.0,"enemies":"2 Thieves","floor":21.0,"turns":5.0},{"damage":0.0,"enemies":"Centurion and Healer","floor":22.0,"turns":5.0},{"damage":6.0,"enemies":"Snecko","floor":24.0,"turns":6.0},{"damage":17.0,"enemies":"Gremlin Leader","floor":29.0,"turns":7.0},{"damage":44.0,"enemies":"Collector","floor":33.0,"turns":14.0},{"damage":4,"enemies":"Orb Walker","floor":35,"turns":4},{"damage":31,"enemies":"Flame Bruiser 1 Orb","floor":37,"turns":5},{"damage":4,"enemies":"Spire Growth","floor":41,"turns":5},{"damage":13,"enemies":"4 Shapes","floor":44,"turns":7},{"damage":71,"enemies":"Giant Head","floor":46,"turns":11},{"damage":8,"enemies":"3 Darklings","floor":47,"turns":5},{"damage":40,"enemies":"Awakened One","floor":50,"turns":3}],"event_choices":[{"event_name":"Living Wall","player_choice":"Forget","floor":2.0,"damage_taken":0.0},{"event_name":"Wheel of Change","player_choice":"Relic","floor":5.0,"damage_taken":0.0},{"event_name":"Shining Light","player_choice":"Entered Light","floor":8.0,"damage_taken":0.0},{"event_name":"The Library","player_choice":"Read","floor":19.0,"damage_taken":0.0},{"event_name":"The Mausoleum","player_choice":"Yes","floor":25.0,"damage_taken":0.0},{"event_name":"Cursed Tome","player_choice":"Ignored","floor":30.0,"damage_taken":0.0},{"event_name":"N\u0027loth","player_choice":"Ignored","floor":31.0,"damage_taken":0.0},{"event_name":"Tomb of Lord Red Mask","player_choice":"Ignored","floor":38,"damage_taken":0},{"event_name":"The Moai Head","player_choice":"Heal","floor":39,"damage_taken":0},{"event_name":"Golden Shrine","player_choice":"Pray","floor":45,"damage_taken":0}],"boss_relics":[{"not_picked":["White Beast Statue","Orrery"],"picked":"Lizard Tail"}],"potions_floor_spawned":[1,4,10,16,21,41,44,47],"seed_played":"-889369105278097729","killed_by":"Awakened One","ascension_level":7,"is_trial":false}