{"path_per_floor":["M","?","M","?","M","R","M","T","T","$","M","M","M","M","R","B",null,"M","M","?","M","?","R","$","E","T","?","M","R","$","?","R","B",null,"M","M","?","M","M","R","M","R","T","M","M","E","?","?","R","B"],"character_chosen":"THE_SILENT","items_purchased":["Dexterity Potion","Flash of Steel","Escape Plan"],"gold_per_floor":[112,112,130,130,148,148,158,208,208,156,175,193,205,218,218,314,314,334,347,347,365,365,365,121,154,154,79,92,92,92,7,7,105,105,118,133,233,244,263,263,280,280,333,349,367,399,399,399,399,399],"floor_reached":51,"campfire_rested":2,"playtime":4803,"current_hp_per_floor":[65,65,63,49,49,49,49,49,49,49,35,35,35,35,35,27,70,61,61,61,57,44,66,66,61,61,61,61,61,61,61,61,61,75,75,75,75,75,64,64,64,64,64,62,62,34,53,53,75,54],"items_purged":["Slice"],"gold":399,"score":693,"play_id":"22622c27-6ea1-4561-9a9f-a969bdeb85b4","local_time":"20180315194523","is_prod":false,"is_daily":false,"is_ascension_mode":false,"campfire_upgraded":6,"timestamp":1521168323,"path_taken":["M","?","?","?","M","R","M","?","T","?","?","M","M","M","R","BOSS","M","M","?","M","?","R","$","E","T","?","M","R","?","?","R","BOSS","M","M","?","M","M","R","M","R","T","M","M","E","?","?","R","BOSS"],"build_version":"2018-03-15","purchased_purges":2,"victory":true,"master_deck":["Neutralize+1","Dagger Throw","Deflect+1","Accuracy+1","Outmaneuver","Deflect","Accuracy","Caltrops","Dodge and Roll+1","Predator","Cloak And Dagger+1","Prepared","Backflip","Cloak And Dagger+1","Finisher+1","Well Laid Plans","Burst+1","Cloak And Dagger+1","Terror","Flash of Steel","Escape Plan","Footwork+1","Escape Plan+1","Malaise","Writhe"],"max_hp_per_floor":[70,70,70,70,70,70,70,70,70,70,70,70,70,70,70,70,70,70,70,70,70,75,75,75,75,75,75,75,75,75,75,75,75,75,75,75,75,75,75,75,75,75,75,75,75,75,75,75,75,75],"relics":["Pandora\u0027s Box","Oddly Smooth Stone","Unceasing Top","Sozu","Ice Cream","Shovel","Paper Crane","Runic Pyramid","Bag of Marbles","Prayer Wheel"],"card_choices":[{"not_picked":["Poisoned Stab","Flechettes"],"picked":"Predator"},{"not_picked":["PiercingWail","Bouncing Flask"],"picked":"Cloak And Dagger"},{"not_picked":["Bane","Skewer"],"picked":"Prepared"},{"not_picked":["Deflect","Deadly Poison"],"picked":"Backflip"},{"not_picked":["Calculated Gamble","Acrobatics"],"picked":"Cloak And Dagger"},{"not_picked":["Prepared","Quick Slash"],"picked":"Finisher"},{"not_picked":["PiercingWail","Noxious Fumes"],"picked":"Well Laid Plans"},{"not_picked":["Tools of the Trade","After Image"],"picked":"Burst"},{"not_picked":["Bane","Slice"],"picked":"Cloak And Dagger"},{"not_picked":["Dash","PiercingWail"],"picked":"Footwork"},{"not_picked":["Eviscerate","Flying Knee"],"picked":"Escape Plan"},{"not_picked":["Flying Knee","Deadly Poison"],"picked":"Malaise"}],"player_experience":142558,"potions_floor_usage":[14,50,50],"damage_taken":[{"damage":5,"enemies":"2 Louse","floor":1,"turns":3},{"damage":2,"enemies":"Small Slimes","floor":3,"turns":4},{"damage":0,"enemies":"Cultist","floor":5,"turns":3},{"damage":0,"enemies":"Blue Slaver","floor":7,"turns":4},{"damage":14,"enemies":"Exordium Wildlife","floor":11,"turns":4},{"damage":0,"enemies":"3 Louse","floor":12,"turns":3},{"damage":0,"enemies":"Blue Slaver","floor":13,"turns":3},{"damage":0,"enemies":"Exordium Thugs","floor":14,"turns":3},{"damage":8,"enemies":"The Guardian","floor":16,"turns":9},{"damage":9,"enemies":"Spheric Guardian","floor":18,"turns":4},{"damage":0,"enemies":"Chosen","floor":19,"turns":3},{"damage":4,"enemies":"Centurion and Healer","floor":21,"turns":4},{"damage":5,"enemies":"Gremlin Leader","floor":25,"turns":4},{"damage":0,"enemies":"3 Cultists","floor":28,"turns":4},{"damage":0,"enemies":"Collector","floor":33,"turns":7},{"damage":0,"enemies":"3 Shapes","floor":35,"turns":4},{"damage":0,"enemies":"Flame Bruiser 1 Orb","floor":36,"turns":4},{"damage":0,"enemies":"Spire Growth","floor":38,"turns":4},{"damage":11,"enemies":"4 Shapes","floor":39,"turns":4},{"damage":0,"enemies":"Sphere and 2 Shapes","floor":41,"turns":6},{"damage":2,"enemies":"Flame Bruiser 2 Orb","floor":44,"turns":5},{"damage":0,"enemies":"Maw","floor":45,"turns":6},{"damage":28,"enemies":"2 Orb Walkers","floor":46,"turns":7},{"damage":21,"enemies":"Time Eater","floor":50,"turns":10}],"event_choices":[{"event_name":"Living Wall","player_choice":"Forget","floor":2,"damage_taken":0},{"event_name":"Shining Light","player_choice":"Entered Light","floor":4,"damage_taken":0},{"event_name":"The Library","player_choice":"Read","floor":20,"damage_taken":0},{"event_name":"Forgotten Altar","player_choice":"Shed Blood","floor":22,"damage_taken":0},{"event_name":"Beggar","player_choice":"Gave Gold","floor":27,"damage_taken":0},{"event_name":"Addict","player_choice":"Obtained Relic","floor":31,"damage_taken":0},{"event_name":"Golden Shrine","player_choice":"Pray","floor":37,"damage_taken":0},{"event_name":"Winding Halls","player_choice":"Writhe","floor":47,"damage_taken":0},{"event_name":"Mysterious Sphere","player_choice":"Ignore","floor":48,"damage_taken":0}],"boss_relics":[{"not_picked":["Calling Bell","Tiny House"],"picked":"Sozu"},{"not_picked":["Runic Dome","Black Star"],"picked":"Runic Pyramid"}],"potions_floor_spawned":[3,12,13,18,28,38,41],"seed_played":"-8948051465118393400","ascension_level":0,"is_trial":false}