{"path_per_floor":["M","M","?","?","?","R","E","M","T","R","E","R","$","M","R","B",null,"M","$","?","M","?","R","M","?","T","M","M","$","M","$","R","B",null,"M","M","M","$","M","R","?","?","T","R","M","?","R","?","R","B"],"character_chosen":"THE_SILENT","items_purchased":["Cloak And Dagger","Footwork","Backflip","Strength Potion"],"gold_per_floor":[116,131,131,231,181,181,211,226,226,226,254,254,125,144,144,243,243,259,88,3,16,16,16,28,28,51,66,77,26,43,43,43,144,144,162,179,192,15,35,35,35,35,61,61,75,75,75,0,0,0],"floor_reached":51,"campfire_rested":2,"playtime":4436,"current_hp_per_floor":[66,65,65,65,65,65,59,59,73,73,70,70,70,69,69,56,84,72,72,72,71,55,55,44,44,44,29,25,25,24,24,50,35,89,88,78,78,78,59,59,59,81,81,81,60,60,86,86,86,48],"items_purged":["Strike_G","Defend_G","Infinite Blades"],"gold":0,"score":630,"play_id":"80580966-085a-4bca-abf6-f4e44dbdbc0c","local_time":"20180316185915","is_prod":false,"is_daily":false,"is_ascension_mode":false,"campfire_upgraded":8,"timestamp":1521251955,"path_taken":["M","M","?","?","?","R","E","?","T","R","E","R","$","?","R","BOSS","M","$","?","M","?","R","M","?","T","M","?","?","M","$","R","BOSS","M","M","M","$","M","R","?","?","T","R","M","?","R","?","R","BOSS"],"build_version":"2018-03-16","purchased_purges":3,"victory":true,"master_deck":["Survivor","Neutralize+1","Terror+1","Well Laid Plans","Quick Slash+1","Quick Slash+1","Prepared+1","Escape Plan","Choke+1","Cloak And Dagger+1","Deflect","Storm of Steel+1","Footwork+1","Outmaneuver+1","Backflip+1","Backflip+1","Caltrops","Dodge and Roll","Bane+1","PiercingWail","Backflip+1","Dagger Spray+1","Quick Slash+1","Concentrate+1","Calculated Gamble+1","Writhe","Cloak And Dagger+1"],"max_hp_per_floor":[70,70,70,70,70,70,70,70,84,84,84,84,84,84,84,84,84,84,84,84,84,89,89,89,89,89,89,89,89,89,89,89,89,89,89,89,89,89,89,89,89,89,89,89,89,89,89,89,89,89],"relics":["Orrery","War Paint","Mango","Ginger","Runic Dome","Molten Egg 2","Art of War","Pandora\u0027s Box","Ancient Tea Set","Red Mask"],"card_choices":[{"not_picked":["Prepared","Corpse Explosion"],"picked":"Terror"},{"not_picked":["Expertise","Infinite Blades"],"picked":"Well Laid Plans"},{"not_picked":["Dagger Throw","Dash"],"picked":"Quick Slash"},{"not_picked":["Skewer","Dash"],"picked":"Quick Slash"},{"not_picked":["Dagger Throw","Dash"],"picked":"Prepared"},{"not_picked":["Endless Agony","Deadly Poison"],"picked":"Escape Plan"},{"not_picked":["Endless Agony","PiercingWail"],"picked":"Choke"},{"not_picked":["Outmaneuver","Setup"],"picked":"Deflect"},{"not_picked":["Envenom","Unload"],"picked":"Storm of Steel"},{"not_picked":["Choke","Bane"],"picked":"Outmaneuver"},{"not_picked":["Night Terror","Masterful Stab"],"picked":"Backflip"},{"not_picked":["PiercingWail","Underhanded Strike"],"picked":"Dagger Spray"},{"not_picked":["Dagger Spray","Deflect"],"picked":"Quick Slash"},{"not_picked":["Deflect","Quick Slash"],"picked":"Concentrate"},{"not_picked":["Underhanded Strike","Acrobatics"],"picked":"Calculated Gamble"},{"not_picked":["PiercingWail","Dodge and Roll"],"picked":"Cloak And Dagger"}],"player_experience":151067,"potions_floor_usage":[11,18,27,28,30,37,39,45,50,50],"damage_taken":[{"damage":4,"enemies":"Jaw Worm","floor":1,"turns":4},{"damage":1,"enemies":"Cultist","floor":2,"turns":4},{"damage":6,"enemies":"Gremlin Nob","floor":7,"turns":3},{"damage":0,"enemies":"Small Slimes","floor":8,"turns":4},{"damage":3,"enemies":"Lagavulin","floor":11,"turns":4},{"damage":1,"enemies":"Exordium Thugs","floor":14,"turns":4},{"damage":13,"enemies":"The Guardian","floor":16,"turns":8},{"damage":12,"enemies":"2 Thieves","floor":18,"turns":4},{"damage":1,"enemies":"Chosen","floor":21,"turns":4},{"damage":11,"enemies":"Snake Plant","floor":24,"turns":4},{"damage":15,"enemies":"Snecko","floor":27,"turns":4},{"damage":4,"enemies":"Centurion and Healer","floor":28,"turns":6},{"damage":10,"enemies":"Snake Plant","floor":30,"turns":4},{"damage":15,"enemies":"Collector","floor":33,"turns":6},{"damage":1,"enemies":"3 Shapes","floor":35,"turns":4},{"damage":10,"enemies":"3 Darklings","floor":36,"turns":4},{"damage":0,"enemies":"Spire Growth","floor":37,"turns":4},{"damage":19,"enemies":"Flame Bruiser 2 Orb","floor":39,"turns":4},{"damage":21,"enemies":"4 Shapes","floor":45,"turns":6},{"damage":38,"enemies":"Awakened One","floor":50,"turns":15}],"event_choices":[{"event_name":"Living Wall","player_choice":"Forget","floor":3,"damage_taken":0},{"event_name":"Golden Shrine","player_choice":"Pray","floor":4,"damage_taken":0},{"event_name":"The Cleric","player_choice":"Card Removal","floor":5,"damage_taken":0},{"event_name":"Addict","player_choice":"Obtained Relic","floor":20,"damage_taken":0},{"event_name":"Forgotten Altar","player_choice":"Shed Blood","floor":22,"damage_taken":0},{"event_name":"Beggar","player_choice":"Ignored","floor":25,"damage_taken":0},{"event_name":"Accursed Blacksmith","player_choice":"Forge","floor":41,"damage_taken":0},{"event_name":"Winding Halls","player_choice":"Writhe","floor":42,"damage_taken":0},{"event_name":"Mysterious Sphere","player_choice":"Ignore","floor":46,"damage_taken":0},{"event_name":"Tomb of Lord Red Mask","player_choice":"Paid","floor":48,"damage_taken":0}],"boss_relics":[{"not_picked":["Sozu","Tiny House"],"picked":"Runic Dome"},{"not_picked":["White Beast Statue","Velvet Choker"],"picked":"Pandora\u0027s Box"}],"potions_floor_spawned":[7,8,14,16,21,24,28,33,37,39],"seed_played":"-9160303398059084250","ascension_level":0,"is_trial":false}