{"path_per_floor":["M","M","M","?","?","E","R","M","T","R","?","E","R","M","R","B",null,"M","$","M","M","M","R","E","M","T","?","R","?","$","?","R","B",null,"M","M","?","$","?","R","M","R","T","M","M","$","?","M","R","B"],"character_chosen":"THE_SILENT","items_purchased":["Pen Nib","Regen Potion","Oddly Smooth Stone","Dexterity Potion"],"gold_per_floor":[114,126,144,144,219,244,244,259,284,284,284,312,312,328,328,427,427,444,369,384,400,400,400,429,439,465,390,390,425,180,95,95,197,197,212,224,446,272,272,272,291,291,291,308,327,85,130,150,150,150],"floor_reached":51,"campfire_rested":1,"playtime":3309,"current_hp_per_floor":[70,70,70,75,64,39,39,39,39,61,54,41,41,43,43,12,75,75,75,75,75,74,74,74,71,71,71,71,73,73,73,73,75,75,75,75,75,75,66,66,70,70,70,74,75,75,75,60,60,55],"items_purged":["Strike_G","Strike_G","Defend_G","Defend_G"],"gold":150,"score":702,"play_id":"5bb1099c-7512-4786-ab6d-2701f3ebac84","local_time":"20180314113653","is_prod":false,"is_daily":false,"is_ascension_mode":false,"campfire_upgraded":9,"timestamp":1521052613,"path_taken":["M","M","M","?","?","E","R","M","T","R","?","E","R","M","R","BOSS","M","$","M","M","M","R","E","M","T","?","R","?","$","?","R","BOSS","M","M","?","$","?","R","M","R","T","M","M","$","?","M","R","BOSS"],"build_version":"2018-03-12v2","purchased_purges":4,"victory":true,"master_deck":["Defend_G","Defend_G","Strike_G+1","Strike_G","Strike_G+1","Survivor","Neutralize+1","Cloak And Dagger+1","Finisher+1","Prepared","Cloak And Dagger+1","Accuracy+1","Burst+1","Backflip","Adrenaline","Backflip","Escape Plan+1","Die Die Die","Acrobatics+1","Accuracy+1","Prepared+1","Madness","Madness+1","Malaise","Concentrate+1"],"max_hp_per_floor":[70,70,70,75,75,75,75,75,75,75,75,75,75,75,75,75,75,75,75,75,75,75,75,75,75,75,75,75,75,75,75,75,75,75,75,75,75,75,75,75,75,75,75,75,75,75,75,75,75,75],"relics":["Black Star","Bag of Preparation","Whetstone","Prayer Wheel","Juzu Bracelet","Gambling Chip","Bird Faced Urn","Runic Dome","Kunai","Dodecahedron","Dream Catcher","Red Mask","Pen Nib","Paper Crane","Runic Pyramid","Smiling Mask","Oddly Smooth Stone","Sundial"],"card_choices":[{"not_picked":["Reflex","Backflip"],"picked":"Cloak And Dagger"},{"not_picked":["Underhanded Strike","Acrobatics"],"picked":"Finisher"},{"not_picked":["Well Laid Plans","Deadly Poison"],"picked":"Prepared"},{"not_picked":["Blur","Poisoned Stab"],"picked":"Cloak And Dagger"},{"not_picked":["Leg Sweep","Deflect"],"picked":"Accuracy"},{"not_picked":["Dagger Throw","Cloak And Dagger"],"picked":"Burst"},{"not_picked":["Finisher","Footwork"],"picked":"Backflip"},{"not_picked":["Bullet Time","Storm of Steel"],"picked":"Adrenaline"},{"not_picked":["Dodge and Roll","Acrobatics"],"picked":"Backflip"},{"not_picked":["Dash","Flying Knee"],"picked":"Escape Plan"},{"not_picked":["Noxious Fumes","Blade Dance"],"picked":"Die Die Die"},{"not_picked":["Crippling Poison","Outmaneuver"],"picked":"Acrobatics"},{"not_picked":["Infinite Blades","Bullet Time"],"picked":"Accuracy"},{"not_picked":["Dagger Throw","Deflect"],"picked":"Prepared"},{"not_picked":["Glass Knife","Blur"],"picked":"Malaise"},{"not_picked":["Endless Agony","Poisoned Stab"],"picked":"Concentrate"}],"player_experience":128463,"potions_floor_usage":[6,6,16,24,24,33,50,50,50],"damage_taken":[{"damage":0,"enemies":"Small Slimes","floor":1,"turns":3},{"damage":0,"enemies":"2 Louse","floor":2,"turns":2},{"damage":0,"enemies":"Cultist","floor":3,"turns":4},{"damage":25,"enemies":"Lagavulin","floor":6,"turns":6},{"damage":0,"enemies":"Large Slime","floor":8,"turns":4},{"damage":13,"enemies":"3 Sentries","floor":12,"turns":6},{"damage":0,"enemies":"3 Louse","floor":14,"turns":3},{"damage":33,"enemies":"The Guardian","floor":16,"turns":14},{"damage":0,"enemies":"2 Thieves","floor":18,"turns":4},{"damage":0,"enemies":"3 Byrds","floor":20,"turns":4},{"damage":0,"enemies":"3 Cultists","floor":21,"turns":5},{"damage":3,"enemies":"Slaver and Parasite","floor":22,"turns":6},{"damage":1,"enemies":"Book of Stabbing","floor":24,"turns":3},{"damage":4,"enemies":"Snake Plant","floor":25,"turns":6},{"damage":0,"enemies":"Masked Bandits","floor":29,"turns":3},{"damage":0,"enemies":"Collector","floor":33,"turns":5},{"damage":0,"enemies":"Flame Bruiser 1 Orb","floor":35,"turns":2},{"damage":0,"enemies":"3 Darklings","floor":36,"turns":2},{"damage":0,"enemies":"Maw","floor":41,"turns":4},{"damage":0,"enemies":"Spire Growth","floor":44,"turns":3},{"damage":0,"enemies":"Sphere and 2 Shapes","floor":45,"turns":3},{"damage":1,"enemies":"Mysterious Sphere","floor":47,"turns":4},{"damage":15,"enemies":"4 Shapes","floor":48,"turns":5},{"damage":21,"enemies":"Time Eater","floor":50,"turns":14}],"event_choices":[{"event_name":"Big Fish","player_choice":"Donut","floor":4,"damage_taken":0},{"event_name":"World of Goop","player_choice":"Gather Gold","floor":5,"damage_taken":0},{"event_name":"Scrap Ooze","player_choice":"success","floor":11,"damage_taken":7},{"event_name":"Beggar","player_choice":"Gave Gold","floor":27,"damage_taken":0},{"event_name":"Masked Bandits","player_choice":"Fought over 390 gold","floor":29,"damage_taken":0},{"event_name":"Addict","player_choice":"Obtained Relic","floor":31,"damage_taken":0},{"event_name":"Tomb of Lord Red Mask","player_choice":"Wore Mask","floor":37,"damage_taken":0},{"event_name":"Winding Halls","player_choice":"Embrace Madness","floor":39,"damage_taken":0},{"event_name":"Mysterious Sphere","player_choice":"Fight","floor":47,"damage_taken":0}],"boss_relics":[{"not_picked":["Calling Bell","Cursed Key"],"picked":"Runic Dome"},{"not_picked":["Orrery","Question Card"],"picked":"Runic Pyramid"}],"potions_floor_spawned":[1,3,8,18,21,25,33,45,47],"seed_played":"-2501534071459227887","ascension_level":0,"is_trial":false}