{"path_per_floor":["M","M","?","$","M","R","E","M","T","$","M","?","M","M","R","B",null,"M","?","M","$","?","R","M","$","T","R","?","?","M","M","R","B",null,"M","?","?","$","M","R","M","M","T","?","R","?","$","T","R"],"character_chosen":"THE_SILENT","items_purchased":["Footwork","Regen Potion","Backflip","Calculated Gamble"],"gold_per_floor":[114,128,128,53,72,72,98,112,112,45,65,65,81,96,96,196,196,213,213,229,80,80,80,98,49,95,95,95,95,112,125,125,220,220,236,236,236,42,54,54,68,78,78,0,0,0,0,77,77],"floor_reached":50,"campfire_rested":3,"playtime":3130,"current_hp_per_floor":[70,70,58,58,58,58,41,30,30,30,23,23,18,21,42,19,70,61,61,32,32,55,55,43,43,43,43,49,49,53,45,76,22,76,69,69,69,69,45,45,52,37,37,37,74,64,64,64,64],"items_purged":["Strike_G","Strike_G","Setup"],"gold":77,"score":442,"play_id":"1bfab102-cc62-493e-9470-857f9950a2e7","local_time":"20180314010035","is_prod":false,"is_daily":false,"is_ascension_mode":false,"campfire_upgraded":5,"timestamp":1521014435,"path_taken":["M","M","?","$","M","R","E","M","T","$","?","?","M","M","R","BOSS","M","?","M","$","?","R","M","$","T","R","?","?","M","M","R","BOSS","M","?","?","$","M","R","M","M","T","?","R","?","?","?","R","BOSS"],"build_version":"2018-03-12v2","purchased_purges":3,"victory":false,"master_deck":["Survivor","Neutralize+1","Dagger Throw","Caltrops","Dagger Throw","Dagger Spray","Footwork+1","Flying Knee","Terror+1","Caltrops+1","Backflip","Malaise+1","Backflip+1","Flying Knee","Underhanded Strike","Predator","Acrobatics","PiercingWail","Dash","Bane","Well Laid Plans+1","Calculated Gamble+1","Escape Plan+1","Caltrops+1","Madness","Madness"],"max_hp_per_floor":[70,70,70,70,70,70,70,70,70,70,70,70,70,70,70,70,70,70,70,70,70,70,70,70,70,70,70,76,76,76,76,76,76,76,76,76,76,76,76,76,76,76,76,76,76,76,76,76,76],"relics":["Lizard Tail","Darkstone Periapt","Frozen Eye","Bird Faced Urn","Juzu Bracelet","Black Star","Bag of Marbles","Regal Pillow","Pandora\u0027s Box","Ice Cream","Red Mask","Centennial Puzzle"],"card_choices":[{"not_picked":["Setup","Bane"],"picked":"Dagger Throw"},{"not_picked":["Sucker Punch","Deadly Poison"],"picked":"Caltrops"},{"not_picked":["Setup","Prepared"],"picked":"Dagger Throw"},{"not_picked":["Reflex","Flechettes"],"picked":"Dagger Spray"},{"not_picked":["Doppelganger","Sucker Punch"],"picked":"Flying Knee"},{"not_picked":["Poisoned Stab","Infinite Blades"],"picked":"Terror"},{"not_picked":["Leg Sweep","Accuracy"],"picked":"Malaise"},{"not_picked":["Poisoned Stab","Deflect"],"picked":"Caltrops"},{"not_picked":["Slice","Deflect"],"picked":"Backflip"},{"not_picked":["Sucker Punch","Bane"],"picked":"Malaise"},{"not_picked":["Dagger Throw","Distraction"],"picked":"Flying Knee"},{"not_picked":["Flying Knee","Outmaneuver"],"picked":"Well Laid Plans"},{"not_picked":["Bouncing Flask","Outmaneuver"],"picked":"Escape Plan"},{"not_picked":["Predator","Slice"],"picked":"Caltrops"}],"player_experience":125333,"potions_floor_usage":[2,8,13,31,31,33,50,50,50],"damage_taken":[{"damage":0,"enemies":"Jaw Worm","floor":1,"turns":5},{"damage":0,"enemies":"2 Louse","floor":2,"turns":2},{"damage":0,"enemies":"Small Slimes","floor":5,"turns":4},{"damage":17,"enemies":"3 Sentries","floor":7,"turns":9},{"damage":11,"enemies":"Exordium Thugs","floor":8,"turns":5},{"damage":11,"enemies":"3 Louse","floor":11,"turns":4},{"damage":7,"enemies":"Gremlin Gang","floor":13,"turns":5},{"damage":1,"enemies":"Large Slime","floor":14,"turns":8},{"damage":27,"enemies":"The Guardian","floor":16,"turns":12},{"damage":11,"enemies":"Shell Parasite","floor":18,"turns":7},{"damage":35,"enemies":"Spheric Guardian","floor":20,"turns":6},{"damage":18,"enemies":"Centurion and Healer","floor":24,"turns":8},{"damage":0,"enemies":"Snake Plant","floor":30,"turns":7},{"damage":29,"enemies":"Sentry and Sphere","floor":31,"turns":10},{"damage":98,"enemies":"Champ","floor":33,"turns":26},{"damage":11,"enemies":"3 Shapes","floor":35,"turns":9},{"damage":32,"enemies":"Flame Bruiser 1 Orb","floor":39,"turns":6},{"damage":1,"enemies":"Maw","floor":41,"turns":9},{"damage":25,"enemies":"4 Shapes","floor":42,"turns":8},{"damage":85,"enemies":"Awakened One","floor":50,"turns":11}],"event_choices":[{"event_name":"Scrap Ooze","player_choice":"success","floor":3,"damage_taken":12},{"event_name":"Dead Adventurer","player_choice":"Searched \u00271\u0027 times","floor":12,"damage_taken":0},{"event_name":"Purifier","player_choice":"One Purge","floor":19,"damage_taken":0},{"event_name":"The Library","player_choice":"Heal","floor":22,"damage_taken":0},{"event_name":"The Mausoleum","player_choice":"Yes","floor":28,"damage_taken":0},{"event_name":"Back to Basics","player_choice":"Elegance","floor":29,"damage_taken":0},{"event_name":"Accursed Blacksmith","player_choice":"Forge","floor":36,"damage_taken":0},{"event_name":"Tomb of Lord Red Mask","player_choice":"Paid","floor":44,"damage_taken":0},{"event_name":"Winding Halls","player_choice":"Embrace Madness","floor":46,"damage_taken":0}],"boss_relics":[{"not_picked":["Tiny House","Calling Bell"],"picked":"Black Star"},{"not_picked":["Velvet Choker","White Beast Statue"],"picked":"Pandora\u0027s Box"}],"potions_floor_spawned":[1,7,11,16,18,20,24,39,41,42],"seed_played":"-1065246706628602164","killed_by":"Awakened One","ascension_level":0,"is_trial":false}