{"path_per_floor":["M","M","M","M","M","R","?","R","T","R","M","M","M","?","R","B",null,"M","$","M","M","M","R","M","?","T","M","R","?","M","$","R"],"character_chosen":"THE_SILENT","items_purchased":["Backflip","Envenom"],"gold_per_floor":[118,129,147,165,176,176,176,176,176,176,190,203,214,214,214,318,318,338,241,255,275,292,292,306,306,360,374,374,374,393,130,130],"floor_reached":33,"campfire_rested":5,"playtime":1748,"current_hp_per_floor":[70,69,69,40,27,48,70,70,70,70,70,58,45,38,59,43,70,70,70,41,41,21,42,29,29,36,9,32,32,25,25,48],"items_purged":["Strike_G","Strike_G"],"gold":130,"score":245,"play_id":"816c7c02-298e-4c57-8cd1-143eabe0da06","local_time":"20180315011222","is_prod":false,"is_daily":false,"is_ascension_mode":false,"campfire_upgraded":2,"timestamp":1521101542,"path_taken":["M","M","M","M","?","R","?","R","T","R","M","M","?","?","R","BOSS","M","$","M","M","M","R","M","?","T","M","R","?","M","$","R","BOSS"],"build_version":"2018-03-12v2","purchased_purges":2,"victory":false,"master_deck":["Defend_G","Defend_G","Defend_G","Defend_G","Defend_G","Strike_G","Strike_G","Survivor","Neutralize+1","Dagger Spray","Deadly Poison+1","Catalyst","Acrobatics","Noxious Fumes","Deadly Poison","Tools of the Trade","Backflip","Well Laid Plans","Blur","Prepared","Calculated Gamble","Envenom"],"max_hp_per_floor":[70,70,70,70,70,70,70,70,70,70,70,70,70,70,70,70,70,70,70,70,70,70,70,70,70,77,77,77,77,77,77,77],"relics":["The Specimen","Sundial","Sozu","Strawberry"],"card_choices":[{"not_picked":["Concentrate","Dagger Throw"],"picked":"Dagger Spray"},{"not_picked":["Sucker Punch","Flying Knee"],"picked":"Deadly Poison"},{"not_picked":["Prepared","Acrobatics"],"picked":"Catalyst"},{"not_picked":["Dagger Throw","Riddle With Holes"],"picked":"Acrobatics"},{"not_picked":["Flechettes","Eviscerate"],"picked":"Noxious Fumes"},{"not_picked":["Sucker Punch","Blur"],"picked":"Deadly Poison"},{"not_picked":["Corpse Explosion","Night Terror"],"picked":"Tools of the Trade"},{"not_picked":["Cloak And Dagger","Crippling Poison"],"picked":"Well Laid Plans"},{"not_picked":["Backflip","Well Laid Plans"],"picked":"Blur"},{"not_picked":["Dash","Quick Slash"],"picked":"Prepared"},{"not_picked":["Acrobatics","Blade Dance"],"picked":"Calculated Gamble"}],"player_experience":137946,"potions_floor_usage":[16,21],"damage_taken":[{"damage":0,"enemies":"Cultist","floor":1,"turns":5},{"damage":1,"enemies":"Small Slimes","floor":2,"turns":4},{"damage":0,"enemies":"2 Louse","floor":3,"turns":2},{"damage":29,"enemies":"Gremlin Gang","floor":4,"turns":5},{"damage":13,"enemies":"Exordium Thugs","floor":5,"turns":6},{"damage":0,"enemies":"Large Slime","floor":11,"turns":5},{"damage":12,"enemies":"3 Louse","floor":12,"turns":3},{"damage":13,"enemies":"2 Fungi Beasts","floor":13,"turns":4},{"damage":16,"enemies":"Slime Boss","floor":16,"turns":10},{"damage":0,"enemies":"3 Byrds","floor":18,"turns":5},{"damage":29,"enemies":"2 Thieves","floor":20,"turns":4},{"damage":15,"enemies":"Centurion and Healer","floor":21,"turns":6},{"damage":20,"enemies":"Snake Plant","floor":22,"turns":6},{"damage":13,"enemies":"3 Cultists","floor":24,"turns":5},{"damage":27,"enemies":"Chosen and Byrds","floor":27,"turns":6},{"damage":7,"enemies":"Snecko","floor":30,"turns":6},{"damage":55,"enemies":"Collector","floor":33,"turns":5}],"event_choices":[{"event_name":"Big Fish","player_choice":"Banana","floor":7,"damage_taken":0},{"event_name":"Golden Wing","player_choice":"Card Removal","floor":14,"damage_taken":0},{"event_name":"Vampires","player_choice":"Ignored","floor":25,"damage_taken":0},{"event_name":"Cursed Tome","player_choice":"Ignored","floor":29,"damage_taken":0}],"boss_relics":[{"not_picked":["Pandora\u0027s Box","Snecko Eye"],"picked":"Sozu"}],"potions_floor_spawned":[1,3,5,20,21,24],"seed_played":"-6263734746965399408","killed_by":"Collector","ascension_level":0,"is_trial":false}