{"path_per_floor":["M","?","M","?","M","R","M","M","T","?","R","?","M","M","R","B",null,"M","?","?","M","?","$","M","$","T","E","R","M","R","M","R","B",null,"M","?","M","M","M","$","?","R","T","E","M","?","R","M","R","B"],"character_chosen":"THE_SILENT","items_purchased":["Anchor","Footwork","Bottled Tornado"],"gold_per_floor":[114,114,130,130,147,147,164,174,174,124,124,148,166,178,178,282,312,326,354,354,372,372,372,387,81,81,111,111,131,131,142,142,245,245,259,481,498,518,531,175,175,175,175,208,222,222,222,233,233,233],"floor_reached":51,"campfire_rested":1,"playtime":3110,"current_hp_per_floor":[70,70,70,70,70,70,66,66,66,66,66,64,64,64,64,56,75,74,69,69,64,64,64,54,54,54,47,69,69,69,75,75,75,75,75,75,75,75,73,73,64,72,86,76,74,74,84,84,94,71],"items_purged":["Dodge and Roll","Dagger Throw"],"gold":233,"score":741,"play_id":"7aedc149-05c9-40be-afed-5d6bbfbe419c","local_time":"20180402011458","is_prod":false,"is_daily":false,"is_ascension_mode":false,"campfire_upgraded":8,"timestamp":1522656898,"path_taken":["M","?","M","?","M","R","M","M","T","?","R","?","?","M","R","BOSS","M","?","?","M","?","$","M","$","T","E","R","M","R","M","R","BOSS","M","?","M","M","M","$","?","R","T","E","M","?","R","M","R","BOSS"],"build_version":"2018-03-29","purchased_purges":4,"victory":true,"master_deck":["Survivor","Neutralize+1","Terror","All Out Attack","Dagger Spray","Outmaneuver","Dodge and Roll+1","Flying Knee","Cloak And Dagger+1","Deflect","Venomology+1","Backflip+1","Predator","Finisher+1","Quick Slash","Cloak And Dagger+1","Well Laid Plans+1","Footwork+1","Adrenaline","Bullet Time+1","Cloak And Dagger+1","Blade Dance+1","Madness","Madness","Backflip+1"],"max_hp_per_floor":[70,70,70,70,70,70,70,70,70,70,70,70,70,70,70,70,75,75,75,75,75,75,75,75,75,75,75,75,75,75,75,75,75,75,75,75,75,75,75,75,75,75,89,96,96,96,96,96,96,96],"relics":["Pandora\u0027s Box","Sundial","Odd Mushroom","Red Mask","Darkstone Periapt","Nloth\u0027s Gift","Anchor","Thread and Needle","Bag of Preparation","Eternal Feather","Bottled Tornado","Mango","Strawberry"],"card_choices":[{"not_picked":["Dagger Throw","Dodge and Roll"],"picked":"Deflect","floor":1},{"not_picked":["Outmaneuver","Escape Plan"],"picked":"Backflip","floor":5},{"not_picked":["Outmaneuver","Bane"],"picked":"Predator","floor":8},{"not_picked":["Dagger Spray","Bouncing Flask"],"picked":"Dodge and Roll","floor":12},{"not_picked":["Outmaneuver","Slice"],"picked":"Finisher","floor":14},{"not_picked":["Underhanded Strike","PiercingWail"],"picked":"Quick Slash","floor":17},{"not_picked":["Dodge and Roll","Infinite Blades"],"picked":"Cloak And Dagger","floor":18},{"not_picked":["Deflect","Quick Slash"],"picked":"Well Laid Plans","floor":21},{"not_picked":["Flying Knee","Quick Slash"],"picked":"Adrenaline","floor":27},{"not_picked":["Night Terror","Corpse Explosion"],"picked":"Bullet Time","floor":33},{"not_picked":["Setup","Terror"],"picked":"Cloak And Dagger","floor":35},{"not_picked":["Riddle With Holes","Grand Finale"],"picked":"Blade Dance","floor":39},{"not_picked":["All Out Attack","Deadly Poison"],"picked":"Backflip","floor":44}],"player_experience":217877,"potions_floor_usage":[8,8,12,16,18,18,19,21,24,24,27,27,31,31,33,33,33,37,38,39,44,44,45,45,48,50,50],"damage_taken":[{"damage":0,"enemies":"Jaw Worm","floor":1,"turns":3},{"damage":0,"enemies":"Cultist","floor":3,"turns":3},{"damage":0,"enemies":"2 Louse","floor":5,"turns":2},{"damage":4,"enemies":"Blue Slaver","floor":7,"turns":3},{"damage":0,"enemies":"Large Slime","floor":8,"turns":4},{"damage":2,"enemies":"The Mushroom Lair","floor":12,"turns":3},{"damage":0,"enemies":"2 Fungi Beasts","floor":13,"turns":2},{"damage":0,"enemies":"Blue Slaver","floor":14,"turns":3},{"damage":8,"enemies":"The Guardian","floor":16,"turns":7},{"damage":1,"enemies":"Spheric Guardian","floor":18,"turns":4},{"damage":5,"enemies":"Masked Bandits","floor":19,"turns":3},{"damage":5,"enemies":"3 Byrds","floor":21,"turns":4},{"damage":10,"enemies":"Sentry and Sphere","floor":24,"turns":4},{"damage":7,"enemies":"Gremlin Leader","floor":27,"turns":6},{"damage":0,"enemies":"Snake Plant","floor":29,"turns":4},{"damage":0,"enemies":"3 Cultists","floor":31,"turns":4},{"damage":0,"enemies":"Automaton","floor":33,"turns":7},{"damage":0,"enemies":"Orb Walker","floor":35,"turns":4},{"damage":0,"enemies":"3 Darklings","floor":37,"turns":4},{"damage":0,"enemies":"Spire Growth","floor":38,"turns":4},{"damage":2,"enemies":"Flame Bruiser 2 Orb","floor":39,"turns":4},{"damage":17,"enemies":"Nemesis","floor":44,"turns":7},{"damage":2,"enemies":"4 Shapes","floor":45,"turns":7},{"damage":0,"enemies":"Spire Growth","floor":48,"turns":5},{"damage":37,"enemies":"Donu and Deca","floor":50,"turns":14}],"event_choices":[{"event_name":"The Woman in Blue","player_choice":"Bought 0 Potions","floor":2,"damage_taken":0},{"event_name":"Living Wall","player_choice":"Change","floor":4,"damage_taken":0},{"event_name":"The Cleric","player_choice":"Card Removal","floor":10,"damage_taken":0},{"event_name":"Mushrooms","player_choice":"Fought Mushrooms","floor":12,"damage_taken":0},{"event_name":"Masked Bandits","player_choice":"Fought over 326 gold","floor":19,"damage_taken":0},{"event_name":"The Mausoleum","player_choice":"Yes","floor":20,"damage_taken":0},{"event_name":"N\u0027loth","player_choice":"Traded a Tiny House","floor":22,"damage_taken":0},{"event_name":"Tomb of Lord Red Mask","player_choice":"Wore Mask","floor":36,"damage_taken":0},{"event_name":"Winding Halls","player_choice":"Embrace Madness","floor":41,"damage_taken":0},{"event_name":"Mysterious Sphere","player_choice":"Ignore","floor":46,"damage_taken":0}],"boss_relics":[{"not_picked":["White Beast Statue","Runic Pyramid"],"picked":"Tiny House"},{"not_picked":["Astrolabe","The Specimen"],"picked":"Eternal Feather"}],"potions_floor_spawned":[8,12,13,14,16,19,21,24,33,38,39,48],"seed_played":"-942674136723745706","ascension_level":0,"is_trial":false}