{"path_per_floor":["M","?","M","$","M","R","$","R","T","E","M","M","M","M","R","B",null,"M","M","?","$","?","R","M"],"character_chosen":"THE_SILENT","items_purchased":[],"gold_per_floor":[118,118,135,60,79,79,79,79,154,185,202,216,229,243,243,342,372,354,370,285,185,185,185,205,205],"floor_reached":25,"campfire_rested":0,"playtime":1204,"current_hp_per_floor":[70,70,70,70,70,70,70,70,70,59,52,52,52,52,52,35,75,61,51,51,51,51,51,21,0],"items_purged":["Strike_G","Strike_G"],"gold":205,"score":205,"play_id":"55c1efad-26ff-4543-94bb-c4eda3cd4f0c","local_time":"20180331135216","is_prod":false,"is_daily":false,"is_ascension_mode":false,"campfire_upgraded":4,"timestamp":1522529536,"path_taken":["M","?","M","$","M","R","?","R","T","E","M","M","M","M","R","BOSS","M","M","?","$","?","R","?","E"],"build_version":"2018-03-29","purchased_purges":2,"victory":false,"master_deck":["Defend_G","Defend_G","Defend_G","Defend_G","Defend_G","Strike_G","Strike_G","Strike_G+1","Survivor","Neutralize+1","Backflip+1","Finisher+1","After Image","Outmaneuver+1","Unload","Underhanded Strike","Footwork+1","Terror"],"max_hp_per_floor":[70,70,70,70,70,70,70,70,70,70,70,70,70,70,70,70,75,75,75,75,75,75,75,75,75],"relics":["Ring of the Snake","NeowsBlessing","Bottled Flame","Anchor","Tiny House","Question Card","Dead Branch"],"card_choices":[{"not_picked":["Sucker Punch","Blur"],"picked":"Backflip","floor":1},{"not_picked":["Acrobatics","Slice"],"picked":"Finisher","floor":3},{"not_picked":["Leg Sweep","Dagger Spray"],"picked":"After Image","floor":5},{"not_picked":["Dodge and Roll","Skewer"],"picked":"Outmaneuver","floor":11},{"not_picked":["A Thousand Cuts","Storm of Steel"],"picked":"Unload","floor":16},{"not_picked":["Deflect","Deadly Poison"],"picked":"Underhanded Strike","floor":17},{"not_picked":["Dodge and Roll","Deflect"],"picked":"Footwork","floor":19},{"not_picked":["Dagger Throw","Dodge and Roll","Envenom"],"picked":"Terror","floor":24}],"player_experience":209047,"potions_floor_usage":[10,16,18,19,25],"damage_taken":[{"damage":0,"enemies":"2 Louse","floor":1,"turns":1},{"damage":0,"enemies":"Cultist","floor":3,"turns":1},{"damage":0,"enemies":"Small Slimes","floor":5,"turns":1},{"damage":11,"enemies":"Lagavulin","floor":10,"turns":6},{"damage":7,"enemies":"Red Slaver","floor":11,"turns":4},{"damage":0,"enemies":"Blue Slaver","floor":12,"turns":4},{"damage":0,"enemies":"Looter","floor":13,"turns":4},{"damage":0,"enemies":"2 Fungi Beasts","floor":14,"turns":4},{"damage":17,"enemies":"The Guardian","floor":16,"turns":16},{"damage":14,"enemies":"2 Thieves","floor":18,"turns":4},{"damage":10,"enemies":"Spheric Guardian","floor":19,"turns":6},{"damage":30,"enemies":"3 Cultists","floor":24,"turns":8},{"damage":23,"enemies":"Book of Stabbing","floor":25,"turns":11}],"event_choices":[{"event_name":"The Woman in Blue","player_choice":"Bought 0 Potions","floor":2,"damage_taken":0},{"event_name":"Addict","player_choice":"Obtained Relic","floor":20,"damage_taken":0},{"event_name":"The Mausoleum","player_choice":"Yes","floor":22,"damage_taken":0}],"boss_relics":[{"not_picked":["The Specimen","Calling Bell"],"picked":"Tiny House"}],"potions_floor_spawned":[3,11,12,24],"seed_played":"1424477013884539942","killed_by":"Book of Stabbing","ascension_level":0,"is_trial":false}