{"path_per_floor":["M","?","$","M","M","E","M","M","T","E","$","R","$","M","R","B",null,"M","M","?","?","M","R","E","M","T","M","$","M","M","?","R"],"character_chosen":"THE_SILENT","items_purchased":["Blind"],"gold_per_floor":[110,110,35,51,61,95,110,125,171,200,0,0,0,14,14,115,115,128,145,70,70,86,86,120,140,140,159,34,51,71,71,71,71],"floor_reached":33,"campfire_rested":1,"playtime":2111,"current_hp_per_floor":[70,70,70,70,70,65,62,61,61,58,58,58,58,57,57,51,70,69,69,69,69,67,67,61,59,59,35,35,35,14,14,28,0],"items_purged":["Strike_G","Defend_G","Doubt"],"gold":71,"score":307,"play_id":"28eeb314-e100-4216-9119-e189e1fb1b61","local_time":"20180403122637","is_prod":false,"is_daily":false,"is_ascension_mode":false,"campfire_upgraded":3,"timestamp":1522783597,"path_taken":["M","?","$","M","M","E","?","M","T","E","$","R","?","M","R","BOSS","M","M","?","?","M","R","E","M","T","M","$","?","M","?","R","BOSS"],"build_version":"2018-04-02","purchased_purges":4,"victory":false,"master_deck":["Defend_G","Defend_G","Defend_G","Defend_G","Survivor","Neutralize","Prepared","Terror","Dagger Throw+1","Backflip","Blind+1","Bullet Time+1","Predator+1","Blur","Malaise+1","Escape Plan+1","Backstab","Dagger Spray","Malaise+1","Bite","Bite","Bite","Bite","Bite"],"max_hp_per_floor":[70,70,70,70,70,70,70,70,70,70,70,70,70,70,70,70,70,70,70,70,70,70,70,70,70,70,70,70,70,70,49,49,49],"relics":["Ring of the Snake","Torii","Happy Flower","Dream Catcher","Bronze Scales","Cursed Key","Ancient Tea Set","Peace Pipe"],"card_choices":[{"not_picked":["Acrobatics","Masterful Stab"],"picked":"Prepared","floor":1},{"not_picked":["Dash","Crippling Poison"],"picked":"Terror","floor":4},{"not_picked":["Cloak And Dagger","Caltrops"],"picked":"Dagger Throw","floor":5},{"not_picked":["Slice","Bouncing Flask"],"picked":"Backflip","floor":6},{"not_picked":["Expertise","Poisoned Stab"],"picked":"Bullet Time","floor":14},{"not_picked":["Sucker Punch","Footwork"],"picked":"Predator","floor":18},{"not_picked":["Caltrops","Heel Hook"],"picked":"Blur","floor":22},{"not_picked":["Dodge and Roll","Slice"],"picked":"Malaise","floor":24},{"not_picked":["Prepared","Catalyst"],"picked":"Escape Plan","floor":25},{"not_picked":["Dagger Throw","Deflect"],"picked":"Backstab","floor":27},{"not_picked":["Prepared","Deadly Poison"],"picked":"Dagger Spray","floor":29},{"not_picked":["Cloak And Dagger","Sucker Punch"],"picked":"Malaise","floor":30}],"player_experience":222817,"potions_floor_usage":[6,6,10,18,19,25,33],"damage_taken":[{"damage":0,"enemies":"Small Slimes","floor":1,"turns":3},{"damage":0,"enemies":"Cultist","floor":4,"turns":4},{"damage":0,"enemies":"Jaw Worm","floor":5,"turns":4},{"damage":5,"enemies":"3 Sentries","floor":6,"turns":13},{"damage":3,"enemies":"Gremlin Gang","floor":7,"turns":7},{"damage":1,"enemies":"Red Slaver","floor":8,"turns":4},{"damage":3,"enemies":"Lagavulin","floor":10,"turns":6},{"damage":1,"enemies":"Exordium Thugs","floor":14,"turns":5},{"damage":6,"enemies":"The Guardian","floor":16,"turns":14},{"damage":1,"enemies":"2 Thieves","floor":18,"turns":5},{"damage":0,"enemies":"Spheric Guardian","floor":19,"turns":3},{"damage":2,"enemies":"3 Cultists","floor":22,"turns":5},{"damage":6,"enemies":"Book of Stabbing","floor":24,"turns":6},{"damage":2,"enemies":"Sentry and Sphere","floor":25,"turns":6},{"damage":24,"enemies":"Cultist and Chosen","floor":27,"turns":9},{"damage":0,"enemies":"Snake Plant","floor":29,"turns":5},{"damage":21,"enemies":"Chosen and Byrds","floor":30,"turns":4},{"damage":72,"enemies":"Automaton","floor":33,"turns":12}],"event_choices":[{"event_name":"Purifier","player_choice":"One Purge","floor":2,"damage_taken":0},{"event_name":"Beggar","player_choice":"Gave Gold","floor":20,"damage_taken":0},{"event_name":"Ghosts","player_choice":"Ignored","floor":21,"damage_taken":0},{"event_name":"Vampires","player_choice":"Became a vampire","floor":31,"damage_taken":0}],"boss_relics":[{"not_picked":["Calling Bell","Velvet Choker"],"picked":"Cursed Key"}],"potions_floor_spawned":[4,5,7,10,16,18,24,30],"seed_played":"-8517705689780462078","killed_by":"Automaton","ascension_level":0,"is_trial":false}