{"path_per_floor":["M","M","M","M","$","R","$","E","T","R","M","$","?","M","R","B",null,"M"],"character_chosen":"THE_SILENT","items_purchased":["Trip","Finesse"],"gold_per_floor":[119,134,147,164,59,59,59,91,91,91,108,20,20,31,31,127,127,93,93],"floor_reached":19,"campfire_rested":1,"playtime":1054,"current_hp_per_floor":[69,69,69,69,69,70,70,21,21,27,25,25,25,25,54,14,70,47,0],"items_purged":[],"gold":93,"score":169,"play_id":"1b88ff6d-cd44-456e-b9f5-1c192f68256a","local_time":"20180327001635","is_prod":false,"is_daily":false,"is_ascension_mode":false,"campfire_upgraded":1,"timestamp":1522134995,"path_taken":["M","M","?","M","$","R","$","E","T","R","M","$","?","M","R","BOSS","M","M"],"build_version":"2018-03-25","purchased_purges":0,"victory":false,"master_deck":["Defend_G","Defend_G","Defend_G","Defend_G","Defend_G","Strike_G","Strike_G","Strike_G","Strike_G","Strike_G","Survivor","Neutralize+1","Dagger Throw","Outmaneuver","Backflip","Prepared","Trip","Deflect","Finesse","Calculated Gamble","Venomology","Deflect"],"max_hp_per_floor":[70,70,70,70,70,70,70,70,70,70,70,70,70,70,70,70,70,70,70],"relics":["Eternal Feather","Bird Faced Urn","Girya","Runic Dome"],"card_choices":[{"not_picked":["Skewer","Dagger Spray"],"picked":"Dagger Throw","floor":1},{"not_picked":["Dagger Throw","Choke"],"picked":"Outmaneuver","floor":2},{"not_picked":["Setup","Expertise"],"picked":"Backflip","floor":3},{"not_picked":["Deadly Poison","Sucker Punch"],"picked":"Prepared","floor":4},{"not_picked":["Dodge and Roll","Outmaneuver"],"picked":"Deflect","floor":11},{"not_picked":["Corpse Explosion","Sucker Punch"],"picked":"Calculated Gamble","floor":14},{"not_picked":["Envenom","Night Terror"],"picked":"Venomology","floor":16},{"not_picked":["Sucker Punch","PiercingWail"],"picked":"Deflect","floor":18}],"player_experience":175290,"potions_floor_usage":[4,8,16,16,19],"damage_taken":[{"damage":1,"enemies":"Cultist","floor":1,"turns":4},{"damage":0,"enemies":"Small Slimes","floor":2,"turns":4},{"damage":0,"enemies":"Jaw Worm","floor":3,"turns":6},{"damage":0,"enemies":"Lots of Slimes","floor":4,"turns":2},{"damage":49,"enemies":"Gremlin Nob","floor":8,"turns":6},{"damage":2,"enemies":"Large Slime","floor":11,"turns":6},{"damage":0,"enemies":"2 Fungi Beasts","floor":14,"turns":4},{"damage":40,"enemies":"Hexaghost","floor":16,"turns":15},{"damage":23,"enemies":"2 Thieves","floor":18,"turns":5},{"damage":61,"enemies":"Chosen","floor":19,"turns":9}],"event_choices":[{"event_name":"The Cleric","player_choice":"Leave","floor":13,"damage_taken":0}],"boss_relics":[{"not_picked":["Tiny House","Runic Pyramid"],"picked":"Runic Dome"}],"potions_floor_spawned":[1,3,8,11],"seed_played":"370808721685302246","killed_by":"Chosen","ascension_level":0,"is_trial":false}