{"path_per_floor":["M","M","?","$","?","R","$","E","T","M","M","R","M","M","R","B",null,"M","M","$","?","?","R","?","M","T","?","$","M","R","M","R","B",null,"M","M","$","M","M","R","$","?","T","R","M"],"character_chosen":"THE_SILENT","items_purchased":["Dash","Backflip","Calculated Gamble"],"gold_per_floor":[112,132,132,50,50,50,50,78,126,140,157,157,170,183,183,280,280,290,303,176,176,176,176,176,192,192,117,117,134,134,152,152,256,256,267,283,149,168,180,180,55,55,55,55,70,70],"floor_reached":46,"campfire_rested":2,"playtime":11504,"current_hp_per_floor":[68,68,68,68,73,73,73,73,73,73,73,73,72,72,72,47,75,74,69,69,69,69,69,69,64,64,64,64,64,64,47,69,40,75,73,62,62,48,48,48,48,43,43,65,65,0],"items_purged":["Slice","Bane","Heel Hook"],"gold":70,"score":447,"play_id":"b064fa08-fc72-4ec8-8513-e9aefb49b52a","local_time":"20180330194905","is_prod":false,"is_daily":false,"is_ascension_mode":false,"campfire_upgraded":6,"timestamp":1522464545,"path_taken":["M","M","?","$","?","R","$","E","T","M","M","R","?","M","R","BOSS","M","M","$","?","?","R","?","M","T","?","$","M","R","?","R","BOSS","M","M","$","?","M","R","$","?","T","R","M","E"],"build_version":"2018-03-29","purchased_purges":3,"victory":false,"master_deck":["Survivor","Neutralize+1","All Out Attack+1","Dagger Spray","Dash+1","Well Laid Plans+1","Choke+1","Blur","Wraith Form","Phantasmal Killer+1","Outmaneuver+1","Backflip","Finisher+1","Underhanded Strike+1","Night Terror","Cloak And Dagger","Quick Slash+1","Quick Slash+1","Underhanded Strike+1","Calculated Gamble+1","Master of Strategy","Secret Technique","Predator+1"],"max_hp_per_floor":[70,70,70,70,75,75,75,75,75,75,75,75,75,75,75,75,75,75,75,75,75,75,75,75,75,75,75,75,75,75,75,75,75,75,75,75,75,75,75,75,75,75,75,75,75,75],"relics":["Snecko Eye","Molten Egg 2","Oddly Smooth Stone","Astrolabe","Paper Crane","Peace Pipe","Pandora\u0027s Box","Anchor"],"card_choices":[{"not_picked":["Poisoned Stab","Bane"],"picked":"All Out Attack","floor":1},{"not_picked":["Reflex","Glass Knife"],"picked":"Dagger Spray","floor":2},{"not_picked":["Quick Slash","Flying Knee"],"picked":"Well Laid Plans","floor":8},{"not_picked":["PiercingWail","Heel Hook"],"picked":"Choke","floor":10},{"not_picked":["Poisoned Stab","Well Laid Plans"],"picked":"Blur","floor":13},{"not_picked":["Glass Knife","Burst"],"picked":"Wraith Form","floor":16},{"not_picked":["All Out Attack","Blade Dance"],"picked":"Outmaneuver","floor":19},{"not_picked":["Concentrate","Choke"],"picked":"Finisher","floor":29},{"not_picked":["Slice","Acrobatics"],"picked":"Underhanded Strike","floor":31},{"not_picked":["Glass Knife","A Thousand Cuts"],"picked":"Night Terror","floor":33},{"not_picked":["Sucker Punch","Dagger Spray"],"picked":"Underhanded Strike","floor":35},{"not_picked":["Jack Of All Trades","Mind Blast"],"picked":"Master of Strategy","floor":42},{"not_picked":["Apotheosis","Swift Strike"],"picked":"Secret Technique","floor":42},{"not_picked":["Deflect","Dodge and Roll"],"picked":"Predator","floor":45}],"player_experience":190373,"potions_floor_usage":[13,33,36,46,46],"damage_taken":[{"damage":2,"enemies":"Small Slimes","floor":1,"turns":4},{"damage":0,"enemies":"Cultist","floor":2,"turns":4},{"damage":0,"enemies":"3 Sentries","floor":8,"turns":3},{"damage":0,"enemies":"Jaw Worm","floor":10,"turns":4},{"damage":0,"enemies":"Looter","floor":11,"turns":3},{"damage":1,"enemies":"2 Fungi Beasts","floor":13,"turns":3},{"damage":0,"enemies":"Lots of Slimes","floor":14,"turns":2},{"damage":25,"enemies":"Slime Boss","floor":16,"turns":12},{"damage":1,"enemies":"Shell Parasite","floor":18,"turns":5},{"damage":5,"enemies":"3 Byrds","floor":19,"turns":3},{"damage":5,"enemies":"Snake Plant","floor":25,"turns":4},{"damage":0,"enemies":"3 Cultists","floor":29,"turns":4},{"damage":17,"enemies":"Cultist and Chosen","floor":31,"turns":6},{"damage":29,"enemies":"Automaton","floor":33,"turns":11},{"damage":2,"enemies":"Flame Bruiser 1 Orb","floor":35,"turns":4},{"damage":11,"enemies":"Orb Walker","floor":36,"turns":3},{"damage":14,"enemies":"4 Shapes","floor":38,"turns":3},{"damage":0,"enemies":"3 Darklings","floor":39,"turns":2},{"damage":0,"enemies":"Maw","floor":45,"turns":6},{"damage":74,"enemies":"2 Orb Walkers","floor":46,"turns":3}],"event_choices":[{"event_name":"Bonfire Elementals","player_choice":"BASIC","floor":3,"damage_taken":0},{"event_name":"Big Fish","player_choice":"Donut","floor":5,"damage_taken":0},{"event_name":"Ghosts","player_choice":"Ignored","floor":21,"damage_taken":0},{"event_name":"The Mausoleum","player_choice":"Yes","floor":22,"damage_taken":0},{"event_name":"Back to Basics","player_choice":"Elegance","floor":24,"damage_taken":0},{"event_name":"Beggar","player_choice":"Gave Gold","floor":27,"damage_taken":0},{"event_name":"SensoryStone","player_choice":"Memory 2","floor":42,"damage_taken":0}],"boss_relics":[{"not_picked":["Velvet Choker","Tiny House"],"picked":"Astrolabe"},{"not_picked":["Black Star","Philosopher\u0027s Stone"],"picked":"Pandora\u0027s Box"}],"potions_floor_spawned":[2,10,13,14,16,19,29,33,36,39,45],"seed_played":"8163590441157106313","killed_by":"2 Orb Walkers","ascension_level":0,"is_trial":false}