{"path_per_floor":["M","$","?","$","M","E","M","M","T","?","$","R","?","M","R","B",null,"M","?","M","M","M","R","M","$","T","M","M","?","M","M","R","B",null,"M","?","?","$","M","R","M","$","T","M","M","R","?","M","R","B"],"character_chosen":"THE_SILENT","items_purchased":["Backflip","Dagger Spray","Kunai","Dodge and Roll","Escape Plan"],"gold_per_floor":[115,61,61,38,51,82,102,113,113,113,38,38,38,55,55,159,159,179,179,197,212,230,230,247,3,52,63,73,73,86,101,101,196,196,216,216,216,62,76,76,92,23,23,42,60,60,60,77,77,77],"floor_reached":51,"campfire_rested":3,"playtime":3077,"current_hp_per_floor":[70,70,63,63,63,63,63,62,62,62,62,62,62,62,62,50,70,66,66,66,46,28,49,47,47,47,35,12,35,20,27,48,2,70,61,61,61,61,45,66,66,66,66,66,66,66,61,61,61,7],"items_purged":["Strike_G","Deadly Poison"],"gold":77,"score":655,"play_id":"50954f1a-ba75-4bd3-9788-a21a3c8317de","local_time":"20180412151442","is_prod":false,"is_daily":false,"chose_seed":false,"is_ascension_mode":false,"campfire_upgraded":4,"timestamp":1523571282,"path_taken":["M","$","?","$","M","E","M","M","T","?","$","R","?","M","R","BOSS","M","?","?","M","M","R","M","$","T","?","?","?","M","?","R","BOSS","M","?","?","$","M","R","M","?","T","M","?","R","?","M","R","BOSS"],"build_version":"2018-04-11","seed_source_timestamp":615932624450525,"purchased_purges":2,"victory":true,"master_deck":["Survivor","Neutralize+1","Outmaneuver","Backflip","Dagger Spray","Quick Slash+1","Flying Knee+1","Choke+1","Malaise+1","Bullet Time+1","Finisher+1","Backstab+1","Terror","Malaise+1","Cloak And Dagger+1","Cloak And Dagger+1","Underhanded Strike+1","Well Laid Plans","Outmaneuver","Backflip","Sucker Punch+1","Endless Agony+1","Calculated Gamble+1","Dodge and Roll","Escape Plan","Deflect","Endless Agony+1","Finesse","Panacea","Skewer+1"],"max_hp_per_floor":[70,70,70,70,70,70,70,70,70,70,70,70,70,70,70,70,70,70,70,70,70,70,70,70,70,70,70,70,70,70,70,70,70,70,70,70,70,70,70,70,70,70,70,70,70,70,70,70,70,70],"relics":["Ring of the Snake","NeowsBlessing","Molten Egg 2","Peace Pipe","Philosopher\u0027s Stone","The Specimen","Kunai","Art of War","Pandora\u0027s Box","Centennial Puzzle"],"card_choices":[{"not_picked":["Bane","Sucker Punch"],"picked":"Outmaneuver","floor":1},{"not_picked":["Acrobatics","Prepared"],"picked":"Quick Slash","floor":5},{"not_picked":["Wraith Form v2","Prepared"],"picked":"Flying Knee","floor":6},{"not_picked":["Deflect","Deadly Poison"],"picked":"Choke","floor":7},{"not_picked":["Dodge and Roll","Slice"],"picked":"Malaise","floor":14},{"not_picked":["Wraith Form v2","Venomology"],"picked":"Bullet Time","floor":16},{"not_picked":["Prepared","Underhanded Strike"],"picked":"Finisher","floor":18},{"not_picked":["Crippling Poison","Skewer"],"picked":"Backstab","floor":20},{"not_picked":["Bane","Slice"],"picked":"Terror","floor":22},{"not_picked":["Deadly Poison","Bouncing Flask"],"picked":"Malaise","floor":24},{"not_picked":["Calculated Gamble","Deflect"],"picked":"Cloak And Dagger","floor":30},{"not_picked":["Backstab","Bouncing Flask"],"picked":"Cloak And Dagger","floor":31},{"not_picked":["Sucker Punch","Dodge and Roll"],"picked":"Calculated Gamble","floor":35},{"not_picked":["Dash","Poisoned Stab"],"picked":"Deflect","floor":44},{"not_picked":["Cloak And Dagger","Catalyst"],"picked":"Endless Agony","floor":45},{"not_picked":["Madness","Thinking Ahead"],"picked":"Finesse","floor":47},{"not_picked":["Sadistic Nature","Enlightenment"],"picked":"Panacea","floor":47},{"not_picked":["Blade Dance","Bane"],"picked":"Skewer","floor":48}],"player_experience":260603,"potions_floor_usage":[14,16,22,28,31,33,33,33,45,48],"damage_taken":[{"damage":0,"enemies":"Cultist","floor":1,"turns":1},{"damage":0,"enemies":"2 Louse","floor":5,"turns":1},{"damage":0,"enemies":"Gremlin Nob","floor":6,"turns":1},{"damage":0,"enemies":"Small Slimes","floor":7,"turns":3},{"damage":1,"enemies":"3 Louse","floor":8,"turns":4},{"damage":0,"enemies":"Exordium Thugs","floor":14,"turns":4},{"damage":12,"enemies":"Hexaghost","floor":16,"turns":13},{"damage":4,"enemies":"Shell Parasite","floor":18,"turns":5},{"damage":0,"enemies":"3 Byrds","floor":20,"turns":3},{"damage":20,"enemies":"Snecko","floor":21,"turns":6},{"damage":18,"enemies":"Snake Plant","floor":22,"turns":5},{"damage":2,"enemies":"Cultist and Chosen","floor":24,"turns":6},{"damage":12,"enemies":"Snecko","floor":27,"turns":7},{"damage":23,"enemies":"Slaver and Parasite","floor":28,"turns":9},{"damage":15,"enemies":"Chosen and Byrds","floor":30,"turns":7},{"damage":8,"enemies":"Snake Plant","floor":31,"turns":6},{"damage":61,"enemies":"Collector","floor":33,"turns":12},{"damage":9,"enemies":"3 Darklings","floor":35,"turns":6},{"damage":16,"enemies":"3 Shapes","floor":39,"turns":6},{"damage":0,"enemies":"Sphere and 2 Shapes","floor":41,"turns":3},{"damage":0,"enemies":"Spire Growth","floor":44,"turns":1},{"damage":0,"enemies":"Flame Bruiser 2 Orb","floor":45,"turns":4},{"damage":0,"enemies":"3 Darklings","floor":48,"turns":8},{"damage":54,"enemies":"Time Eater","floor":50,"turns":18}],"event_choices":[{"event_name":"Golden Wing","player_choice":"Card Removal","floor":3,"damage_taken":0},{"event_name":"Upgrade Shrine","player_choice":"Upgraded","floor":10,"damage_taken":0},{"event_name":"Liars Game","player_choice":"disagreed","floor":13,"damage_taken":0},{"event_name":"The Mausoleum","player_choice":"Yes","floor":19,"damage_taken":0},{"event_name":"The Library","player_choice":"Heal","floor":29,"damage_taken":0},{"event_name":"Mysterious Sphere","player_choice":"Ignore","floor":37,"damage_taken":0},{"event_name":"SensoryStone","player_choice":"Memory 2","floor":47,"damage_taken":0}],"boss_relics":[{"not_picked":["Velvet Choker","Snecko Eye"],"picked":"Philosopher\u0027s Stone"},{"not_picked":["Runic Dome","White Beast Statue"],"picked":"Pandora\u0027s Box"}],"potions_floor_spawned":[5,6,8,18,20,21,28,30,31,41,45],"seed_played":"3933834727560941451","ascension_level":0,"is_trial":false}