{"path_per_floor":["M","?","M","M","?","M","M","$","T","R","M","M","R","M","R","B",null,"M","$","?","?","?","R","M","E","T","R","M","?","R","M","R","B",null,"M","?","?","$","?","R","M","?","T","M","$","M","R","E","R","B"],"character_chosen":"THE_SILENT","items_purchased":["Noxious Fumes","Backflip","Apotheosis","Footwork","Poison Potion"],"gold_per_floor":[109,109,125,150,225,239,258,99,99,99,124,147,147,161,161,287,287,311,17,17,17,17,17,37,73,98,98,113,113,113,129,129,255,255,271,271,271,73,73,73,96,96,96,120,69,94,94,132,132,132],"floor_reached":51,"campfire_rested":5,"playtime":2907,"current_hp_per_floor":[70,53,51,51,40,40,33,33,33,54,54,52,52,50,50,20,70,59,59,59,43,43,64,60,57,57,57,43,43,43,34,55,32,70,25,25,49,49,49,71,69,69,69,69,69,50,72,65,65,42],"items_purged":["Strike_G","Strike_G","Writhe"],"gold":132,"score":687,"play_id":"d7f19cde-3a3c-4d0a-a1ed-c0225a598783","local_time":"20180414205551","is_prod":false,"is_daily":false,"chose_seed":false,"is_ascension_mode":false,"campfire_upgraded":5,"timestamp":1523764551,"path_taken":["M","?","M","M","?","M","M","$","T","R","?","M","R","M","R","BOSS","M","$","?","?","?","R","M","E","T","R","?","?","R","M","R","BOSS","M","?","?","$","?","R","M","?","T","?","$","M","R","E","R","BOSS"],"build_version":"2018-04-13","seed_source_timestamp":809372628619584,"purchased_purges":3,"victory":true,"master_deck":["Defend_G","Defend_G","Defend_G","Defend_G","Defend_G","Survivor","Neutralize+1","Outmaneuver","Well Laid Plans+1","Deflect","Catalyst","Noxious Fumes+1","Backflip","Deadly Poison","Venomology+1","Footwork+1","Adrenaline","After Image+1","Tactician+1","Escape Plan+1","Apotheosis+1","Poisoned Stab","Deadly Poison+1","Backflip+1","Blind","Footwork","Prepared+1","Backflip+1","Outmaneuver+1","Blur+1"],"max_hp_per_floor":[70,70,70,70,70,70,70,70,70,70,70,70,70,70,70,70,70,70,70,70,70,70,70,70,70,70,70,70,70,70,70,70,70,70,70,70,76,76,76,76,76,76,76,76,76,76,76,76,76,76],"relics":["Ring of the Snake","Golden Idol","Ninja Scroll","Astrolabe","Enchiridion","Darkstone Periapt","Prayer Wheel","Black Star","Toxic Egg 2","Smiling Mask","Mummified Hand"],"card_choices":[{"not_picked":["Dodge and Roll","Masterful Stab"],"picked":"Poisoned Stab","floor":1},{"not_picked":["Slice","Dagger Throw"],"picked":"Outmaneuver","floor":3},{"not_picked":["Underhanded Strike","Flying Knee"],"picked":"Well Laid Plans","floor":4},{"not_picked":["Flying Knee","Dodge and Roll"],"picked":"Deflect","floor":6},{"not_picked":["Dodge and Roll","Escape Plan"],"picked":"Catalyst","floor":7},{"not_picked":["Deflect","Escape Plan"],"picked":"Deadly Poison","floor":11},{"not_picked":["Quick Slash","Caltrops"],"picked":"Venomology","floor":12},{"not_picked":["Quick Slash","Underhanded Strike"],"picked":"Footwork","floor":14},{"not_picked":["Glass Knife","Night Terror"],"picked":"Adrenaline","floor":16},{"not_picked":["Deflect","Concentrate"],"picked":"Escape Plan","floor":18},{"not_picked":["Well Laid Plans","Cloak And Dagger"],"picked":"Poisoned Stab","floor":24},{"not_picked":["Choke","Prepared"],"picked":"Deadly Poison","floor":25},{"not_picked":["Outmaneuver","Terror"],"picked":"Backflip","floor":35},{"not_picked":["Trip","Madness"],"picked":"Blind","floor":36},{"not_picked":["Deflect","Acrobatics"],"picked":"Prepared","floor":43},{"not_picked":["Poisoned Stab","Sucker Punch"],"picked":"Backflip","floor":44},{"not_picked":["Distraction","Dagger Throw"],"picked":"Outmaneuver","floor":46},{"not_picked":["Deflect","Adrenaline"],"picked":"Blur","floor":48}],"player_experience":273808,"potions_floor_usage":[12,16,16,18,24,24,25,25,25,31,33,33,33,33,44,46,48,50,50,50,50],"damage_taken":[{"damage":0,"enemies":"2 Louse","floor":1,"turns":2},{"damage":2,"enemies":"Small Slimes","floor":3,"turns":3},{"damage":0,"enemies":"Cultist","floor":4,"turns":3},{"damage":0,"enemies":"Exordium Wildlife","floor":6,"turns":5},{"damage":7,"enemies":"Blue Slaver","floor":7,"turns":5},{"damage":0,"enemies":"Large Slime","floor":11,"turns":5},{"damage":2,"enemies":"Exordium Thugs","floor":12,"turns":4},{"damage":2,"enemies":"Red Slaver","floor":14,"turns":3},{"damage":30,"enemies":"Hexaghost","floor":16,"turns":7},{"damage":11,"enemies":"Chosen","floor":18,"turns":5},{"damage":4,"enemies":"2 Thieves","floor":24,"turns":4},{"damage":18,"enemies":"Slavers","floor":25,"turns":7},{"damage":14,"enemies":"Slaver and Parasite","floor":28,"turns":4},{"damage":9,"enemies":"Centurion and Healer","floor":31,"turns":5},{"damage":23,"enemies":"Automaton","floor":33,"turns":8},{"damage":45,"enemies":"Flame Bruiser 1 Orb","floor":35,"turns":6},{"damage":2,"enemies":"3 Shapes","floor":41,"turns":8},{"damage":0,"enemies":"Spire Growth","floor":44,"turns":7},{"damage":19,"enemies":"Sphere and 2 Shapes","floor":46,"turns":4},{"damage":7,"enemies":"Giant Head","floor":48,"turns":9},{"damage":23,"enemies":"Time Eater","floor":50,"turns":14}],"event_choices":[{"event_name":"Golden Idol","player_choice":"Take Damage","floor":2,"damage_taken":0},{"event_name":"World of Goop","player_choice":"Gather Gold","floor":5,"damage_taken":0},{"event_name":"Accursed Blacksmith","player_choice":"Forge","floor":20,"damage_taken":0},{"event_name":"Cursed Tome","player_choice":"Obtained Book","floor":21,"damage_taken":0},{"event_name":"Drug Dealer","player_choice":"Ignored","floor":22,"damage_taken":0},{"event_name":"Back to Basics","player_choice":"Elegance","floor":29,"damage_taken":0},{"event_name":"SensoryStone","player_choice":"Memory 1","floor":36,"damage_taken":0},{"event_name":"Winding Halls","player_choice":"Writhe","floor":37,"damage_taken":0},{"event_name":"Tomb of Lord Red Mask","player_choice":"Ignored","floor":42,"damage_taken":0}],"boss_relics":[{"not_picked":["Eternal Feather","Cursed Key"],"picked":"Astrolabe"},{"not_picked":["White Beast Statue","Runic Pyramid"],"picked":"Black Star"}],"potions_floor_spawned":[4,12,16,24,25,31,35,46],"seed_played":"89017749216279212","ascension_level":0,"is_trial":false}