{"path_per_floor":["M","M","?","M","M","R","E","R","T","M","$","?","M","M","R","B",null,"M","M","M","?","?","M","R","M","T","?","R","$","M","M","R","B",null,"M","$","M","?","M","R","M","E","T","$","M","T","M","?","R"],"character_chosen":"THE_SILENT","items_purchased":["Crippling Poison","Dream Catcher","Noxious Fumes","Backflip","Poisoned Stab","Bandage Up"],"gold_per_floor":[112,132,132,146,161,161,196,196,196,215,24,24,43,63,63,164,164,180,193,212,212,127,138,138,150,223,223,223,47,60,70,70,173,173,189,11,30,30,50,50,67,97,122,22,32,32,42,42,42],"floor_reached":50,"campfire_rested":6,"playtime":8079,"current_hp_per_floor":[70,60,60,59,59,59,46,67,67,62,62,62,54,54,70,39,70,61,44,30,30,30,25,46,33,33,17,38,38,36,12,33,21,70,38,38,20,37,40,61,47,26,26,26,14,14,14,60,60],"items_purged":["Regret","Regret"],"gold":42,"play_id":"a1e51e3d-ac65-4ab1-88eb-e9a6f2a725d0","is_prod":false,"is_daily":false,"campfire_rituals":0,"campfire_upgraded":2,"is_hardmode":false,"path_taken":["M","M","?","M","M","R","E","R","T","M","?","?","M","M","R","BOSS","M","M","M","?","?","M","R","?","T","?","R","$","M","M","R","BOSS","M","$","M","?","?","R","M","E","T","$","M","?","M","?","R","BOSS"],"build_version":"2018-01-18-PROD2","purchased_purges":2,"victory":false,"master_deck":["Defend_G","Defend_G","Defend_G","Defend_G","Defend_G","Strike_G","Strike_G","Strike_G","Strike_G","Strike_G","Survivor","Neutralize","Bouncing Flask","Noxious Fumes","Well Laid Plans","Blur","Dodge and Roll","Crippling Poison","Poisoned Stab","Deadly Poison","Outmaneuver","Adrenaline","Flying Knee","Distraction","Dagger Throw","Adrenaline","Prepared","Deadly Poison","Masterful Stab","Footwork","Noxious Fumes","Backflip","Poisoned Stab","Prepared","Prepared","Choke","Adrenaline","Flying Knee","Bandage Up","Prepared","Writhe","Dagger Throw","Choke","Prepared","Quick Slash","Regret","Adrenaline"],"max_hp_per_floor":[70,70,70,70,70,70,70,70,70,70,70,70,70,70,70,70,70,70,70,70,70,70,70,70,70,70,70,70,70,70,70,70,70,70,70,70,70,70,70,70,70,70,70,70,70,70,70,60,60],"relics":["Ring of the Snake","Tingsha","Omamori","Dream Catcher","Cursed Key","Gremlin Horn","Paper Crane","Necronomicon","Lizard Tail","Ginger","Vajra","Torii"],"campfire_meditates":0,"card_choices":[{"not_picked":["Caltrops","PiercingWail"],"picked":"Bouncing Flask"},{"not_picked":["Leg Sweep","Flechettes"],"picked":"Noxious Fumes"},{"not_picked":["Prepared","Backflip"],"picked":"Well Laid Plans"},{"not_picked":["Bullet Time","Masterful Stab"],"picked":"Blur"},{"not_picked":["Dagger Spray","Blade Dance"],"picked":"Dodge and Roll"},{"not_picked":["Dash","Flechettes"],"picked":"Poisoned Stab"},{"not_picked":["Deflect","Skewer"],"picked":"Deadly Poison"},{"not_picked":["Dagger Spray","Riddle With Holes"],"picked":"Outmaneuver"},{"not_picked":["Tools of the Trade","Glass Knife"],"picked":"Adrenaline"},{"not_picked":["Acrobatics","Poisoned Stab"],"picked":"Flying Knee"},{"not_picked":["Poisoned Stab","Flying Knee"],"picked":"Distraction"},{"not_picked":["Dagger Spray","Dodge and Roll"],"picked":"Dagger Throw"},{"not_picked":["Slice","Dagger Spray"],"picked":"Prepared"},{"not_picked":["Outmaneuver","Acrobatics"],"picked":"Deadly Poison"},{"not_picked":["Slice","Deadly Poison"],"picked":"Masterful Stab"},{"not_picked":["Venomology","Predator"],"picked":"Footwork"},{"not_picked":["Endless Agony","Slice"],"picked":"Prepared"},{"not_picked":["Backstab","Eviscerate"],"picked":"Prepared"},{"not_picked":["Quick Slash","Backstab"],"picked":"Choke"},{"not_picked":["After Image","Venomology"],"picked":"Adrenaline"},{"not_picked":["Deflect","Predator"],"picked":"Flying Knee"},{"not_picked":["Backflip","Dagger Spray"],"picked":"Prepared"},{"not_picked":["Heel Hook","Dagger Spray"],"picked":"Dagger Throw"},{"not_picked":["Quick Slash","Dodge and Roll"],"picked":"Choke"},{"not_picked":["Venomology","Backflip"],"picked":"Prepared"},{"not_picked":["Dagger Spray","Poisoned Stab"],"picked":"Quick Slash"},{"not_picked":["Calculated Gamble","Well Laid Plans"],"picked":"Adrenaline"}],"player_experience":35149,"potions_floor_usage":[50,50,50],"damage_taken":[{"damage":0.0,"enemies":"2 Louse","floor":1.0,"turns":4.0},{"damage":10.0,"enemies":"Cultist","floor":2.0,"turns":4.0},{"damage":1.0,"enemies":"Small Slimes","floor":4.0,"turns":3.0},{"damage":0.0,"enemies":"Red Slaver","floor":5.0,"turns":5.0},{"damage":13.0,"enemies":"Lagavulin","floor":7.0,"turns":6.0},{"damage":5.0,"enemies":"Large Slime","floor":10.0,"turns":6.0},{"damage":8.0,"enemies":"3 Louse","floor":13.0,"turns":3.0},{"damage":0.0,"enemies":"Lots of Slimes","floor":14.0,"turns":1.0},{"damage":31.0,"enemies":"The Guardian","floor":16.0,"turns":9.0},{"damage":9.0,"enemies":"3 Byrds","floor":18.0,"turns":4.0},{"damage":17.0,"enemies":"2 Thieves","floor":19.0,"turns":5.0},{"damage":14.0,"enemies":"Snecko","floor":20.0,"turns":5.0},{"damage":5.0,"enemies":"Chosen and Byrds","floor":23.0,"turns":6.0},{"damage":13.0,"enemies":"Sentry and Sphere","floor":25.0,"turns":4.0},{"damage":2.0,"enemies":"Snecko","floor":30.0,"turns":4.0},{"damage":27.0,"enemies":"Snake Plant","floor":31.0,"turns":4.0},{"damage":12.0,"enemies":"Automaton","floor":33.0,"turns":8.0},{"damage":32.0,"enemies":"3 Darklings","floor":35.0,"turns":5.0},{"damage":22.0,"enemies":"3 Shapes","floor":37.0,"turns":5.0},{"damage":1.0,"enemies":"3 Darklings","floor":39.0,"turns":5.0},{"damage":18.0,"enemies":"4 Shapes","floor":41.0,"turns":6.0},{"damage":25.0,"enemies":"Nemesis","floor":42.0,"turns":7.0},{"damage":16.0,"enemies":"Maw","floor":45.0,"turns":5.0},{"damage":0.0,"enemies":"Sphere and 2 Shapes","floor":47.0,"turns":2.0},{"damage":99,"enemies":"Donu and Deca","floor":50,"turns":11}],"event_choices":[{"event_name":"Liars Game","player_choice":"disagreed","floor":3.0,"damage_taken":0.0},{"event_name":"Upgrade Shrine","player_choice":"Upgraded","floor":12.0,"damage_taken":0.0},{"event_name":"The Library","player_choice":"Read","floor":21.0,"damage_taken":0.0},{"event_name":"Addict","player_choice":"Obtained Relic","floor":22.0,"damage_taken":0.0},{"event_name":"Cursed Tome","player_choice":"Obtained Book","floor":27.0,"damage_taken":0.0},{"event_name":"Winding Halls","player_choice":"Writhe","floor":38.0,"damage_taken":0.0},{"event_name":"The Moai Head","player_choice":"Heal","floor":48.0,"damage_taken":0.0}],"boss_relics":[],"potions_floor_spawned":[1,4,5,10,16,18,20,33,35,41,47],"seed_played":"-6681774639205408808","killed_by":"Donu and Deca","is_trial":false}