{"path_per_floor":["M","M","M","M","?","R","?","?","T","R","M","$","?","M","R","B",null,"M","$","?","M","M","R","M","$","T","R","M","?","M","M","R","B",null,"M","?","?","?","M","M","M","R","T","M","M"],"character_chosen":"THE_SILENT","items_purchased":["Ancient Tea Set","Swift Potion"],"gold_per_floor":[112,126,141,158,158,158,158,158,158,158,172,122,144,160,160,262,262,272,222,222,239,254,254,271,23,46,46,58,58,72,85,85,185,185,196,0,0,0,13,31,41,41,41,60,77],"floor_reached":46,"campfire_rested":3,"playtime":5811,"current_hp_per_floor":[69,69,69,64,64,64,61,61,61,61,61,61,48,46,67,24,70,70,70,80,80,70,70,69,69,69,69,42,42,38,32,56,38,80,62,62,62,62,62,43,36,66,66,44,14],"items_purged":["Strike_G","Strike_G","Defend_G"],"gold":77,"score":368,"play_id":"8efbef23-77a0-4cbb-baaf-0311471337d0","is_prod":false,"is_daily":false,"is_ascension_mode":false,"campfire_upgraded":4,"path_taken":["M","?","M","M","?","R","?","?","T","R","?","$","?","M","R","BOSS","M","$","?","M","M","R","M","$","T","R","M","?","M","?","R","BOSS","M","?","?","?","M","?","M","R","T","M","M","M"],"build_version":"2018-02-15-PROD1","purchased_purges":3,"victory":false,"master_deck":["Defend_G","Strike_G","Strike_G","Survivor","Neutralize+1","Blade Dance+1","Well Laid Plans","Choke+1","Adrenaline+1","Finisher","Burst","Adrenaline","Distraction+1","Decay","Prepared","Slice+1","Clumsy","Escape Plan+1"],"max_hp_per_floor":[70,70,70,70,70,70,70,70,70,70,70,70,70,70,70,70,70,70,70,80,80,80,80,80,80,80,80,80,80,80,80,80,80,80,80,80,80,80,80,80,80,80,80,80,80],"relics":["Ring of the Snake","Smiling Mask","Dodecahedron","Odd Mushroom","Cursed Key","Pear","Ancient Tea Set","Snake Skull","Eternal Feather","Red Mask","Shovel"],"card_choices":[{"not_picked":["Bane","Sucker Punch"],"picked":"Blade Dance"},{"not_picked":["Expertise","Masterful Stab"],"picked":"Well Laid Plans"},{"not_picked":["Catalyst","Heel Hook"],"picked":"Choke"},{"not_picked":["Dagger Throw","Outmaneuver"],"picked":"Adrenaline"},{"not_picked":["Catalyst","Terror"],"picked":"Finisher"},{"not_picked":["Die Die Die","Corpse Explosion"],"picked":"Burst"},{"not_picked":["Unload","Tools of the Trade"],"picked":"Adrenaline"},{"not_picked":["Dash","Flying Knee"],"picked":"Distraction"},{"not_picked":["PiercingWail","Acrobatics"],"picked":"Prepared"},{"not_picked":["Poisoned Stab","Bane"],"picked":"Slice"},{"not_picked":["Backflip","Choke"],"picked":"Escape Plan"}],"player_experience":188102,"potions_floor_usage":[44,45,46],"damage_taken":[{"damage":1.0,"enemies":"Cultist","floor":1.0,"turns":3.0},{"damage":0.0,"enemies":"Jaw Worm","floor":2.0,"turns":5.0},{"damage":0.0,"enemies":"Small Slimes","floor":3.0,"turns":3.0},{"damage":5.0,"enemies":"3 Louse","floor":4.0,"turns":3.0},{"damage":0.0,"enemies":"Large Slime","floor":11.0,"turns":3.0},{"damage":13.0,"enemies":"The Mushroom Lair","floor":13.0,"turns":5.0},{"damage":2.0,"enemies":"Looter","floor":14.0,"turns":2.0},{"damage":43.0,"enemies":"Hexaghost","floor":16.0,"turns":9.0},{"damage":0.0,"enemies":"3 Byrds","floor":18.0,"turns":4.0},{"damage":0.0,"enemies":"Spheric Guardian","floor":21.0,"turns":2.0},{"damage":10.0,"enemies":"Cultist and Chosen","floor":22.0,"turns":4.0},{"damage":1.0,"enemies":"3 Cultists","floor":24.0,"turns":4.0},{"damage":27.0,"enemies":"Snake Plant","floor":28.0,"turns":5.0},{"damage":4.0,"enemies":"Slaver and Parasite","floor":30.0,"turns":4.0},{"damage":6.0,"enemies":"3 Cultists","floor":31.0,"turns":3.0},{"damage":48.0,"enemies":"Collector","floor":33.0,"turns":12.0},{"damage":18.0,"enemies":"3 Shapes","floor":35.0,"turns":2.0},{"damage":0.0,"enemies":"Orb Walker","floor":39.0,"turns":2.0},{"damage":19.0,"enemies":"4 Shapes","floor":40.0,"turns":4.0},{"damage":7,"enemies":"Sphere and 2 Shapes","floor":41,"turns":3},{"damage":22,"enemies":"3 Darklings","floor":44,"turns":3},{"damage":33,"enemies":"Maw","floor":45,"turns":6},{"damage":18,"enemies":"4 Shapes","floor":46,"turns":3}],"event_choices":[{"event_name":"Purifier","player_choice":"One Purge","floor":5.0,"damage_taken":0.0},{"event_name":"Scrap Ooze","player_choice":"success","floor":7.0,"damage_taken":3.0},{"event_name":"Living Wall","player_choice":"Forget","floor":8.0,"damage_taken":0.0},{"event_name":"Mushrooms","player_choice":"Fought Mushrooms","floor":13.0,"damage_taken":0.0},{"event_name":"The Mausoleum","player_choice":"Yes","floor":20.0,"damage_taken":0.0},{"event_name":"Purifier","player_choice":"One Purge","floor":29.0,"damage_taken":0.0},{"event_name":"Tomb of Lord Red Mask","player_choice":"Paid","floor":36.0,"damage_taken":0.0},{"event_name":"Wheel of Change","player_choice":"Curse","floor":37.0,"damage_taken":0.0}],"boss_relics":[],"potions_floor_spawned":[2,3,14,16,18,22,24,30,33,39,41,45],"seed_played":"6748582209588823355","killed_by":"4 Shapes","ascension_level":0,"is_trial":false}