{"path_per_floor":["M","M","?","?","$","R","$","R","T","R","E","M","M","M","R","B",null,"M","M","?","?","M","$","?","?","T","R"],"character_chosen":"THE_SILENT","items_purchased":["Prepared","Bandage Up","Prepared","Bane","Adrenaline","Regen Potion"],"gold_per_floor":[112,123,123,198,79,79,6,6,31,31,65,85,97,117,117,222,252,264,281,206,206,220,23,23,23,98,98],"floor_reached":28,"campfire_rested":2,"playtime":2226,"current_hp_per_floor":[69,69,62,51,51,51,51,51,58,77,62,65,69,75,75,46,82,61,65,65,65,10,10,10,1,1,19],"items_purged":[],"gold":98,"score":242,"play_id":"a474544e-50c7-4bc8-b857-8bf7c0709806","is_prod":false,"is_daily":false,"is_ascension_mode":false,"campfire_upgraded":3,"path_taken":["M","M","?","?","?","R","$","R","T","R","E","M","M","M","R","BOSS","M","M","?","?","M","$","?","?","T","R","E"],"build_version":"2018-02-12-PROD1","purchased_purges":0,"victory":false,"master_deck":["Defend_G","Defend_G","Defend_G","Defend_G","Defend_G","Survivor","Neutralize+1","Eviscerate","Poisoned Stab","Prepared","Bandage Up+1","Prepared","Bane","Dagger Throw","Bouncing Flask","Dash","Outmaneuver+1","Envenom","Terror","Calculated Gamble","Poisoned Stab","Distraction","Adrenaline","Bite","Bite","Bite","Bite","Bite"],"max_hp_per_floor":[70,70,70,70,70,70,70,70,77,77,77,77,77,77,77,77,82,82,82,82,82,82,82,57,62,62,62],"relics":["Ring of the Snake","Omamori","Strawberry","Juzu Bracelet","Tiny House","Bottled Flame"],"card_choices":[{"not_picked":["Caltrops","Deflect"],"picked":"Eviscerate"},{"not_picked":["Bane","Deadly Poison"],"picked":"Poisoned Stab"},{"not_picked":["Dagger Spray","Backflip"],"picked":"Dagger Throw"},{"not_picked":["Caltrops","Backflip"],"picked":"Bouncing Flask"},{"not_picked":["Bouncing Flask","Slice"],"picked":"Dash"},{"not_picked":["Flying Knee","Backflip"],"picked":"Outmaneuver"},{"not_picked":["Doppelganger","Corpse Explosion"],"picked":"Envenom"},{"not_picked":["Flying Knee","Slice"],"picked":"Terror"},{"not_picked":["Prepared","Backflip"],"picked":"Calculated Gamble"},{"not_picked":["Bane","Slice"],"picked":"Poisoned Stab"},{"not_picked":["Caltrops","Deflect"],"picked":"Distraction"}],"player_experience":174588,"potions_floor_usage":[16,16,18,22,28],"damage_taken":[{"damage":1,"enemies":"Cultist","floor":1,"turns":4},{"damage":0,"enemies":"2 Louse","floor":2,"turns":4},{"damage":21,"enemies":"Lagavulin","floor":11,"turns":8},{"damage":3,"enemies":"Jaw Worm","floor":12,"turns":3},{"damage":2,"enemies":"Looter","floor":13,"turns":3},{"damage":0,"enemies":"Exordium Wildlife","floor":14,"turns":3},{"damage":35,"enemies":"Slime Boss","floor":16,"turns":15},{"damage":27,"enemies":"2 Thieves","floor":18,"turns":5},{"damage":2,"enemies":"Chosen","floor":19,"turns":7},{"damage":61,"enemies":"3 Cultists","floor":22,"turns":7},{"damage":0,"enemies":"Slavers","floor":28,"turns":1}],"event_choices":[{"event_name":"Golden Wing","player_choice":"Card Removal","floor":3,"damage_taken":0},{"event_name":"World of Goop","player_choice":"Gather Gold","floor":4,"damage_taken":0},{"event_name":"Beggar","player_choice":"Gave Gold","floor":20,"damage_taken":0},{"event_name":"Drug Dealer","player_choice":"Ignored","floor":21,"damage_taken":0},{"event_name":"Vampires","player_choice":"Became a vampire","floor":24,"damage_taken":0},{"event_name":"Forgotten Altar","player_choice":"Shed Blood","floor":25,"damage_taken":0}],"boss_relics":[{"not_picked":["Eternal Feather","White Beast Statue"],"picked":"Tiny House"}],"potions_floor_spawned":[1,12,16,19,22],"seed_played":"-6961005641127419668","killed_by":"Slavers","ascension_level":0,"is_trial":false}