{"path_per_floor":["M","M","$","?","M","R","?","R","T","R","?","M","M","M","R","B",null,"M","?","T","?","M","R","M","R","T","R","M","M","?","M","R","B",null,"M","M","$","?","?","R","$","R","T","M","M","R","M","M","R","B"],"character_chosen":"THE_SILENT","items_purchased":["Bronze Scales","Noxious Fumes","Noxious Fumes"],"gold_per_floor":[19,37,37,37,48,48,48,48,75,75,75,100,114,139,139,267,267,292,292,292,217,228,228,248,248,328,328,341,359,359,376,376,471,501,511,530,233,233,233,233,58,58,58,76,86,86,105,116,116,116],"floor_reached":51,"campfire_rested":2,"playtime":6097,"current_hp_per_floor":[67,58,58,58,57,70,53,53,53,53,58,59,61,63,75,36,75,75,75,75,75,58,58,57,57,62,62,38,53,53,68,68,68,80,58,63,63,63,53,53,53,53,53,71,80,80,80,80,80,79],"items_purged":["Strike_G","Madness"],"gold":116,"score":441,"play_id":"42336e72-2be6-4d0d-9fac-f5129e898619","is_prod":false,"is_daily":false,"is_ascension_mode":false,"campfire_upgraded":10,"path_taken":["M","M","$","?","M","R","?","R","T","R","?","?","M","M","R","BOSS","M","?","?","?","?","R","M","R","T","R","M","M","?","M","R","BOSS","M","M","$","?","?","R","?","R","T","M","M","R","?","M","R","BOSS"],"build_version":"2018-02-22-PROD2","purchased_purges":3,"victory":true,"master_deck":["Defend_G+1","Defend_G+1","Defend_G+1","Defend_G+1","Defend_G+1","Strike_G+1","Strike_G+1","Strike_G+1","Survivor+1","Neutralize+1","Caltrops+1","Blur+1","After Image","Envenom+1","Caltrops+1","Blur+1","Footwork+1","Burst+1","Dash+1","Blur","Noxious Fumes+1","Madness","Noxious Fumes+1"],"max_hp_per_floor":[70,70,70,70,70,70,70,70,70,70,75,75,75,75,75,75,75,75,75,75,75,75,75,75,75,75,75,75,75,75,75,75,75,80,80,80,80,80,80,80,80,80,80,80,80,80,80,80,80,80],"relics":["Ring of the Snake","Bird Faced Urn","Bloody Idol","Prayer Wheel","Sozu","Molten Egg 2","Pantograph","Tiny House","Bronze Scales","Toxic Egg 2"],"card_choices":[{"not_picked":["Dagger Throw","Flechettes"],"picked":"Caltrops"},{"not_picked":["Sucker Punch","Finisher"],"picked":"Blur"},{"not_picked":["Choke","Eviscerate"],"picked":"After Image"},{"not_picked":["Glass Knife","Bullet Time"],"picked":"Envenom"},{"not_picked":["Slice","Flying Knee"],"picked":"Caltrops"},{"not_picked":["Backflip","Flechettes"],"picked":"Blur"},{"not_picked":["Predator","Flying Knee"],"picked":"Footwork"},{"not_picked":["Phantasmal Killer","Die Die Die"],"picked":"Burst"},{"not_picked":["Quick Slash","Underhanded Strike"],"picked":"Dash"},{"not_picked":["Bane","Infinite Blades"],"picked":"Blur"}],"player_experience":193913,"potions_floor_usage":[],"damage_taken":[{"damage":3.0,"enemies":"Jaw Worm","floor":1.0,"turns":4.0},{"damage":9.0,"enemies":"2 Louse","floor":2.0,"turns":3.0},{"damage":1.0,"enemies":"Cultist","floor":5.0,"turns":4.0},{"damage":1.0,"enemies":"3 Louse","floor":12.0,"turns":4.0},{"damage":0.0,"enemies":"Looter","floor":13.0,"turns":4.0},{"damage":2.0,"enemies":"2 Fungi Beasts","floor":14.0,"turns":5.0},{"damage":39.0,"enemies":"The Guardian","floor":16.0,"turns":18.0},{"damage":0.0,"enemies":"Shell Parasite","floor":18.0,"turns":9.0},{"damage":22.0,"enemies":"Chosen","floor":22.0,"turns":9.0},{"damage":14.0,"enemies":"3 Cultists","floor":24.0,"turns":7.0},{"damage":37.0,"enemies":"Chosen and Byrds","floor":28.0,"turns":9.0},{"damage":0.0,"enemies":"Snake Plant","floor":29.0,"turns":5.0},{"damage":0,"enemies":"Snecko","floor":31,"turns":7},{"damage":12,"enemies":"Collector","floor":33,"turns":22},{"damage":27,"enemies":"Orb Walker","floor":35,"turns":5},{"damage":10,"enemies":"3 Darklings","floor":36,"turns":6},{"damage":1,"enemies":"Sphere and 2 Shapes","floor":44,"turns":6},{"damage":0,"enemies":"Maw","floor":45,"turns":8},{"damage":15,"enemies":"4 Shapes","floor":47,"turns":7},{"damage":7,"enemies":"Sphere and 2 Shapes","floor":48,"turns":6},{"damage":7,"enemies":"Time Eater","floor":50,"turns":13}],"event_choices":[{"event_name":"Liars Game","player_choice":"disagreed","floor":4.0,"damage_taken":0.0},{"event_name":"Golden Idol","player_choice":"Take Damage","floor":7.0,"damage_taken":0.0},{"event_name":"Big Fish","player_choice":"Donut","floor":11.0,"damage_taken":0.0},{"event_name":"Forgotten Altar","player_choice":"Gave Idol","floor":19.0,"damage_taken":0.0},{"event_name":"Beggar","player_choice":"Gave Gold","floor":21.0,"damage_taken":0.0},{"event_name":"Back to Basics","player_choice":"Simplicity","floor":30,"damage_taken":0},{"event_name":"The Woman in Blue","player_choice":"Bought 0 Potions","floor":38,"damage_taken":0},{"event_name":"Winding Halls","player_choice":"Embrace Madness","floor":39,"damage_taken":0}],"boss_relics":[{"not_picked":["Snecko Eye","White Beast Statue"],"picked":"Tiny House"}],"potions_floor_spawned":[1,12,29,31,35,44],"seed_played":"-3273897931099414060","ascension_level":0,"is_trial":false}