{"path_per_floor":["M","?","?","M","?","E","R","M","T","?","R","M","$","M","R","B",null,"M","M","?","M","$","R","M","M","T","?","R","M","R"],"character_chosen":"THE_SILENT","items_purchased":["Thread and Needle","Matryoshka","Malaise"],"gold_per_floor":[119,294,294,307,307,338,338,349,376,626,626,638,28,46,46,142,142,156,138,138,156,75,75,85,98,149,64,64,76,76],"floor_reached":31,"campfire_rested":2,"playtime":1845,"current_hp_per_floor":[70,70,70,66,59,59,59,58,58,58,58,50,50,50,50,20,70,70,70,70,70,70,70,55,3,13,13,37,1,25],"items_purged":["Regret"],"gold":76,"score":262,"play_id":"7fd73451-bf46-4c98-a6b8-7391941c27f2","local_time":"20180313020730","is_prod":false,"is_daily":false,"is_ascension_mode":false,"campfire_upgraded":4,"timestamp":1520921250,"path_taken":["M","?","?","M","?","E","R","?","T","?","R","?","$","M","R","BOSS","M","M","?","?","$","R","?","M","T","?","R","M","R","M"],"build_version":"2018-03-09","purchased_purges":1,"victory":false,"master_deck":["Defend_G","Defend_G","Defend_G","Defend_G","Defend_G","Strike_G+1","Strike_G+1","Strike_G","Strike_G","Strike_G","Survivor+1","Neutralize+1","Malaise+1","Doubt","Prepared","Acrobatics","Tactician","Backstab+1","Caltrops","Malaise+1","Setup","Underhanded Strike","Parasite","Dodge and Roll+1"],"max_hp_per_floor":[70,70,70,70,70,70,70,70,70,70,70,70,70,70,70,70,70,70,70,70,70,70,70,70,70,80,80,80,80,80],"relics":["Ring of the Snake","NeowsBlessing","Ancient Tea Set","Whetstone","Bag of Preparation","Thread and Needle","Matryoshka","Cursed Key","Omamori","Pear","Bronze Scales"],"card_choices":[{"not_picked":["Cloak And Dagger","Deadly Poison"],"picked":"Malaise"},{"not_picked":["PiercingWail","Flying Knee"],"picked":"Prepared"},{"not_picked":["Dagger Spray","Terror"],"picked":"Acrobatics"},{"not_picked":["Doppelganger","Venomology"],"picked":"Tactician"},{"not_picked":["Deflect","Blade Dance"],"picked":"Backstab"},{"not_picked":["Flying Knee","Endless Agony"],"picked":"Caltrops"},{"not_picked":["Dagger Throw","Caltrops"],"picked":"Setup"},{"not_picked":["Sucker Punch","Prepared"],"picked":"Underhanded Strike"},{"not_picked":["Dash","Finisher"],"picked":"Dodge and Roll"}],"player_experience":232668,"potions_floor_usage":[29],"damage_taken":[{"damage":0.0,"enemies":"Cultist","floor":1.0,"turns":1.0},{"damage":4.0,"enemies":"2 Louse","floor":4.0,"turns":2.0},{"damage":0.0,"enemies":"Gremlin Nob","floor":6.0,"turns":1.0},{"damage":1.0,"enemies":"Small Slimes","floor":8.0,"turns":5.0},{"damage":8.0,"enemies":"2 Fungi Beasts","floor":12.0,"turns":6.0},{"damage":0.0,"enemies":"Large Slime","floor":14.0,"turns":7.0},{"damage":30.0,"enemies":"The Guardian","floor":16.0,"turns":23.0},{"damage":0.0,"enemies":"3 Byrds","floor":18.0,"turns":8.0},{"damage":0.0,"enemies":"2 Thieves","floor":19.0,"turns":4.0},{"damage":0.0,"enemies":"Snake Plant","floor":21.0,"turns":10.0},{"damage":15.0,"enemies":"Slaver and Parasite","floor":24.0,"turns":12.0},{"damage":52.0,"enemies":"Cultist and Chosen","floor":25.0,"turns":15.0},{"damage":36,"enemies":"Chosen and Byrds","floor":29,"turns":10},{"damage":26,"enemies":"Sentry and Sphere","floor":31,"turns":8}],"event_choices":[{"event_name":"Liars Game","player_choice":"agreed","floor":2.0,"damage_taken":0.0},{"event_name":"Big Fish","player_choice":"Box","floor":3.0,"damage_taken":0.0},{"event_name":"Golden Wing","player_choice":"Card Removal","floor":5.0,"damage_taken":0.0},{"event_name":"Golden Shrine","player_choice":"Desecrate","floor":10.0,"damage_taken":0.0},{"event_name":"The Lab","player_choice":"Got Potions","floor":20.0,"damage_taken":0.0},{"event_name":"Addict","player_choice":"Obtained Relic","floor":27.0,"damage_taken":0.0}],"boss_relics":[],"potions_floor_spawned":[1,6,8,21,24],"seed_played":"6620262024618192688","killed_by":"Sentry and Sphere","ascension_level":0,"is_trial":false}