{"path_per_floor":["M","$","?","?","M","?","?","M","T","E","T","R","M","E","R","B",null,"M","M","?","?","M","R","M","?","T","R","$","M","?","?","R","B",null,"M","?","?","?","M","M","R","?","T","M","?","M","R","M","R","B"],"character_chosen":"THE_SILENT","items_purchased":["Caltrops","Noxious Fumes","Bandage Up","Malaise","Matryoshka"],"gold_per_floor":[119,43,43,218,231,231,231,244,269,298,345,345,360,389,389,494,494,505,519,519,519,534,534,547,547,547,547,22,39,39,39,39,134,134,151,151,0,0,15,27,27,27,54,70,70,86,86,99,99,99],"floor_reached":51,"campfire_rested":5,"playtime":5097,"current_hp_per_floor":[68,68,54,54,54,47,47,47,47,19,26,49,45,41,77,46,77,33,33,17,17,10,48,47,47,47,77,77,74,74,53,53,8,53,28,28,28,28,7,26,53,46,46,32,32,40,40,53,53,39],"items_purged":["Clumsy"],"gold":99,"score":656,"play_id":"d39d00dc-5713-418b-9a54-d9a435faa7b8","local_time":"20180309181407","is_prod":false,"is_daily":false,"is_ascension_mode":false,"campfire_upgraded":3,"timestamp":1520637247,"path_taken":["M","$","?","?","?","?","?","?","T","E","?","R","M","E","R","BOSS","M","M","?","?","M","R","M","?","T","R","$","M","?","?","R","BOSS","M","?","?","?","M","M","R","?","T","M","?","M","R","M","R","BOSS"],"build_version":"2018-03-09","purchased_purges":1,"victory":true,"master_deck":["Defend_G+1","Defend_G","Defend_G+1","Defend_G","Defend_G+1","Survivor+1","Neutralize+1","Caltrops+1","Dash","Caltrops+1","Burst","PiercingWail+1","Escape Plan","Noxious Fumes+1","Bandage Up","Malaise","Bite","Bite","Bite","Bite","Bite+1","Malaise+1","Escape Plan","Madness","Writhe","Caltrops"],"max_hp_per_floor":[70,70,70,70,70,70,70,70,70,70,77,77,77,77,77,77,77,77,77,77,77,77,77,77,77,77,77,77,77,77,53,53,53,53,53,53,53,53,53,53,53,53,53,53,53,53,53,53,53,53],"relics":["Ring of the Snake","Dream Catcher","Juzu Bracelet","Ornamental Fan","Strawberry","Regal Pillow","Cursed Key","Nilry\u0027s Codex","War Paint","Matryoshka","Sozu","Red Mask","Whetstone","Bag of Marbles"],"card_choices":[{"not_picked":["Dodge and Roll","Dagger Throw"],"picked":"Dash"},{"not_picked":["Dagger Throw","Heel Hook"],"picked":"Caltrops"},{"not_picked":["Die Die Die","A Thousand Cuts"],"picked":"Burst"},{"not_picked":["Outmaneuver","Sucker Punch"],"picked":"PiercingWail"},{"not_picked":["Quick Slash","Crippling Poison"],"picked":"Escape Plan"},{"not_picked":["Outmaneuver","Slice"],"picked":"Malaise"},{"not_picked":["Backflip","Crippling Poison"],"picked":"Escape Plan"},{"not_picked":["Outmaneuver","Crippling Poison"],"picked":"Caltrops"}],"player_experience":216006,"potions_floor_usage":[16,22,24,24,24,33,50],"damage_taken":[{"damage":2,"enemies":"2 Louse","floor":1,"turns":3},{"damage":0,"enemies":"Small Slimes","floor":5,"turns":4},{"damage":0,"enemies":"Jaw Worm","floor":8,"turns":5},{"damage":28,"enemies":"3 Sentries","floor":10,"turns":10},{"damage":4,"enemies":"Red Slaver","floor":13,"turns":4},{"damage":4,"enemies":"Gremlin Nob","floor":14,"turns":5},{"damage":31,"enemies":"Hexaghost","floor":16,"turns":11},{"damage":44,"enemies":"Chosen","floor":18,"turns":10},{"damage":0,"enemies":"Shell Parasite","floor":19,"turns":8},{"damage":7,"enemies":"3 Cultists","floor":22,"turns":5},{"damage":1,"enemies":"Snecko","floor":24,"turns":7},{"damage":3,"enemies":"Slaver and Parasite","floor":29,"turns":6},{"damage":71,"enemies":"Champ","floor":33,"turns":18},{"damage":38,"enemies":"3 Shapes","floor":35,"turns":5},{"damage":37,"enemies":"3 Darklings","floor":39,"turns":6},{"damage":13,"enemies":"Maw","floor":40,"turns":13},{"damage":21,"enemies":"Sphere and 2 Shapes","floor":44,"turns":6},{"damage":15,"enemies":"4 Shapes","floor":46,"turns":9},{"damage":8,"enemies":"Maw","floor":48,"turns":11},{"damage":32,"enemies":"Time Eater","floor":50,"turns":17}],"event_choices":[{"event_name":"Shining Light","player_choice":"Entered Light","floor":3,"damage_taken":0},{"event_name":"Liars Game","player_choice":"agreed","floor":4,"damage_taken":0},{"event_name":"Golden Wing","player_choice":"Card Removal","floor":6,"damage_taken":0},{"event_name":"Match and Keep!","player_choice":"0 cards matched","floor":7,"damage_taken":0},{"event_name":"Cursed Tome","player_choice":"Obtained Book","floor":20,"damage_taken":0},{"event_name":"The Lab","player_choice":"Got Potions","floor":21,"damage_taken":0},{"event_name":"The Woman in Blue","player_choice":"Bought 0 Potions","floor":25,"damage_taken":0},{"event_name":"Beggar","player_choice":"Ignored","floor":30,"damage_taken":0},{"event_name":"Vampires","player_choice":"Became a vampire","floor":31,"damage_taken":0},{"event_name":"Match and Keep!","player_choice":"0 cards matched","floor":36,"damage_taken":0},{"event_name":"Tomb of Lord Red Mask","player_choice":"Paid","floor":37,"damage_taken":0},{"event_name":"Mysterious Sphere","player_choice":"Ignore","floor":38,"damage_taken":0},{"event_name":"Winding Halls","player_choice":"Embrace Madness","floor":42,"damage_taken":0}],"boss_relics":[{"not_picked":["Runic Dome","Astrolabe"],"picked":"Cursed Key"},{"not_picked":["Runic Pyramid","Eternal Feather"],"picked":"Sozu"}],"potions_floor_spawned":[1,8,14,18,19,22,44,46],"seed_played":"6182857104222748444","ascension_level":0,"is_trial":false}