{"path_per_floor":["M","?","$","M","$","R","M","?","T","M","M","T","$","M","R","B",null,"M","M","?","M","M","R","M","M","T","M","M","$","R","?","R","B",null,"M","?","?","M","M","R"],"character_chosen":"THE_SILENT","items_purchased":["Caltrops","Blur","Anchor","Dexterity Potion"],"gold_per_floor":[114,189,114,127,52,52,66,66,66,79,94,94,22,36,36,139,139,159,177,177,192,209,209,220,238,261,272,283,80,80,80,80,185,185,199,199,199,215,233,233],"floor_reached":41,"campfire_rested":4,"playtime":4311,"current_hp_per_floor":[58,47,47,45,45,45,45,45,45,45,42,42,42,42,42,7,63,44,39,39,34,25,43,27,27,27,26,26,26,44,44,62,22,63,39,39,31,32,13,33],"items_purged":["Strike_G"],"gold":233,"score":356,"play_id":"bcb73813-385b-427e-b9b7-7f96607e6a6f","local_time":"20180308112635","is_prod":false,"is_daily":false,"is_ascension_mode":true,"campfire_upgraded":2,"timestamp":1520526395,"path_taken":["M","?","?","M","$","R","M","?","T","M","?","?","?","M","R","BOSS","M","M","?","M","M","R","M","?","T","M","M","$","R","?","R","BOSS","M","?","?","?","M","R","M"],"build_version":"2018-03-01-PROD1","purchased_purges":3,"victory":false,"master_deck":["Defend_G+1","Defend_G+1","Defend_G+1","Defend_G+1","Defend_G+1","Strike_G+1","Survivor+1","Neutralize+1","Dash","Caltrops+1","PiercingWail+1","Blur","Footwork+1","Venomology","Flechettes+1","Blur+1","Backstab+1","Blur","A Thousand Cuts","Normality","Pain","Clumsy","Madness","Madness","Footwork"],"max_hp_per_floor":[63,63,63,63,63,63,63,63,63,63,63,63,63,63,63,63,63,63,63,63,63,63,63,63,63,63,63,63,63,63,63,63,63,63,65,65,65,67,67,67],"relics":["Ring of the Snake","Unceasing Top","Girya","Lizard Tail","Bag of Marbles","Anchor","Calling Bell","War Paint","Singing Bowl","Bag of Preparation"],"card_choices":[{"not_picked":["Accuracy","Deadly Poison"],"picked":"Dash"},{"not_picked":["Dagger Spray","Underhanded Strike"],"picked":"PiercingWail"},{"not_picked":["Deadly Poison","Dodge and Roll"],"picked":"Footwork"},{"not_picked":["Night Terror","Die Die Die"],"picked":"Venomology"},{"not_picked":["Backstab","Heel Hook"],"picked":"Flechettes"},{"not_picked":["Cloak And Dagger","Sucker Punch"],"picked":"Blur"},{"not_picked":["Predator","PiercingWail"],"picked":"Backstab"},{"not_picked":["Dagger Spray","Outmaneuver"],"picked":"Blur"},{"not_picked":["Venomology","Doppelganger"],"picked":"A Thousand Cuts"},{"not_picked":["Sucker Punch","Expertise"],"picked":"Footwork"}],"player_experience":208699,"potions_floor_usage":[39,41,41,41],"damage_taken":[{"damage":5.0,"enemies":"2 Louse","floor":1.0,"turns":4.0},{"damage":2.0,"enemies":"Small Slimes","floor":4.0,"turns":8.0},{"damage":0.0,"enemies":"Cultist","floor":7.0,"turns":4.0},{"damage":0.0,"enemies":"Looter","floor":10.0,"turns":5.0},{"damage":3.0,"enemies":"Lots of Slimes","floor":11.0,"turns":4.0},{"damage":0.0,"enemies":"Blue Slaver","floor":14.0,"turns":4.0},{"damage":50.0,"enemies":"Slime Boss","floor":16.0,"turns":27.0},{"damage":19.0,"enemies":"Chosen","floor":18.0,"turns":11.0},{"damage":5.0,"enemies":"3 Byrds","floor":19.0,"turns":8.0},{"damage":5.0,"enemies":"Sentry and Sphere","floor":21.0,"turns":10.0},{"damage":24.0,"enemies":"Chosen and Byrds","floor":22.0,"turns":13.0},{"damage":16.0,"enemies":"Slaver and Parasite","floor":24.0,"turns":8.0},{"damage":0.0,"enemies":"Snake Plant","floor":25.0,"turns":5.0},{"damage":1.0,"enemies":"3 Cultists","floor":27.0,"turns":5.0},{"damage":0.0,"enemies":"Centurion and Healer","floor":28.0,"turns":13.0},{"damage":74.0,"enemies":"Champ","floor":33.0,"turns":32.0},{"damage":26,"enemies":"3 Darklings","floor":35,"turns":11},{"damage":1,"enemies":"3 Shapes","floor":38,"turns":13},{"damage":19,"enemies":"3 Darklings","floor":39,"turns":10},{"damage":53,"enemies":"Maw","floor":41,"turns":11}],"event_choices":[{"event_name":"World of Goop","player_choice":"Gather Gold","floor":2.0,"damage_taken":0.0},{"event_name":"Upgrade Shrine","player_choice":"Upgraded","floor":8.0,"damage_taken":0.0},{"event_name":"Back to Basics","player_choice":"Simplicity","floor":20.0,"damage_taken":0.0},{"event_name":"Drug Dealer","player_choice":"Ignored","floor":31.0,"damage_taken":0.0},{"event_name":"Winding Halls","player_choice":"Embrace Madness","floor":37,"damage_taken":0}],"boss_relics":[],"potions_floor_spawned":[4,10,16,19,25,27,35,39],"seed_played":"2681410876230173892","killed_by":"Maw","ascension_level":1,"is_trial":false}