{"path_per_floor":["M","M","$","?","M","E","M","R","T","$","R","?","R","M","R","B",null,"M","M","$","?","$","R","E"],"character_chosen":"THE_SILENT","items_purchased":["Infinite Blades","Accuracy","Escape Plan"],"gold_per_floor":[110,121,46,46,64,93,107,107,133,13,13,13,13,24,24,126,126,146,161,81,81,26,26,56,56],"floor_reached":25,"campfire_rested":0,"playtime":1008,"current_hp_per_floor":[70,67,67,53,53,52,52,52,52,52,52,52,52,45,45,35,70,61,58,58,58,58,58,23,0],"items_purged":["Strike_G","Strike_G"],"gold":56,"score":219,"play_id":"31774bb0-3882-40c7-acdd-0843cb8f8cb6","local_time":"20180416122545","is_prod":false,"is_daily":false,"chose_seed":false,"is_ascension_mode":false,"campfire_upgraded":5,"timestamp":1523906745,"path_taken":["M","M","$","?","M","E","M","R","T","$","R","?","R","M","R","BOSS","M","M","$","?","$","R","E","M"],"build_version":"2018-04-12","seed_source_timestamp":1977482800110,"purchased_purges":3,"victory":false,"master_deck":["Defend_G","Defend_G","Defend_G","Defend_G","Strike_G","Survivor+1","Neutralize+1","Quick Slash+1","Reflex+1","Prepared+1","Infinite Blades+1","Prepared+1","Infinite Blades+1","Accuracy+1","Eviscerate+1","Finisher+1","Backstab","Escape Plan","A Thousand Cuts"],"max_hp_per_floor":[70,70,70,70,70,70,70,70,70,70,70,70,70,70,70,70,70,70,70,70,70,70,70,70,70],"relics":["Astrolabe","The Courier","Blood Vial","Black Star","Vajra","Anchor"],"card_choices":[{"not_picked":["Catalyst","Predator"],"picked":"Infinite Blades","floor":1},{"not_picked":["Sucker Punch","Dash"],"picked":"Prepared","floor":7},{"not_picked":["Outmaneuver","Quick Slash"],"picked":"Eviscerate","floor":18},{"not_picked":["Dagger Throw","Flechettes"],"picked":"Finisher","floor":19},{"not_picked":["Bouncing Flask","Heel Hook"],"picked":"A Thousand Cuts","floor":24}],"player_experience":67609,"potions_floor_usage":[6,19,19],"damage_taken":[{"damage":0,"enemies":"Small Slimes","floor":1,"turns":4},{"damage":3,"enemies":"Jaw Worm","floor":2,"turns":4},{"damage":0,"enemies":"2 Louse","floor":5,"turns":3},{"damage":1,"enemies":"Lagavulin","floor":6,"turns":7},{"damage":0,"enemies":"Blue Slaver","floor":7,"turns":4},{"damage":9,"enemies":"Red Slaver","floor":14,"turns":3},{"damage":12,"enemies":"Hexaghost","floor":16,"turns":10},{"damage":9,"enemies":"Spheric Guardian","floor":18,"turns":4},{"damage":5,"enemies":"3 Byrds","floor":19,"turns":4},{"damage":37,"enemies":"Book of Stabbing","floor":24,"turns":6},{"damage":25,"enemies":"3 Cultists","floor":25,"turns":3}],"event_choices":[{"event_name":"Shining Light","player_choice":"Entered Light","floor":4,"damage_taken":0},{"event_name":"The Cleric","player_choice":"Leave","floor":12,"damage_taken":0},{"event_name":"The Library","player_choice":"Read","floor":21,"damage_taken":0}],"boss_relics":[{"not_picked":["Runic Pyramid","Lizard Tail"],"picked":"Black Star"}],"potions_floor_spawned":[1,2,14,24],"seed_played":"-3156012470964127938","killed_by":"3 Cultists","ascension_level":0,"is_trial":false}