{"path_per_floor":["M","$","M","M","?","R","M","T","T","R","E","R","M","M","R","B",null,"M","M","?","?","$","R","$","M","T"],"character_chosen":"THE_SILENT","items_purchased":["Adrenaline","Panache"],"gold_per_floor":[113,38,51,67,67,67,84,136,212,212,242,242,258,269,269,370,400,418,432,432,432,45,45,45,61,85,85],"floor_reached":27,"campfire_rested":0,"playtime":1364,"current_hp_per_floor":[70,70,61,61,61,61,60,60,60,60,34,34,34,34,34,27,75,75,64,50,50,50,50,50,3,3,0],"items_purged":["Strike_G","Regret"],"gold":85,"score":213,"play_id":"e5062161-a331-4270-a535-5edb8651be9d","local_time":"20180414144639","is_prod":false,"is_daily":false,"chose_seed":false,"is_ascension_mode":false,"campfire_upgraded":5,"timestamp":1523742399,"path_taken":["M","$","M","M","?","R","M","?","T","R","E","R","?","?","R","BOSS","M","?","?","?","$","R","$","M","T","E"],"build_version":"2018-04-12","seed_source_timestamp":242332935919940,"purchased_purges":2,"victory":false,"master_deck":["Defend_G","Defend_G","Defend_G","Defend_G","Strike_G","Strike_G","Strike_G","Strike_G","Survivor","Neutralize+1","Underhanded Strike+1","Deflect+1","Finisher+1","Underhanded Strike","Heel Hook","Acrobatics+1","Slice","Glass Knife","Underhanded Strike","Adrenaline+1","Panache","Dagger Throw"],"max_hp_per_floor":[70,70,70,70,70,70,70,70,70,70,70,70,70,70,70,70,75,75,75,80,80,80,80,80,80,80,80],"relics":["Ring of the Snake","Anchor","Bag of Preparation","Shuriken","Happy Flower","Tiny House","Ancient Tea Set"],"card_choices":[{"not_picked":["PiercingWail","Backflip"],"picked":"Deflect","floor":1},{"not_picked":["Dash","Dagger Throw"],"picked":"Finisher","floor":3},{"not_picked":["PiercingWail","Prepared"],"picked":"Underhanded Strike","floor":4},{"not_picked":["Poisoned Stab","Deadly Poison"],"picked":"Heel Hook","floor":7},{"not_picked":["Dodge and Roll","Poisoned Stab"],"picked":"Acrobatics","floor":11},{"not_picked":["After Image","Quick Slash"],"picked":"Slice","floor":13},{"not_picked":["Bullet Time","Envenom"],"picked":"Glass Knife","floor":16},{"not_picked":["Flying Knee","Backstab"],"picked":"Underhanded Strike","floor":17},{"not_picked":["Flying Knee","PiercingWail"],"picked":"Dagger Throw","floor":25}],"player_experience":42160,"potions_floor_usage":[18,25],"damage_taken":[{"damage":0,"enemies":"2 Louse","floor":1,"turns":3},{"damage":9,"enemies":"Jaw Worm","floor":3,"turns":8},{"damage":0,"enemies":"Cultist","floor":4,"turns":4},{"damage":1,"enemies":"Lots of Slimes","floor":7,"turns":5},{"damage":26,"enemies":"3 Sentries","floor":11,"turns":12},{"damage":0,"enemies":"Gremlin Gang","floor":13,"turns":3},{"damage":0,"enemies":"3 Louse","floor":14,"turns":3},{"damage":7,"enemies":"Slime Boss","floor":16,"turns":6},{"damage":0,"enemies":"2 Thieves","floor":18,"turns":3},{"damage":11,"enemies":"3 Byrds","floor":19,"turns":6},{"damage":47,"enemies":"Centurion and Healer","floor":25,"turns":6},{"damage":14,"enemies":"Slavers","floor":27,"turns":1}],"event_choices":[{"event_name":"Big Fish","player_choice":"Box","floor":5,"damage_taken":0},{"event_name":"Forgotten Altar","player_choice":"Shed Blood","floor":20,"damage_taken":0},{"event_name":"Vampires","player_choice":"Ignored","floor":21,"damage_taken":0}],"boss_relics":[{"not_picked":["Runic Pyramid","Philosopher\u0027s Stone"],"picked":"Tiny House"}],"potions_floor_spawned":[3,4,11,14,18,19,25],"seed_played":"3624808651455754954","killed_by":"Slavers","ascension_level":0,"is_trial":false}