{"path_per_floor":["M","M","M","$","M","E","R","M","T","R","M","?","M","M","R","B",null,"M","?","$","M","?","R"],"character_chosen":"THE_SILENT","items_purchased":["Infinite Blades","Toxic Egg 2"],"gold_per_floor":[109,123,140,65,78,105,105,124,197,197,210,285,299,314,314,415,415,425,425,129,99,24,24,24],"floor_reached":24,"campfire_rested":2,"playtime":1345,"current_hp_per_floor":[70,70,70,70,63,46,46,31,31,31,28,17,17,13,34,6,70,46,46,46,19,19,40,0],"items_purged":["Strike_G"],"gold":24,"score":225,"play_id":"8ddc0e6f-53b6-485f-94c5-897ae11e5269","local_time":"20180414213828","is_prod":false,"is_daily":false,"chose_seed":false,"is_ascension_mode":false,"campfire_upgraded":2,"timestamp":1523767108,"path_taken":["M","M","M","$","M","E","R","M","T","R","M","?","M","?","R","BOSS","M","?","$","M","?","R","E"],"build_version":"2018-04-12","seed_source_timestamp":267057886742473,"purchased_purges":2,"victory":false,"master_deck":["Defend_G","Defend_G","Defend_G","Defend_G","Defend_G","Strike_G","Strike_G","Strike_G","Survivor","Neutralize","Night Terror+1","Predator","Slice","Quick Slash+1","Dagger Throw","Reflex","Quick Slash","Quick Slash","Storm of Steel+1","Quick Slash","Phantasmal Killer","Dodge and Roll+1","Infinite Blades","Bouncing Flask+1"],"max_hp_per_floor":[70,70,70,70,70,70,70,70,70,70,70,70,70,70,70,70,70,70,70,70,70,70,70,70],"relics":["Ring of the Snake","Oddly Smooth Stone","Darkstone Periapt","Black Star","Toxic Egg 2"],"card_choices":[{"not_picked":["Flying Knee","Dodge and Roll"],"picked":"Predator","floor":1},{"not_picked":["Dagger Throw","Deflect"],"picked":"Slice","floor":2},{"not_picked":["Sucker Punch","Acrobatics"],"picked":"Quick Slash","floor":3},{"not_picked":["Expertise","Choke"],"picked":"Dagger Throw","floor":5},{"not_picked":["Crippling Poison","Bouncing Flask"],"picked":"Reflex","floor":6},{"not_picked":["Backflip","Expertise"],"picked":"Quick Slash","floor":8},{"not_picked":["Well Laid Plans","Expertise"],"picked":"Quick Slash","floor":11},{"not_picked":["Poisoned Stab","PiercingWail"],"picked":"Storm of Steel","floor":13},{"not_picked":["Leg Sweep","Choke"],"picked":"Quick Slash","floor":14},{"not_picked":["Storm of Steel","Night Terror"],"picked":"Phantasmal Killer","floor":16},{"not_picked":["Underhanded Strike","Dagger Spray"],"picked":"Dodge and Roll","floor":18},{"not_picked":["PiercingWail","Dodge and Roll"],"picked":"Bouncing Flask","floor":21}],"player_experience":51984,"potions_floor_usage":[14,16,18],"damage_taken":[{"damage":0,"enemies":"Small Slimes","floor":1,"turns":7},{"damage":0,"enemies":"Jaw Worm","floor":2,"turns":3},{"damage":0,"enemies":"Cultist","floor":3,"turns":3},{"damage":7,"enemies":"3 Louse","floor":5,"turns":3},{"damage":17,"enemies":"Lagavulin","floor":6,"turns":9},{"damage":15,"enemies":"Exordium Thugs","floor":8,"turns":6},{"damage":3,"enemies":"Lots of Slimes","floor":11,"turns":4},{"damage":0,"enemies":"3 Louse","floor":13,"turns":3},{"damage":4,"enemies":"Large Slime","floor":14,"turns":4},{"damage":28,"enemies":"The Guardian","floor":16,"turns":16},{"damage":24,"enemies":"Shell Parasite","floor":18,"turns":7},{"damage":27,"enemies":"2 Thieves","floor":21,"turns":5},{"damage":45,"enemies":"Gremlin Leader","floor":24,"turns":6}],"event_choices":[{"event_name":"World of Goop","player_choice":"Gather Gold","floor":12,"damage_taken":0},{"event_name":"Accursed Blacksmith","player_choice":"Forge","floor":19,"damage_taken":0},{"event_name":"Beggar","player_choice":"Gave Gold","floor":22,"damage_taken":0}],"boss_relics":[{"not_picked":["Cursed Key","White Beast Statue"],"picked":"Black Star"}],"potions_floor_spawned":[2,5,8,14,16],"seed_played":"-2220179927008242851","killed_by":"Gremlin Leader","ascension_level":0,"is_trial":false}