{"path_per_floor":["M","?","M","?","$","M","M","E","T","M","R","E","R","$","R"],"character_chosen":"THE_SILENT","items_purchased":["Finisher","Dagger Throw","Deflect"],"gold_per_floor":[19,19,42,292,217,232,250,288,288,303,303,347,347,109,109,109],"floor_reached":16,"campfire_rested":1,"playtime":1360,"current_hp_per_floor":[70,53,53,53,53,53,53,18,18,18,39,38,38,38,38,0],"items_purged":["Regret","Strike_G"],"gold":109,"score":110,"play_id":"cf744245-6163-4aea-8368-42584084958b","local_time":"20180414093221","is_prod":false,"is_daily":false,"chose_seed":false,"is_ascension_mode":false,"campfire_upgraded":2,"timestamp":1523723541,"path_taken":["M","?","?","?","$","M","M","E","T","M","R","E","R","$","R","BOSS"],"build_version":"2018-04-12","seed_source_timestamp":223476543196079,"purchased_purges":2,"victory":false,"master_deck":["Defend_G","Defend_G","Defend_G","Defend_G","Defend_G","Strike_G","Strike_G","Strike_G","Strike_G","Survivor","Neutralize","Adrenaline","Deadly Poison","Deflect","Flying Knee","A Thousand Cuts","Underhanded Strike","Acrobatics","Night Terror+1","Finisher+1","Dagger Throw","Deflect"],"max_hp_per_floor":[70,70,70,70,70,70,70,70,70,70,70,70,70,70,70,70],"relics":["Ring of the Snake","Golden Idol","Bronze Scales","Ornamental Fan","Juzu Bracelet"],"card_choices":[{"not_picked":["Tools of the Trade","Tactician"],"picked":"Adrenaline","floor":0},{"not_picked":["Prepared","Crippling Poison"],"picked":"Deadly Poison","floor":1},{"not_picked":["Dodge and Roll","Prepared"],"picked":"Deflect","floor":3},{"not_picked":["Deflect","Dagger Spray"],"picked":"Flying Knee","floor":6},{"not_picked":["Dagger Throw","Escape Plan"],"picked":"A Thousand Cuts","floor":7},{"not_picked":["Deflect","Dodge and Roll"],"picked":"Underhanded Strike","floor":8},{"not_picked":["Underhanded Strike","Outmaneuver"],"picked":"Acrobatics","floor":10},{"not_picked":["Outmaneuver","Acrobatics"],"picked":"Night Terror","floor":12}],"player_experience":29112,"potions_floor_usage":[8,12,16],"damage_taken":[{"damage":0,"enemies":"2 Louse","floor":1,"turns":5},{"damage":0,"enemies":"Small Slimes","floor":3,"turns":2},{"damage":0,"enemies":"Cultist","floor":6,"turns":3},{"damage":0,"enemies":"Large Slime","floor":7,"turns":8},{"damage":35,"enemies":"Gremlin Nob","floor":8,"turns":6},{"damage":0,"enemies":"Red Slaver","floor":10,"turns":2},{"damage":1,"enemies":"3 Sentries","floor":12,"turns":8},{"damage":38,"enemies":"The Guardian","floor":16,"turns":12}],"event_choices":[{"event_name":"Golden Idol","player_choice":"Take Damage","floor":2,"damage_taken":0},{"event_name":"Golden Shrine","player_choice":"Desecrate","floor":4,"damage_taken":0}],"boss_relics":[],"potions_floor_spawned":[6,7,12],"seed_played":"5517125916951634485","killed_by":"The Guardian","ascension_level":0,"is_trial":false}