{"path_per_floor":["M","?","M","M","M","R","$","?","T","E","$","M","R","M","R"],"character_chosen":"THE_SILENT","items_purchased":["Noxious Fumes","Choke","Crippling Poison","Poisoned Stab"],"gold_per_floor":[116,116,126,143,162,162,46,70,140,173,23,33,33,43,43,43],"floor_reached":16,"campfire_rested":0,"playtime":1014,"current_hp_per_floor":[70,70,70,70,61,61,61,43,43,43,43,43,43,43,43,0],"items_purged":["Strike_G"],"gold":43,"score":127,"play_id":"a15338f3-8685-4922-a5af-7c68ab1fa062","local_time":"20180413173316","is_prod":false,"is_daily":false,"chose_seed":false,"is_ascension_mode":false,"campfire_upgraded":3,"timestamp":1523665996,"path_taken":["M","?","?","M","M","R","$","?","T","E","?","?","R","M","R","BOSS"],"build_version":"2018-04-12","seed_source_timestamp":166275833797350,"purchased_purges":1,"victory":false,"master_deck":["Defend_G","Defend_G","Defend_G","Defend_G","Strike_G","Strike_G","Strike_G","Strike_G","Survivor","Neutralize","Catalyst","Bullet Time","Choke+1","Poisoned Stab","Prepared","Noxious Fumes+1","Bouncing Flask+1","Corpse Explosion","Choke","Crippling Poison","Poisoned Stab","Outmaneuver"],"max_hp_per_floor":[70,70,70,70,70,70,70,70,70,70,70,70,70,70,70,70],"relics":["Ring of the Snake","Odd Mushroom","Ninja Scroll","Happy Flower"],"card_choices":[{"not_picked":["Dagger Throw","Bane"],"picked":"Catalyst","floor":1},{"not_picked":["Dodge and Roll","Eviscerate"],"picked":"Choke","floor":3},{"not_picked":["Endless Agony","Dodge and Roll"],"picked":"Poisoned Stab","floor":4},{"not_picked":["Infinite Blades","Flying Knee"],"picked":"Prepared","floor":5},{"not_picked":["Bane","Outmaneuver"],"picked":"Bouncing Flask","floor":8},{"not_picked":["Dash","Bouncing Flask"],"picked":"Corpse Explosion","floor":10},{"not_picked":["Acrobatics","Dagger Spray"],"picked":"Outmaneuver","floor":12}],"player_experience":23174,"potions_floor_usage":[],"damage_taken":[{"damage":0,"enemies":"Small Slimes","floor":1,"turns":5},{"damage":0,"enemies":"2 Louse","floor":3,"turns":3},{"damage":0,"enemies":"Cultist","floor":4,"turns":4},{"damage":9,"enemies":"2 Fungi Beasts","floor":5,"turns":4},{"damage":18,"enemies":"The Mushroom Lair","floor":8,"turns":5},{"damage":0,"enemies":"Gremlin Nob","floor":10,"turns":2},{"damage":0,"enemies":"Exordium Wildlife","floor":12,"turns":1},{"damage":0,"enemies":"Looter","floor":14,"turns":1},{"damage":43,"enemies":"Slime Boss","floor":16,"turns":5}],"event_choices":[{"event_name":"Living Wall","player_choice":"Change","floor":2,"damage_taken":0},{"event_name":"Mushrooms","player_choice":"Fought Mushrooms","floor":8,"damage_taken":0}],"boss_relics":[],"potions_floor_spawned":[3,4,5,10,12],"seed_played":"-7975575006323847632","killed_by":"Slime Boss","ascension_level":0,"is_trial":false}