{"path_per_floor":["M","M","M","?","M","R","M","M","T","R","?","?","R","M","R","B",null,"M","$","M","M"],"character_chosen":"THE_SILENT","items_purchased":[],"gold_per_floor":[14,32,49,49,74,74,89,105,131,131,206,206,206,219,219,348,348,336,261,280,300,300],"floor_reached":22,"campfire_rested":1,"playtime":1732,"current_hp_per_floor":[70,70,70,53,46,46,44,42,42,42,31,31,52,51,51,17,70,57,57,44,20,0],"items_purged":["Strike_G"],"gold":300,"score":180,"play_id":"d051441e-e4e5-491c-9b33-4b1ec498ace9","local_time":"20180414191536","is_prod":false,"is_daily":false,"chose_seed":false,"is_ascension_mode":false,"campfire_upgraded":3,"timestamp":1523758536,"path_taken":["M","M","M","?","M","R","M","M","T","R","?","?","R","M","R","BOSS","M","$","?","M","M"],"build_version":"2018-04-12","seed_source_timestamp":258101529313405,"purchased_purges":1,"victory":false,"master_deck":["Defend_G","Defend_G","Defend_G","Defend_G","Strike_G","Strike_G","Strike_G","Survivor","Neutralize","Tactician","Quick Slash","Prepared+1","Cloak And Dagger+1","Deflect","Prepared+1","Accuracy+1","Masterful Stab","Well Laid Plans","Burst","Cloak And Dagger+1","Outmaneuver","Cloak And Dagger"],"max_hp_per_floor":[70,70,70,70,70,70,70,70,70,70,70,70,70,70,70,70,70,70,70,70,70,70],"relics":["Ring of the Snake","Golden Idol","Dream Catcher","Lizard Tail"],"card_choices":[{"not_picked":["Bane","Choke"],"picked":"Prepared","floor":1},{"not_picked":["Calculated Gamble","Deadly Poison"],"picked":"Cloak And Dagger","floor":2},{"not_picked":["Outmaneuver","Well Laid Plans"],"picked":"Deflect","floor":3},{"not_picked":["Blur","Terror"],"picked":"Prepared","floor":7},{"not_picked":["Malaise","Outmaneuver"],"picked":"Accuracy","floor":8},{"not_picked":["Flying Knee","Dagger Throw"],"picked":"Masterful Stab","floor":13},{"not_picked":["Heel Hook","Finisher"],"picked":"Well Laid Plans","floor":14},{"not_picked":["Bullet Time","Phantasmal Killer"],"picked":"Burst","floor":16},{"not_picked":["Flying Knee","Reflex"],"picked":"Cloak And Dagger","floor":18},{"not_picked":["Catalyst","Skewer"],"picked":"Outmaneuver","floor":20},{"not_picked":["PiercingWail","Quick Slash"],"picked":"Cloak And Dagger","floor":21}],"player_experience":46437,"potions_floor_usage":[16,16,21],"damage_taken":[{"damage":0,"enemies":"2 Louse","floor":1,"turns":2},{"damage":0,"enemies":"Jaw Worm","floor":2,"turns":7},{"damage":0,"enemies":"Small Slimes","floor":3,"turns":3},{"damage":7,"enemies":"3 Louse","floor":5,"turns":4},{"damage":2,"enemies":"Gremlin Gang","floor":7,"turns":8},{"damage":2,"enemies":"Blue Slaver","floor":8,"turns":5},{"damage":1,"enemies":"Exordium Thugs","floor":14,"turns":4},{"damage":49,"enemies":"Slime Boss","floor":16,"turns":14},{"damage":13,"enemies":"2 Thieves","floor":18,"turns":4},{"damage":13,"enemies":"Spheric Guardian","floor":20,"turns":4},{"damage":60,"enemies":"Cultist and Chosen","floor":21,"turns":12},{"damage":23,"enemies":"Chosen and Byrds","floor":22,"turns":5}],"event_choices":[{"event_name":"Golden Idol","player_choice":"Take Damage","floor":4,"damage_taken":0},{"event_name":"World of Goop","player_choice":"Gather Gold","floor":11,"damage_taken":0},{"event_name":"Upgrade Shrine","player_choice":"Upgraded","floor":12,"damage_taken":0}],"boss_relics":[{"not_picked":["Cursed Key","Runic Pyramid"],"picked":"Lizard Tail"}],"potions_floor_spawned":[2,5,8,14,21],"seed_played":"-9198507539555404408","killed_by":"Chosen and Byrds","ascension_level":0,"is_trial":false}