{"path_per_floor":["M","$","$","?","M","E","M","$","T","E","R","M","M","M","R","B",null,"M","?","$","M","?","R","$","R","T","R","M","R","M","M","R","B",null,"M","M","M","M","M","R","E","$","T","?","M","R","M","M","R"],"character_chosen":"THE_SILENT","items_purchased":["Question Card","Panache"],"gold_per_floor":[109,34,34,209,222,256,266,6,32,60,60,76,90,108,108,211,211,230,230,130,140,140,140,15,15,15,15,32,32,50,63,63,168,168,178,198,209,226,240,240,268,69,69,0,13,13,23,35,35,35],"floor_reached":50,"campfire_rested":2,"playtime":3531,"current_hp_per_floor":[70,70,70,70,68,50,50,50,50,30,30,30,26,26,26,17,70,56,56,56,56,56,56,56,56,56,56,56,56,56,55,55,34,70,70,70,45,28,9,30,29,29,29,29,27,27,26,14,35,0],"items_purged":["Strike_G","Strike_G","Strike_G"],"gold":35,"score":488,"play_id":"631d40cc-a53b-49f7-95d6-5c62035aad51","local_time":"20180415174223","is_prod":false,"is_daily":false,"chose_seed":false,"is_ascension_mode":false,"campfire_upgraded":8,"timestamp":1523839343,"path_taken":["M","?","$","?","M","E","M","?","T","E","R","M","M","?","R","BOSS","M","?","$","?","?","R","?","R","T","R","M","R","M","M","R","BOSS","M","?","?","M","?","R","E","$","T","?","M","R","M","M","R","BOSS"],"build_version":"2018-04-12","seed_source_timestamp":337093615585039,"purchased_purges":6,"victory":false,"master_deck":["Defend_G+1","Defend_G+1","Defend_G+1","Defend_G+1","Survivor","Neutralize","Accuracy+1","Prepared+1","All Out Attack","PiercingWail","Blade Dance","Cloak And Dagger+1","Doubt","Cloak And Dagger+1","Prepared+1","PiercingWail","Adrenaline+1","Acrobatics","Acrobatics","Prepared+1","Finisher+1","Phantasmal Killer+1","Die Die Die+1","Blur+1","Storm of Steel+1","Finisher+1","Blade Dance","Terror+1","Well Laid Plans","Backstab+1","Distraction","Panache","Blade Dance+1","Reflex"],"max_hp_per_floor":[70,70,70,70,70,70,70,70,70,70,70,70,70,70,70,70,70,70,70,70,70,70,70,70,70,70,70,70,70,70,70,70,70,70,70,70,70,70,70,70,70,70,70,70,70,70,70,70,70,70],"relics":["Orrery","Ninja Scroll","Question Card","Oddly Smooth Stone","Letter Opener","Sozu","Paper Crane","Astrolabe","Lantern","The Courier","Red Mask"],"card_choices":[{"not_picked":["Leg Sweep","Riddle With Holes"],"picked":"Accuracy","floor":0},{"not_picked":["PiercingWail","Masterful Stab"],"picked":"Prepared","floor":0},{"not_picked":["Deflect","Dodge and Roll"],"picked":"All Out Attack","floor":0},{"not_picked":["Quick Slash","Predator"],"picked":"PiercingWail","floor":0},{"not_picked":["Dodge and Roll","Prepared"],"picked":"Blade Dance","floor":0},{"not_picked":["Backstab","Dagger Spray"],"picked":"Cloak And Dagger","floor":1},{"not_picked":["Slice","Expertise"],"picked":"Cloak And Dagger","floor":5},{"not_picked":["Poisoned Stab","Heel Hook","Endless Agony"],"picked":"Prepared","floor":12},{"not_picked":["Choke","Noxious Fumes","Backflip"],"picked":"PiercingWail","floor":13},{"not_picked":["Wraith Form v2","Bullet Time","Unload"],"picked":"Adrenaline","floor":16},{"not_picked":["Dagger Throw","Outmaneuver","Dagger Spray"],"picked":"Acrobatics","floor":18},{"not_picked":["Quick Slash","Slice","Backflip"],"picked":"Acrobatics","floor":21},{"not_picked":["Deadly Poison","Outmaneuver","Riddle With Holes"],"picked":"Prepared","floor":30},{"not_picked":["Backstab","Catalyst","Dagger Throw"],"picked":"Finisher","floor":31},{"not_picked":["Night Terror","Corpse Explosion","Venomology"],"picked":"Phantasmal Killer","floor":33},{"not_picked":["Deadly Poison","Outmaneuver","Poisoned Stab"],"picked":"Finisher","floor":35},{"not_picked":["Noxious Fumes","Outmaneuver","Backflip"],"picked":"Blade Dance","floor":36},{"not_picked":["Underhanded Strike","All Out Attack","Deflect"],"picked":"Terror","floor":37},{"not_picked":["Dagger Throw","Prepared","Outmaneuver"],"picked":"Well Laid Plans","floor":38},{"not_picked":["Malaise","Endless Agony","Dagger Spray"],"picked":"Backstab","floor":39},{"not_picked":["Phantasmal Killer","Quick Slash","Choke"],"picked":"Distraction","floor":41},{"not_picked":["Well Laid Plans","Noxious Fumes","Dagger Throw"],"picked":"Blade Dance","floor":45},{"not_picked":["Catalyst","Choke","Infinite Blades"],"picked":"Reflex","floor":48}],"player_experience":61499,"potions_floor_usage":[6,16,16,33,33],"damage_taken":[{"damage":0,"enemies":"Cultist","floor":1,"turns":4},{"damage":2,"enemies":"Jaw Worm","floor":5,"turns":5},{"damage":18,"enemies":"Lagavulin","floor":6,"turns":12},{"damage":0,"enemies":"Small Slimes","floor":7,"turns":2},{"damage":20,"enemies":"3 Sentries","floor":10,"turns":7},{"damage":0,"enemies":"Blue Slaver","floor":12,"turns":1},{"damage":4,"enemies":"Gremlin Gang","floor":13,"turns":4},{"damage":0,"enemies":"Large Slime","floor":14,"turns":5},{"damage":9,"enemies":"Hexaghost","floor":16,"turns":16},{"damage":14,"enemies":"Spheric Guardian","floor":18,"turns":4},{"damage":0,"enemies":"3 Byrds","floor":21,"turns":4},{"damage":0,"enemies":"3 Cultists","floor":28,"turns":3},{"damage":0,"enemies":"Snake Plant","floor":30,"turns":4},{"damage":1,"enemies":"Cultist and Chosen","floor":31,"turns":5},{"damage":21,"enemies":"Collector","floor":33,"turns":7},{"damage":0,"enemies":"3 Shapes","floor":35,"turns":2},{"damage":0,"enemies":"Orb Walker","floor":36,"turns":3},{"damage":25,"enemies":"Maw","floor":37,"turns":7},{"damage":17,"enemies":"4 Shapes","floor":38,"turns":2},{"damage":19,"enemies":"Sphere and 2 Shapes","floor":39,"turns":4},{"damage":1,"enemies":"Giant Head","floor":41,"turns":4},{"damage":2,"enemies":"Maw","floor":45,"turns":5},{"damage":1,"enemies":"4 Shapes","floor":47,"turns":3},{"damage":12,"enemies":"Sphere and 2 Shapes","floor":48,"turns":4},{"damage":44,"enemies":"Time Eater","floor":50,"turns":7}],"event_choices":[{"event_name":"Liars Game","player_choice":"agreed","floor":4,"damage_taken":0},{"event_name":"Back to Basics","player_choice":"Simplicity","floor":19,"damage_taken":0},{"event_name":"Ghosts","player_choice":"Ignored","floor":22,"damage_taken":0},{"event_name":"Tomb of Lord Red Mask","player_choice":"Paid","floor":44,"damage_taken":0}],"boss_relics":[{"not_picked":["Eternal Feather","Runic Pyramid"],"picked":"Sozu"},{"not_picked":["Snecko Eye","Runic Dome"],"picked":"Astrolabe"}],"potions_floor_spawned":[1,7,12,14,16,18,28,31,36,38,39,48],"seed_played":"5294313211047649613","killed_by":"Time Eater","ascension_level":0,"is_trial":false}