{"path_per_floor":["M","$","M","$","T","R","?","$","T","E","R","E","M","$","R","B",null,"M","M","$","M","M"],"character_chosen":"THE_SILENT","items_purchased":["Infinite Blades","Flash of Steel","Heel Hook","Finesse"],"gold_per_floor":[367,112,127,27,27,27,202,152,152,181,181,212,229,0,0,96,96,111,123,73,83,101,101],"floor_reached":23,"campfire_rested":0,"playtime":1501,"current_hp_per_floor":[66,66,66,66,66,66,66,66,66,51,51,44,40,40,40,16,70,69,65,65,21,12,0],"items_purged":["Injury","Strike_G","Doubt","Strike_G","Defend_G"],"gold":101,"score":209,"play_id":"3b603833-ebd2-464d-a547-58c9bf19c76e","local_time":"20180418123756","is_prod":false,"is_daily":false,"chose_seed":false,"is_ascension_mode":true,"campfire_upgraded":3,"timestamp":1524080276,"path_taken":["M","?","?","$","?","R","?","$","T","E","R","E","M","?","R","BOSS","M","M","$","M","M","E"],"build_version":"2018-04-12","seed_source_timestamp":175016481664946,"purchased_purges":5,"victory":false,"master_deck":["Defend_G","Defend_G","Defend_G","Defend_G","Strike_G","Strike_G+1","Strike_G+1","Survivor","Neutralize+1","Prepared","Infinite Blades","Flash of Steel+1","Backflip+1","Heel Hook","Finesse","Grand Finale","Slice"],"max_hp_per_floor":[70,70,70,70,70,70,70,70,70,70,70,70,70,70,70,70,70,70,70,70,70,70,70],"relics":["Ring of the Snake","Smiling Mask","Regal Pillow","Omamori","Whetstone","Cursed Key"],"card_choices":[{"not_picked":["Backflip","Dagger Throw"],"picked":"Prepared","floor":1},{"not_picked":["Blur","Expertise"],"picked":"Backflip","floor":3},{"not_picked":["Wraith Form v2","A Thousand Cuts"],"picked":"Grand Finale","floor":16},{"not_picked":["Eviscerate","Concentrate"],"picked":"Slice","floor":19}],"player_experience":93510,"potions_floor_usage":[10,21,23,23],"damage_taken":[{"damage":4,"enemies":"Cultist","floor":1,"turns":5},{"damage":0,"enemies":"Small Slimes","floor":3,"turns":4},{"damage":15,"enemies":"Gremlin Nob","floor":10,"turns":4},{"damage":7,"enemies":"Lagavulin","floor":12,"turns":9},{"damage":4,"enemies":"2 Louse","floor":13,"turns":3},{"damage":24,"enemies":"The Guardian","floor":16,"turns":18},{"damage":1,"enemies":"Shell Parasite","floor":18,"turns":5},{"damage":4,"enemies":"2 Thieves","floor":19,"turns":5},{"damage":44,"enemies":"Cultist and Chosen","floor":21,"turns":12},{"damage":9,"enemies":"Snake Plant","floor":22,"turns":5},{"damage":29,"enemies":"Book of Stabbing","floor":23,"turns":8}],"event_choices":[{"event_name":"Liars Game","player_choice":"agreed","floor":7,"damage_taken":0}],"boss_relics":[{"not_picked":["Pandora\u0027s Box","Astrolabe"],"picked":"Cursed Key"}],"potions_floor_spawned":[3,16,19,22],"seed_played":"4805037937684180983","killed_by":"Book of Stabbing","ascension_level":1,"is_trial":false}