{"path_per_floor":["M","?","$","?","?","R","E","$","T","R","M","R","$","?","R","B",null,"M","$","?","M","M","R","M","R","T","R","M","M","E","M","R","B",null,"M","?","$","M","?","R","E","R","T","R","M","M","?","M","R"],"character_chosen":"THE_SILENT","items_purchased":["Noxious Fumes","Noxious Fumes"],"gold_per_floor":[115,115,40,40,40,40,69,36,36,36,54,54,54,54,54,156,156,172,72,72,87,101,101,111,111,111,111,128,146,180,194,194,290,320,333,333,133,149,149,149,177,177,177,177,188,199,251,269,269,269],"floor_reached":50,"campfire_rested":2,"playtime":2952,"current_hp_per_floor":[70,70,70,56,56,56,56,56,56,56,56,56,56,56,56,52,70,62,62,53,46,46,46,56,56,56,56,56,36,12,12,33,17,75,58,75,75,72,72,72,70,70,70,70,64,47,26,5,27,0],"items_purged":["Regret","Strike_G","Writhe"],"gold":269,"score":565,"play_id":"7113b857-e67c-4f37-ab77-b9d5000e2c2d","local_time":"20180417224121","is_prod":false,"is_daily":false,"chose_seed":false,"is_ascension_mode":true,"campfire_upgraded":10,"timestamp":1524030081,"path_taken":["M","?","$","?","?","R","E","$","T","R","?","R","?","?","R","BOSS","M","$","?","M","M","R","?","R","T","R","M","M","E","M","R","BOSS","M","?","$","M","?","R","E","R","T","R","M","M","?","M","R","BOSS"],"build_version":"2018-04-12","seed_source_timestamp":123362716618085,"purchased_purges":3,"victory":false,"master_deck":["Defend_G+1","Defend_G+1","Defend_G+1","Defend_G+1","Defend_G+1","Strike_G","Survivor","Neutralize+1","Adrenaline+1","Riddle With Holes+1","Quick Slash+1","Well Laid Plans+1","Heel Hook","Noxious Fumes+1","Sucker Punch+1","Grand Finale+1","Die Die Die+1","Heel Hook+1","Terror","Footwork","Grand Finale+1","Acrobatics+1","Noxious Fumes+1","Escape Plan+1","Quick Slash","Acrobatics+1"],"max_hp_per_floor":[70,70,70,70,70,70,70,70,70,70,70,70,70,70,70,70,70,70,70,70,70,70,70,70,70,70,70,70,70,70,70,70,70,75,75,75,75,75,75,75,75,75,75,75,75,75,75,75,75,75],"relics":["Astrolabe","Toolbox","The Specimen","Gremlin Horn","Black Star","Unceasing Top","Letter Opener","Bottled Lightning","Tiny House","Dodecahedron","Pantograph","Vajra","Gambling Chip"],"card_choices":[{"not_picked":["Dagger Spray","Malaise"],"picked":"Well Laid Plans","floor":1},{"not_picked":["Poisoned Stab","Deflect"],"picked":"Heel Hook","floor":7},{"not_picked":["Backflip","Flying Knee"],"picked":"Sucker Punch","floor":11},{"not_picked":["Venomology","Unload"],"picked":"Die Die Die","floor":16},{"not_picked":["Choke","Prepared"],"picked":"Heel Hook","floor":21},{"not_picked":["Dagger Spray","Sucker Punch"],"picked":"Terror","floor":30},{"not_picked":["Concentrate","Bane"],"picked":"Footwork","floor":31},{"not_picked":["Storm of Steel","Bullet Time"],"picked":"Grand Finale","floor":33},{"not_picked":["Blade Dance","Reflex"],"picked":"Acrobatics","floor":34},{"not_picked":["Catalyst","Dash"],"picked":"Escape Plan","floor":41},{"not_picked":["Dodge and Roll","Leg Sweep"],"picked":"Quick Slash","floor":47},{"not_picked":["Cloak And Dagger","Quick Slash"],"picked":"Acrobatics","floor":48}],"player_experience":84807,"potions_floor_usage":[24,24,28,28,47,47,50],"damage_taken":[{"damage":0,"enemies":"Small Slimes","floor":1,"turns":2},{"damage":0,"enemies":"3 Sentries","floor":7,"turns":5},{"damage":0,"enemies":"Jaw Worm","floor":11,"turns":3},{"damage":12,"enemies":"Hexaghost","floor":16,"turns":8},{"damage":8,"enemies":"3 Byrds","floor":18,"turns":4},{"damage":7,"enemies":"2 Thieves","floor":21,"turns":4},{"damage":0,"enemies":"Snake Plant","floor":22,"turns":4},{"damage":5,"enemies":"Centurion and Healer","floor":24,"turns":6},{"damage":0,"enemies":"3 Cultists","floor":28,"turns":3},{"damage":20,"enemies":"Cultist and Chosen","floor":29,"turns":8},{"damage":24,"enemies":"Gremlin Leader","floor":30,"turns":6},{"damage":0,"enemies":"Centurion and Healer","floor":31,"turns":5},{"damage":16,"enemies":"Champ","floor":33,"turns":11},{"damage":17,"enemies":"Orb Walker","floor":35,"turns":5},{"damage":3,"enemies":"3 Shapes","floor":38,"turns":4},{"damage":2,"enemies":"Giant Head","floor":41,"turns":6},{"damage":6,"enemies":"3 Darklings","floor":45,"turns":3},{"damage":17,"enemies":"Maw","floor":46,"turns":6},{"damage":21,"enemies":"Mysterious Sphere","floor":47,"turns":5},{"damage":21,"enemies":"Sphere and 2 Shapes","floor":48,"turns":4},{"damage":61,"enemies":"Awakened One","floor":50,"turns":9}],"event_choices":[{"event_name":"Big Fish","player_choice":"Box","floor":2,"damage_taken":0},{"event_name":"Shining Light","player_choice":"Entered Light","floor":4,"damage_taken":0},{"event_name":"Living Wall","player_choice":"Grow","floor":5,"damage_taken":0},{"event_name":"Match and Keep!","player_choice":"1 cards matched","floor":14,"damage_taken":0},{"event_name":"Cursed Tome","player_choice":"Stopped","floor":20,"damage_taken":0},{"event_name":"Winding Halls","player_choice":"Writhe","floor":36,"damage_taken":0},{"event_name":"Accursed Blacksmith","player_choice":"Forge","floor":39,"damage_taken":0},{"event_name":"Mysterious Sphere","player_choice":"Fight","floor":47,"damage_taken":0}],"boss_relics":[{"not_picked":["Orrery","Lizard Tail"],"picked":"Black Star"},{"not_picked":["White Beast Statue","Pandora\u0027s Box"],"picked":"Tiny House"}],"potions_floor_spawned":[1,11,16,21,22,24,33,38,45],"seed_played":"7135555156026069823","killed_by":"Awakened One","ascension_level":1,"is_trial":false}