{"path_per_floor":["M","M","$","M","M","R","E","?","T","R","M","M","$","M","R","B",null,"M","$","?","?","M","R","$","E","T","M","M","M","R","M","R"],"character_chosen":"THE_SILENT","items_purchased":["War Paint"],"gold_per_floor":[111,130,55,69,88,88,119,119,193,193,208,226,69,88,88,188,188,199,99,99,99,109,109,109,140,221,236,246,261,261,277,277,277],"floor_reached":33,"campfire_rested":1,"playtime":1484,"current_hp_per_floor":[65,65,65,64,54,54,42,35,35,35,35,32,32,32,32,14,70,55,55,55,84,82,82,82,55,55,44,44,18,44,31,31,0],"items_purged":["Regret","Decay"],"gold":277,"score":395,"play_id":"8eb4c00e-bcb1-4cdb-b258-955dfba8a9df","local_time":"20180419214146","is_prod":false,"is_daily":false,"chose_seed":false,"is_ascension_mode":true,"campfire_upgraded":5,"timestamp":1524199306,"path_taken":["M","M","$","M","M","R","E","?","T","R","M","?","$","M","R","BOSS","M","$","?","?","M","R","?","E","T","M","M","M","R","M","R","BOSS"],"build_version":"2018-04-19","seed_source_timestamp":294065116285248,"purchased_purges":2,"victory":false,"master_deck":["Defend_G+1","Defend_G+1","Defend_G+1","Defend_G+1","Defend_G+1","Strike_G+1","Strike_G+1","Strike_G+1","Strike_G+1","Strike_G+1","Survivor","Neutralize+1","Noxious Fumes+1","Noxious Fumes+1","Dodge and Roll+1","Prepared","Catalyst+1","Corpse Explosion","Dodge and Roll+1","Acrobatics","Prepared","Backflip+1"],"max_hp_per_floor":[77,77,77,77,77,77,91,88,88,88,88,88,88,88,88,88,88,88,88,88,88,88,88,88,88,88,88,88,88,88,88,88,88],"relics":["Calling Bell","Strawberry","Question Card","Thread and Needle","Mango","Letter Opener","War Paint","Sozu","Prayer Wheel","The Courier"],"card_choices":[{"not_picked":["Flying Knee","Dagger Spray","Dagger Throw"],"picked":"Noxious Fumes","floor":2},{"not_picked":["Heel Hook","Predator","Slice"],"picked":"Noxious Fumes","floor":4},{"not_picked":["Flying Knee","Distraction","Accuracy"],"picked":"Dodge and Roll","floor":5},{"not_picked":["Setup","Corpse Explosion","Endless Agony"],"picked":"Prepared","floor":7},{"not_picked":["Malaise","Acrobatics","Caltrops"],"picked":"Catalyst","floor":11},{"not_picked":["Grand Finale","Venomology","Glass Knife"],"picked":"Corpse Explosion","floor":16},{"not_picked":["All Out Attack","Blur","Deflect"],"picked":"Dodge and Roll","floor":25},{"not_picked":["Outmaneuver","Backflip","Malaise"],"picked":"Acrobatics","floor":26},{"not_picked":["Cloak And Dagger","A Thousand Cuts","Dodge and Roll"],"picked":"Prepared","floor":29},{"not_picked":["Slice","Riddle With Holes","Prepared"],"picked":"Backflip","floor":31}],"player_experience":116033,"potions_floor_usage":[12,16,18,18],"damage_taken":[{"damage":12,"enemies":"Jaw Worm","floor":1,"turns":8},{"damage":0,"enemies":"2 Louse","floor":2,"turns":3},{"damage":1,"enemies":"Cultist","floor":4,"turns":5},{"damage":10,"enemies":"Exordium Wildlife","floor":5,"turns":5},{"damage":26,"enemies":"Lagavulin","floor":7,"turns":9},{"damage":0,"enemies":"Red Slaver","floor":11,"turns":4},{"damage":3,"enemies":"Looter","floor":12,"turns":4},{"damage":0,"enemies":"Blue Slaver","floor":14,"turns":4},{"damage":18,"enemies":"Hexaghost","floor":16,"turns":12},{"damage":15,"enemies":"2 Thieves","floor":18,"turns":4},{"damage":2,"enemies":"Shell Parasite","floor":22,"turns":6},{"damage":27,"enemies":"Book of Stabbing","floor":25,"turns":6},{"damage":11,"enemies":"Sentry and Sphere","floor":27,"turns":5},{"damage":0,"enemies":"Snake Plant","floor":28,"turns":4},{"damage":26,"enemies":"3 Cultists","floor":29,"turns":7},{"damage":13,"enemies":"Snecko","floor":31,"turns":6},{"damage":47,"enemies":"Champ","floor":33,"turns":10}],"event_choices":[{"event_name":"Golden Wing","player_choice":"Card Removal","floor":8,"damage_taken":0},{"event_name":"Back to Basics","player_choice":"Simplicity","floor":20,"damage_taken":0},{"event_name":"The Library","player_choice":"Heal","floor":21,"damage_taken":0}],"boss_relics":[{"not_picked":["White Beast Statue","Pandora\u0027s Box"],"picked":"Sozu"}],"potions_floor_spawned":[2,4,11,12,22,28],"seed_played":"-5604544587503648793","killed_by":"Champ","ascension_level":5,"is_trial":false}