{"path_per_floor":["M","$","?","$","?","E","M","R","T","M","M","T","$","E","R","B",null,"M","M","$","?","$","R","M","M","T","M","?","M","M"],"character_chosen":"THE_SILENT","items_purchased":["Blade Dance","Ninja Scroll","Acrobatics","Finesse"],"gold_per_floor":[112,76,326,4,4,32,50,50,50,65,85,108,8,34,34,139,139,149,162,7,7,7,7,24,36,36,54,54,65,82,82],"floor_reached":31,"campfire_rested":2,"playtime":1139,"current_hp_per_floor":[70,70,70,70,70,16,16,16,16,14,9,9,9,4,25,16,57,30,18,18,18,18,39,20,10,10,10,16,16,5,0],"items_purged":["Regret","Regret"],"gold":82,"score":309,"play_id":"dbbe848e-b27f-413f-b485-df33947e8898","local_time":"20180419133758","is_prod":false,"is_daily":false,"chose_seed":false,"is_ascension_mode":true,"campfire_upgraded":1,"timestamp":1524170278,"path_taken":["M","?","?","$","?","E","M","R","T","M","M","?","$","E","R","BOSS","M","M","$","?","$","R","M","M","T","M","?","M","?","?"],"build_version":"2018-04-12","seed_source_timestamp":265367342104290,"purchased_purges":3,"victory":false,"master_deck":["Defend_G","Defend_G","Defend_G","Defend_G","Defend_G","Strike_G","Strike_G","Strike_G","Strike_G","Strike_G","Survivor","Neutralize+1","Blade Dance","Cloak And Dagger","Infinite Blades","Backstab","Finisher","A Thousand Cuts","Footwork","Footwork","Acrobatics","Finesse","Acrobatics","Infinite Blades+1","Tools of the Trade","Regret","Writhe","Dodge and Roll+1"],"max_hp_per_floor":[70,70,70,70,70,70,70,70,70,70,70,70,70,70,70,70,70,70,70,70,70,70,70,70,70,70,70,76,76,76,76],"relics":["Runic Dome","Ninja Scroll","Question Card","Dream Catcher","Toolbox","Anchor","Ancient Tea Set","Cursed Key","Darkstone Periapt","The Courier"],"card_choices":[{"not_picked":["Noxious Fumes","Eviscerate","Setup"],"picked":"Cloak And Dagger","floor":6},{"not_picked":["Noxious Fumes","Sucker Punch","Tactician"],"picked":"Infinite Blades","floor":7},{"not_picked":["Bane","Masterful Stab","Backflip"],"picked":"Backstab","floor":11},{"not_picked":["Concentrate","Skewer","Deadly Poison"],"picked":"Finisher","floor":14},{"not_picked":["Bullet Time","Adrenaline","Doppelganger"],"picked":"A Thousand Cuts","floor":16},{"not_picked":["Dagger Spray","Slice","Deflect"],"picked":"Footwork","floor":18},{"not_picked":["Reflex","Concentrate","Catalyst"],"picked":"Footwork","floor":19},{"not_picked":["Flying Knee","Dodge and Roll","PiercingWail"],"picked":"Acrobatics","floor":23},{"not_picked":["Prepared","Bouncing Flask","Dagger Throw"],"picked":"Infinite Blades","floor":24},{"not_picked":["Crippling Poison","Backstab","Deflect"],"picked":"Tools of the Trade","floor":25},{"not_picked":["Phantasmal Killer","Masterful Stab","Deadly Poison"],"picked":"Dodge and Roll","floor":30}],"player_experience":114894,"potions_floor_usage":[14,29,29],"damage_taken":[{"damage":0,"enemies":"Cultist","floor":1,"turns":4},{"damage":54,"enemies":"Lagavulin","floor":6,"turns":11},{"damage":0,"enemies":"Jaw Worm","floor":7,"turns":3},{"damage":2,"enemies":"Small Slimes","floor":10,"turns":2},{"damage":5,"enemies":"2 Fungi Beasts","floor":11,"turns":3},{"damage":5,"enemies":"Gremlin Nob","floor":14,"turns":4},{"damage":9,"enemies":"Slime Boss","floor":16,"turns":10},{"damage":27,"enemies":"3 Byrds","floor":18,"turns":5},{"damage":12,"enemies":"Spheric Guardian","floor":19,"turns":4},{"damage":19,"enemies":"Snake Plant","floor":24,"turns":6},{"damage":10,"enemies":"3 Cultists","floor":25,"turns":5},{"damage":0,"enemies":"Centurion and Healer","floor":27,"turns":5},{"damage":0,"enemies":"Snecko","floor":29,"turns":4},{"damage":11,"enemies":"3 Cultists","floor":30,"turns":8},{"damage":8,"enemies":"Snake Plant","floor":31,"turns":1}],"event_choices":[{"event_name":"Golden Shrine","player_choice":"Desecrate","floor":3,"damage_taken":0},{"event_name":"Big Fish","player_choice":"Box","floor":5,"damage_taken":0},{"event_name":"Cursed Tome","player_choice":"Ignored","floor":21,"damage_taken":0},{"event_name":"The Mausoleum","player_choice":"Yes","floor":28,"damage_taken":0}],"boss_relics":[{"not_picked":["Calling Bell","Pandora\u0027s Box"],"picked":"Cursed Key"}],"potions_floor_spawned":[6,7,10,24,25,29],"seed_played":"-298413363351021207","killed_by":"Snake Plant","ascension_level":5,"is_trial":false}