{"path_per_floor":["M","?","T","?","M","R","M","R","T","R","$","$","M","M","R","B",null,"M","$","M","?","?","R","M","?","T","R","$","R","?","M","R","B",null,"M","?","M","?","M","E","R","$","T","R","E","R","M","M","R","B"],"character_chosen":"THE_SILENT","items_purchased":["Finesse","Finesse","Panache"],"gold_per_floor":[148,148,174,174,185,185,201,201,201,201,23,23,38,52,52,151,151,167,67,81,81,81,81,96,96,96,96,5,5,5,18,18,122,122,134,187,201,201,216,243,243,63,63,63,93,93,113,123,123,123],"floor_reached":51,"campfire_rested":0,"playtime":2804,"current_hp_per_floor":[75,75,75,75,76,76,76,76,76,76,76,76,59,55,55,37,81,67,67,67,52,52,52,38,38,48,48,48,48,48,48,48,43,96,96,96,96,84,84,86,86,86,86,86,88,88,90,92,92,92],"items_purged":["Normality","Regret"],"gold":123,"score":945,"play_id":"b0a9d66d-656d-4979-9778-cda2e0249e9c","local_time":"20180418232801","is_prod":false,"is_daily":false,"chose_seed":false,"is_ascension_mode":true,"campfire_upgraded":12,"timestamp":1524119281,"path_taken":["M","?","?","?","M","R","M","R","T","R","?","$","?","M","R","BOSS","M","$","M","?","?","R","M","?","T","R","$","R","?","M","R","BOSS","M","?","?","?","M","E","R","$","T","R","E","R","?","M","R","BOSS"],"build_version":"2018-04-12","seed_source_timestamp":212706124917304,"purchased_purges":3,"victory":true,"master_deck":["Survivor","Neutralize+1","Prepared+1","Terror+1","Tools of the Trade+1","Finesse+1","Acrobatics+1","Slice","Eviscerate+1","Acrobatics+1","Tools of the Trade+1","Finesse+1","Concentrate+1","Tactician+1","Outmaneuver","Sucker Punch","Acrobatics+1","Blade Dance","Poisoned Stab","Acrobatics+1","Concentrate","Poisoned Stab","Poisoned Stab","Underhanded Strike","Acrobatics+1","Concentrate","Prepared+1","Madness","Madness+1","Escape Plan+1","Panache+1"],"max_hp_per_floor":[75,75,75,75,77,77,77,77,77,77,77,77,77,79,79,81,81,81,81,81,86,86,86,86,86,96,96,96,96,96,96,96,96,96,96,96,96,96,96,98,98,98,98,98,100,100,102,104,104,104],"relics":["Tiny House","Paper Crane","Singing Bowl","Bag of Preparation","Tingsha","Sozu","Pear","Pandora\u0027s Box","Unceasing Top","Bottled Lightning","Pen Nib","War Paint"],"card_choices":[{"not_picked":["Bane","Outmaneuver"],"picked":"Prepared","floor":0},{"not_picked":["Predator","Choke"],"picked":"Terror","floor":1},{"not_picked":["Distraction","Calculated Gamble"],"picked":"Tools of the Trade","floor":7},{"not_picked":["Dagger Throw","Deflect"],"picked":"Acrobatics","floor":13},{"not_picked":["Endless Agony","Dagger Throw"],"picked":"Slice","floor":18},{"not_picked":["Choke","Sucker Punch"],"picked":"Eviscerate","floor":20},{"not_picked":["Flying Knee","Dash"],"picked":"Acrobatics","floor":24},{"not_picked":["Dagger Spray","Dagger Throw"],"picked":"Concentrate","floor":31},{"not_picked":["A Thousand Cuts","Glass Knife"],"picked":"Tactician","floor":33},{"not_picked":["Poisoned Stab","Deadly Poison"],"picked":"Acrobatics","floor":35},{"not_picked":["Deadly Poison","Infinite Blades"],"picked":"Concentrate","floor":36},{"not_picked":["Bullet Time","Deflect"],"picked":"Prepared","floor":37},{"not_picked":["Accuracy","Backflip"],"picked":"Escape Plan","floor":39}],"player_experience":105714,"potions_floor_usage":[1,13,16],"damage_taken":[{"damage":0,"enemies":"Jaw Worm","floor":1,"turns":5},{"damage":1,"enemies":"Cultist","floor":5,"turns":4},{"damage":0,"enemies":"2 Louse","floor":7,"turns":3},{"damage":17,"enemies":"Exordium Thugs","floor":13,"turns":4},{"damage":6,"enemies":"3 Louse","floor":14,"turns":2},{"damage":20,"enemies":"Slime Boss","floor":16,"turns":10},{"damage":14,"enemies":"2 Thieves","floor":18,"turns":5},{"damage":0,"enemies":"Shell Parasite","floor":20,"turns":6},{"damage":14,"enemies":"Centurion and Healer","floor":24,"turns":6},{"damage":0,"enemies":"Snecko","floor":31,"turns":3},{"damage":5,"enemies":"Automaton","floor":33,"turns":9},{"damage":0,"enemies":"Orb Walker","floor":35,"turns":2},{"damage":0,"enemies":"Mysterious Sphere","floor":36,"turns":1},{"damage":0,"enemies":"3 Darklings","floor":37,"turns":2},{"damage":0,"enemies":"4 Shapes","floor":39,"turns":1},{"damage":0,"enemies":"Giant Head","floor":40,"turns":1},{"damage":0,"enemies":"2 Orb Walkers","floor":45,"turns":1},{"damage":0,"enemies":"Maw","floor":47,"turns":2},{"damage":0,"enemies":"3 Darklings","floor":48,"turns":1},{"damage":0,"enemies":"Awakened One","floor":50,"turns":3}],"event_choices":[{"event_name":"Accursed Blacksmith","player_choice":"Rummage","floor":2,"damage_taken":0},{"event_name":"Big Fish","player_choice":"Box","floor":4,"damage_taken":0},{"event_name":"Forgotten Altar","player_choice":"Shed Blood","floor":21,"damage_taken":0},{"event_name":"The Lab","player_choice":"Got Potions","floor":22,"damage_taken":0},{"event_name":"The Library","player_choice":"Read","floor":25,"damage_taken":0},{"event_name":"Ghosts","player_choice":"Ignored","floor":30,"damage_taken":0},{"event_name":"Mysterious Sphere","player_choice":"Fight","floor":36,"damage_taken":0},{"event_name":"Winding Halls","player_choice":"Embrace Madness","floor":38,"damage_taken":0}],"boss_relics":[{"not_picked":["Ectoplasm","Eternal Feather"],"picked":"Sozu"},{"not_picked":["Snecko Eye","Velvet Choker"],"picked":"Pandora\u0027s Box"}],"potions_floor_spawned":[5,13,16,24,33,35,39,40],"seed_played":"805256425600213994","ascension_level":2,"is_trial":false}