{"path_per_floor":["M","?","$","M","?","E","?","M","T","$","R","M","M","M","R","B",null,"M","M","?","$","?","M","E","R","T","M","R","E","M","M","R"],"character_chosen":"THE_SILENT","items_purchased":["Prepared","Acrobatics"],"gold_per_floor":[114,114,14,28,28,56,56,70,70,44,44,58,72,87,87,182,182,192,204,204,104,104,121,155,155,155,165,165,195,211,221,221,221],"floor_reached":33,"campfire_rested":0,"playtime":2438,"current_hp_per_floor":[67,67,67,62,62,28,28,28,28,28,28,40,38,38,38,45,70,68,48,48,48,48,45,35,35,35,40,40,43,43,42,42,0],"items_purged":["Regret","Strike_G"],"gold":221,"score":303,"play_id":"7ce0af88-7052-4def-88eb-5865388172fa","local_time":"20180417215149","is_prod":false,"is_daily":false,"chose_seed":false,"is_ascension_mode":true,"campfire_upgraded":5,"timestamp":1524027109,"path_taken":["M","?","$","M","?","E","?","M","T","?","R","M","M","M","R","BOSS","M","M","?","$","?","M","E","R","T","M","R","E","?","M","R","BOSS"],"build_version":"2018-04-12","seed_source_timestamp":120911259018850,"purchased_purges":2,"victory":false,"master_deck":["Defend_G","Defend_G","Defend_G","Defend_G","Defend_G","Strike_G","Strike_G","Survivor","Neutralize","Prepared","Eviscerate+1","Expertise","Acrobatics+1","Prepared","Noxious Fumes","Calculated Gamble+1","Predator+1","Underhanded Strike","Setup+1","Phantasmal Killer+1","Acrobatics","Flechettes+1"],"max_hp_per_floor":[70,70,70,70,70,70,70,70,70,70,70,70,70,70,70,70,70,70,70,70,70,70,70,70,70,70,70,70,70,70,70,70,70],"relics":["Ring of the Snake","Letter Opener","Blue Candle","Meat on the Bone","Sozu","Vajra","Anchor","Oddly Smooth Stone"],"card_choices":[{"not_picked":["Dagger Throw","Flying Knee"],"picked":"Eviscerate","floor":4},{"not_picked":["Deadly Poison","Choke"],"picked":"Expertise","floor":8},{"not_picked":["Die Die Die","Deadly Poison"],"picked":"Prepared","floor":12},{"not_picked":["Acrobatics","Sucker Punch"],"picked":"Noxious Fumes","floor":13},{"not_picked":["Outmaneuver","Sucker Punch"],"picked":"Calculated Gamble","floor":14},{"not_picked":["Flechettes","Quick Slash"],"picked":"Predator","floor":18},{"not_picked":["Blade Dance","Setup"],"picked":"Underhanded Strike","floor":19},{"not_picked":["Dagger Throw","Dodge and Roll"],"picked":"Setup","floor":27},{"not_picked":["Acrobatics","Bane"],"picked":"Phantasmal Killer","floor":29},{"not_picked":["Backflip","Dodge and Roll"],"picked":"Acrobatics","floor":30},{"not_picked":["Dagger Throw","After Image"],"picked":"Flechettes","floor":31}],"player_experience":82369,"potions_floor_usage":[16],"damage_taken":[{"damage":3,"enemies":"Jaw Worm","floor":1,"turns":5},{"damage":5,"enemies":"Small Slimes","floor":4,"turns":5},{"damage":34,"enemies":"3 Sentries","floor":6,"turns":14},{"damage":0,"enemies":"2 Louse","floor":8,"turns":4},{"damage":0,"enemies":"Blue Slaver","floor":12,"turns":5},{"damage":2,"enemies":"Looter","floor":13,"turns":4},{"damage":0,"enemies":"3 Louse","floor":14,"turns":4},{"damage":5,"enemies":"The Guardian","floor":16,"turns":13},{"damage":2,"enemies":"Spheric Guardian","floor":18,"turns":4},{"damage":20,"enemies":"Chosen","floor":19,"turns":5},{"damage":15,"enemies":"Centurion and Healer","floor":23,"turns":6},{"damage":22,"enemies":"Slavers","floor":24,"turns":5},{"damage":7,"enemies":"3 Cultists","floor":27,"turns":4},{"damage":9,"enemies":"Book of Stabbing","floor":29,"turns":5},{"damage":0,"enemies":"Snake Plant","floor":30,"turns":2},{"damage":1,"enemies":"Cultist and Chosen","floor":31,"turns":5},{"damage":50,"enemies":"Champ","floor":33,"turns":11}],"event_choices":[{"event_name":"Big Fish","player_choice":"Box","floor":2,"damage_taken":0},{"event_name":"The Cleric","player_choice":"Leave","floor":5,"damage_taken":0},{"event_name":"Living Wall","player_choice":"Forget","floor":7,"damage_taken":0},{"event_name":"Match and Keep!","player_choice":"0 cards matched","floor":20,"damage_taken":0},{"event_name":"Purifier","player_choice":"One Purge","floor":22,"damage_taken":0}],"boss_relics":[{"not_picked":["Astrolabe","Pandora\u0027s Box"],"picked":"Sozu"}],"potions_floor_spawned":[1,8,23,24],"seed_played":"-854375357157569552","killed_by":"Champ","ascension_level":1,"is_trial":false}