{"path_per_floor":["M","?","?","?","M","E","?","R","T","R","$","R","M","M","R","B",null,"M","?","$","?","$","R","M","R","T","?","M","R","?","M","R"],"character_chosen":"IRONCLAD","items_purchased":["Battle Trance","Rage","Armaments","Trip","Searing Blow"],"gold_per_floor":[112,112,112,92,116,151,151,151,201,201,16,16,39,59,59,185,185,205,205,25,25,25,25,50,50,132,47,68,68,68,91,91],"floor_reached":33,"campfire_rested":1,"playtime":2535,"current_hp_per_floor":[80,80,74,74,74,74,74,74,74,74,74,74,74,74,74,26,74,65,71,71,71,71,71,63,63,63,63,54,54,54,56,80],"items_purged":["Regret"],"gold":91,"play_id":"dec82c79-5602-4d37-8349-7ad16c895273","is_prod":false,"is_daily":false,"campfire_rituals":0,"campfire_upgraded":7,"is_hardmode":false,"path_taken":["M","?","?","?","M","E","?","R","T","R","$","R","?","M","R","BOSS","M","?","?","?","$","R","M","R","T","?","M","R","?","M","R","BOSS"],"build_version":"2018-01-18-PROD4","purchased_purges":2,"victory":false,"master_deck":["Strike_R","Strike_R","Strike_R","Strike_R","Defend_R","Defend_R","Defend_R","Defend_R","Bash","Clothesline","Power Through","Offering","Fiend Fire","Battle Trance","Rage","Reckless Charge","Pommel Strike","Juggernaut","Thunderclap","Writhe","Armaments","Trip","Searing Blow","Dropkick","Body Slam","Dark Embrace"],"max_hp_per_floor":[80,80,74,74,74,74,74,74,74,74,74,74,74,74,74,74,74,74,80,80,80,80,80,80,80,80,80,80,80,80,80,80],"relics":["Burning Blood","NeowsBlessing","Ancient Tea Set","Golden Idol","Darkstone Periapt","Orichalcum","Mark of Pain","Gremlin Horn","Kunai","Juzu Bracelet"],"campfire_meditates":0,"card_choices":[{"not_picked":["Armaments","Anger"],"picked":"Clothesline"},{"not_picked":["Flex","Clash"],"picked":"Power Through"},{"not_picked":["Body Slam","Flex"],"picked":"Offering"},{"not_picked":["Rage","Second Wind"],"picked":"Reckless Charge"},{"not_picked":["Perfected Strike","Anger"],"picked":"Pommel Strike"},{"not_picked":["Demon Form","Impervious"],"picked":"Juggernaut"},{"not_picked":["Twin Strike","Rupture"],"picked":"Thunderclap"},{"not_picked":["Disarm","Pommel Strike"],"picked":"Dropkick"},{"not_picked":["Twin Strike","Inflame"],"picked":"Body Slam"},{"not_picked":["Body Slam","Power Through"],"picked":"Dark Embrace"}],"player_experience":2343,"potions_floor_usage":[16,16,16,33],"damage_taken":[{"damage":0,"enemies":"Cultist","floor":1,"turns":1},{"damage":0,"enemies":"Jaw Worm","floor":5,"turns":1},{"damage":0,"enemies":"3 Sentries","floor":6,"turns":2},{"damage":0,"enemies":"2 Louse","floor":13,"turns":3},{"damage":0,"enemies":"Red Slaver","floor":14,"turns":3},{"damage":54,"enemies":"Hexaghost","floor":16,"turns":16},{"damage":15,"enemies":"Chosen","floor":18,"turns":7},{"damage":14,"enemies":"2 Thieves","floor":24,"turns":4},{"damage":15,"enemies":"Snake Plant","floor":28,"turns":3},{"damage":4,"enemies":"Centurion and Healer","floor":31,"turns":5},{"damage":101,"enemies":"Champ","floor":33,"turns":16}],"event_choices":[{"event_name":"Big Fish","player_choice":"Box","floor":2,"damage_taken":0},{"event_name":"Golden Idol","player_choice":"Lose Max HP","floor":3,"damage_taken":0},{"event_name":"The Woman in Blue","player_choice":"Bought 1 Potion","floor":4,"damage_taken":0},{"event_name":"Living Wall","player_choice":"Change","floor":7,"damage_taken":0},{"event_name":"The Mausoleum","player_choice":"Yes","floor":19,"damage_taken":0},{"event_name":"Vampires","player_choice":"Ignored","floor":21,"damage_taken":0},{"event_name":"Addict","player_choice":"Obtained Relic","floor":27,"damage_taken":0},{"event_name":"Drug Dealer","player_choice":"Ignored","floor":30,"damage_taken":0}],"boss_relics":[{"not_picked":["Runic Pyramid","Runic Cube"],"picked":"Mark of Pain"}],"potions_floor_spawned":[6,13,18,31],"seed_played":"-8741374465814662805","killed_by":"Champ","is_trial":false}