{"path_per_floor":["M","M","?","M","M","E","$","E","T","M","E","M","M","M","R","B",null,"M","?","?","M","M","R"],"character_chosen":"IRONCLAD","items_purchased":["Inflame","Flex","Sword Boomerang"],"gold_per_floor":[109,123,123,134,153,187,46,71,144,155,184,204,223,241,241,338,338,351,351,351,367,381,381],"floor_reached":24,"campfire_rested":1,"playtime":2534,"current_hp_per_floor":[68,68,52,58,64,55,55,47,47,52,49,33,38,37,61,23,80,59,59,49,35,29,29],"items_purged":[],"gold":381,"play_id":"be970a08-ce12-4342-899c-00ed8ca30c32","is_prod":false,"is_daily":false,"campfire_rituals":0,"campfire_upgraded":1,"is_hardmode":false,"path_taken":["M","?","?","M","M","E","?","E","T","?","E","M","M","M","R","BOSS","M","?","?","M","M","R","M"],"build_version":"2018-01-18-PROD4","purchased_purges":0,"victory":false,"master_deck":["Strike_R","Strike_R","Strike_R","Strike_R","Strike_R","Defend_R","Defend_R","Defend_R","Defend_R","Bash","Iron Wave","Power Through","Dropkick","Iron Wave","Pommel Strike","Inflame","Flex","Sword Boomerang","Sword Boomerang","Rage","Shrug It Off","Battle Trance","Shockwave","Hemokinesis","Bludgeon","Pommel Strike","Necronomicurse","Heavy Blade","Armaments"],"max_hp_per_floor":[80,80,80,80,80,80,80,80,80,80,80,80,80,80,80,80,80,80,80,86,86,86,86],"relics":["Burning Blood","Champion Belt","Letter Opener","Darkstone Periapt","Bottled Tornado","Black Star","Necronomicon"],"campfire_meditates":0,"card_choices":[{"not_picked":["Rage","Cleave"],"picked":"Armaments"},{"not_picked":["Clothesline","Cleave"],"picked":"Iron Wave"},{"not_picked":["Cleave","Sword Boomerang"],"picked":"Power Through"},{"not_picked":["Heavy Blade","Juggernaut"],"picked":"Dropkick"},{"not_picked":["Sword Boomerang","Flex"],"picked":"Iron Wave"},{"not_picked":["Iron Wave","Perfected Strike"],"picked":"Pommel Strike"},{"not_picked":["Combust","Feed"],"picked":"Sword Boomerang"},{"not_picked":["Clash","Perfected Strike"],"picked":"Rage"},{"not_picked":["Intimidate","Blood for Blood"],"picked":"Shrug It Off"},{"not_picked":["Warcry","Searing Blow"],"picked":"Battle Trance"},{"not_picked":["Burning Pact","Corruption"],"picked":"Shockwave"},{"not_picked":["True Grit","Body Slam"],"picked":"Hemokinesis"},{"not_picked":["Fiend Fire","Juggernaut"],"picked":"Bludgeon"},{"not_picked":["True Grit","Rupture"],"picked":"Pommel Strike"},{"not_picked":["Power Through","Flame Barrier"],"picked":"Heavy Blade"},{"not_picked":["Cleave","Feel No Pain"],"picked":"Armaments"}],"player_experience":4878,"potions_floor_usage":[8,16,16,22,24,24],"damage_taken":[{"damage":18,"enemies":"Blue Slaver","floor":1,"turns":6},{"damage":6,"enemies":"2 Louse","floor":2,"turns":4},{"damage":0,"enemies":"Small Slimes","floor":4,"turns":5},{"damage":0,"enemies":"Red Slaver","floor":5,"turns":4},{"damage":15,"enemies":"Gremlin Nob","floor":6,"turns":6},{"damage":14,"enemies":"Lagavulin","floor":8,"turns":6},{"damage":1,"enemies":"Exordium Thugs","floor":10,"turns":5},{"damage":9,"enemies":"Gremlin Nob","floor":11,"turns":4},{"damage":22,"enemies":"Exordium Wildlife","floor":12,"turns":5},{"damage":1,"enemies":"Red Slaver","floor":13,"turns":3},{"damage":7,"enemies":"3 Louse","floor":14,"turns":4},{"damage":44,"enemies":"Slime Boss","floor":16,"turns":13},{"damage":27,"enemies":"2 Thieves","floor":18,"turns":5},{"damage":20,"enemies":"Shell Parasite","floor":21,"turns":5},{"damage":12,"enemies":"Centurion and Healer","floor":22,"turns":4},{"damage":33,"enemies":"Sentry and Sphere","floor":24,"turns":5}],"event_choices":[{"event_name":"Shining Light","player_choice":"Entered Light","floor":3,"damage_taken":0},{"event_name":"Back to Basics","player_choice":"Simplicity","floor":19,"damage_taken":0},{"event_name":"Cursed Tome","player_choice":"Obtained Book","floor":20,"damage_taken":0}],"boss_relics":[{"not_picked":["Tiny House","Black Blood"],"picked":"Black Star"}],"potions_floor_spawned":[2,4,8,12,16,18,21],"seed_played":"-2383090606889420409","killed_by":"Sentry and Sphere","is_trial":false}