{"path_per_floor":["M","?","$","?","M","E","$","E","T","R","M","R","M","M","R","B",null,"M","T","M","?","?","E","$"],"character_chosen":"IRONCLAD","items_purchased":["Inflame"],"gold_per_floor":[116,116,41,41,55,80,80,113,167,167,179,179,191,207,207,312,312,323,323,336,336,336,371,337],"floor_reached":25,"campfire_rested":1,"playtime":1796,"current_hp_per_floor":[77,82,82,82,85,31,31,14,14,14,20,45,51,52,52,22,85,67,67,48,48,48,14,14],"items_purged":["Injury"],"gold":337,"play_id":"fd7e4938-ae17-4c14-b741-3e589a5744bf","is_prod":false,"is_daily":false,"is_ascension_mode":true,"campfire_upgraded":2,"path_taken":["M","?","$","?","M","E","?","E","T","R","?","R","M","M","R","BOSS","M","?","M","?","?","E","$","M"],"build_version":"2018-02-01-PROD3","purchased_purges":2,"victory":false,"master_deck":["Strike_R","Strike_R","Strike_R","Strike_R","Defend_R+1","Bash+1","Heavy Blade","Rampage+1","Shrug It Off","Warcry+1","Immolate+1","Burning Pact+1","Bloodletting+1","Inflame+1","Dual Wield","Inflame"],"max_hp_per_floor":[80,85,85,85,85,85,85,85,85,85,85,85,85,85,85,85,85,85,85,85,85,85,85,85],"relics":["Burning Blood","Charon\u0027s Ashes","Thread and Needle","Prayer Wheel","War Paint","Astrolabe","Happy Flower","Bronze Scales"],"card_choices":[{"not_picked":["Sentinel","Body Slam"],"picked":"Heavy Blade"},{"not_picked":["Shrug It Off","Warcry"],"picked":"Rampage"},{"not_picked":["Havoc","Searing Blow"],"picked":"Shrug It Off"},{"not_picked":["Anger","Havoc"],"picked":"Warcry"},{"not_picked":["Armaments","Wild Strike"],"picked":"Inflame"},{"not_picked":["Clash","Shrug It Off"],"picked":"Dual Wield"}],"player_experience":212955,"potions_floor_usage":[13,16,20,25],"damage_taken":[{"damage":9.0,"enemies":"Jaw Worm","floor":1.0,"turns":3.0},{"damage":3.0,"enemies":"2 Louse","floor":5.0,"turns":2.0},{"damage":60.0,"enemies":"Lagavulin","floor":6.0,"turns":6.0},{"damage":23,"enemies":"Gremlin Nob","floor":8,"turns":4},{"damage":0,"enemies":"Blue Slaver","floor":11,"turns":3},{"damage":0,"enemies":"2 Fungi Beasts","floor":13,"turns":2},{"damage":5,"enemies":"Gremlin Gang","floor":14,"turns":5},{"damage":51,"enemies":"The Guardian","floor":16,"turns":10},{"damage":24,"enemies":"Chosen","floor":18,"turns":5},{"damage":25,"enemies":"2 Thieves","floor":20,"turns":3},{"damage":40,"enemies":"Gremlin Leader","floor":23,"turns":9},{"damage":19,"enemies":"Snake Plant","floor":25,"turns":1}],"event_choices":[{"event_name":"Big Fish","player_choice":"Donut","floor":2.0,"damage_taken":0.0},{"event_name":"The Lab","player_choice":"Got Potions","floor":4.0,"damage_taken":0.0},{"event_name":"Upgrade Shrine","player_choice":"Upgraded","floor":21,"damage_taken":0},{"event_name":"Bonfire Elementals","player_choice":"BASIC","floor":22,"damage_taken":0}],"boss_relics":[{"not_picked":["Mark of Pain","Pandora\u0027s Box"],"picked":"Astrolabe"}],"potions_floor_spawned":[5,8,11,14,20,23],"seed_played":"8756525417352332654","killed_by":"Snake Plant","ascension_level":3,"is_trial":false}