{"path_per_floor":["M","M","M","?","M","R","M","E","T","R","?","M","$","M","R"],"character_chosen":"IRONCLAD","items_purchased":["Clash","Toolbox"],"gold_per_floor":[115,133,147,222,241,241,251,585,641,641,665,685,389,405,405],"floor_reached":16,"campfire_rested":2,"playtime":1268,"current_hp_per_floor":[80,80,80,69,56,80,80,42,42,42,28,15,15,21,45],"items_purged":[],"gold":405,"play_id":"9318825f-4b77-4f4b-acb9-96bda290d075","is_prod":false,"is_daily":false,"is_ascension_mode":false,"campfire_upgraded":1,"path_taken":["M","M","M","?","M","R","M","E","T","R","?","?","$","M","R","BOSS"],"build_version":"2018-01-25-PROD3","purchased_purges":0,"victory":false,"master_deck":["Strike_R","Strike_R","Strike_R","Strike_R","Strike_R","Defend_R","Defend_R","Defend_R","Defend_R","Bash","Inflame","Combust","Clash","Flex+1","Battle Trance","Heavy Blade","Heavy Blade","Heavy Blade","Clash","Power Through"],"max_hp_per_floor":[80,80,80,80,80,80,80,80,80,80,80,80,80,80,80],"relics":["Burning Blood","NeowsBlessing","Old Coin","Tiny Chest","Odd Mushroom","Toolbox"],"card_choices":[{"not_picked":["Heavy Blade","Headbutt"],"picked":"Inflame"},{"not_picked":["Headbutt","Flame Barrier"],"picked":"Combust"},{"not_picked":["Warcry","Headbutt"],"picked":"Clash"},{"not_picked":["Clothesline","Seeing Red"],"picked":"Flex"},{"not_picked":["Barricade","Feel No Pain"],"picked":"Battle Trance"},{"not_picked":["Clothesline","Sever Soul"],"picked":"Heavy Blade"},{"not_picked":["Armaments","Anger"],"picked":"Heavy Blade"},{"not_picked":["Warcry","Spot Weakness"],"picked":"Heavy Blade"},{"not_picked":["Warcry","True Grit"],"picked":"Power Through"}],"player_experience":83553,"potions_floor_usage":[14,16,16],"damage_taken":[{"damage":0,"enemies":"Cultist","floor":1,"turns":1},{"damage":0,"enemies":"Small Slimes","floor":2,"turns":1},{"damage":0,"enemies":"2 Louse","floor":3,"turns":1},{"damage":19,"enemies":"2 Fungi Beasts","floor":5,"turns":4},{"damage":2,"enemies":"Large Slime","floor":7,"turns":5},{"damage":44,"enemies":"3 Sentries","floor":8,"turns":7},{"damage":20,"enemies":"The Mushroom Lair","floor":11,"turns":3},{"damage":19,"enemies":"Lots of Slimes","floor":12,"turns":4},{"damage":0,"enemies":"Looter","floor":14,"turns":3},{"damage":46,"enemies":"Hexaghost","floor":16,"turns":7}],"event_choices":[{"event_name":"World of Goop","player_choice":"Gather Gold","floor":4,"damage_taken":0},{"event_name":"Mushrooms","player_choice":"Fought Mushrooms","floor":11,"damage_taken":0}],"boss_relics":[],"potions_floor_spawned":[1,11,12],"seed_played":"-8609730977422829490","killed_by":"Hexaghost","ascension_level":0,"is_trial":false}