{"path_per_floor":["M","M","$","?","?","R","E","$","T","M","?","M","R","M","R","B",null,"M","M","M","M","?","R","?","M","T","R","$","M","M","M","R","B",null,"M","M","M","$","M","E","R","M","T","R","?","$","R","M","R","B"],"character_chosen":"IRONCLAD","items_purchased":["Whirlwind","Paper Frog","Lantern","Centennial Puzzle","Strength Potion"],"gold_per_floor":[118,134,59,234,184,184,216,141,219,234,261,277,277,296,296,394,394,407,423,435,451,451,451,451,466,539,539,35,53,65,76,76,177,177,189,207,226,84,103,130,130,142,142,142,191,71,71,87,87,87],"floor_reached":51,"campfire_rested":4,"playtime":6365,"current_hp_per_floor":[80,80,80,80,80,80,65,65,65,71,76,50,50,44,44,24,80,80,80,80,68,68,68,68,60,60,60,60,45,47,43,43,8,80,80,80,44,44,42,19,43,24,24,48,29,29,53,59,80,31],"items_purged":["Defend_R","Strike_R","Defend_R","Strike_R"],"gold":87,"play_id":"0aca074f-19d7-450c-8c36-6b48d8145010","is_prod":false,"is_daily":false,"is_ascension_mode":false,"campfire_upgraded":6,"path_taken":["M","M","$","?","?","R","E","$","T","?","?","M","R","M","R","BOSS","M","M","M","M","?","R","?","M","T","R","$","M","M","M","R","BOSS","M","M","M","$","M","E","R","M","T","R","?","$","R","M","R","BOSS"],"build_version":"2018-01-25-PROD3","purchased_purges":4,"victory":true,"master_deck":["Strike_R","Strike_R","Defend_R","Defend_R","Bash","Burning Pact","Spot Weakness+1","Whirlwind+1","Spot Weakness","Whirlwind+1","Demon Form+1","Offering+1","Warcry+1","Seeing Red+1","Offering","Seeing Red+1","Thunderclap","Flex"],"max_hp_per_floor":[80,80,80,80,80,80,80,80,80,80,80,80,80,80,80,80,80,80,80,80,80,80,80,80,80,80,80,80,80,80,80,80,80,80,80,80,80,80,80,80,80,80,80,80,80,80,80,80,80,80],"relics":["Burning Blood","Bottled Lightning","The Courier","Odd Mushroom","Velvet Choker","Letter Opener","Paper Frog","Lantern","Centennial Puzzle","Black Star","Pen Nib","Toxic Egg","Dream Catcher","Unceasing Top"],"card_choices":[{"not_picked":["Sword Boomerang","Pommel Strike"],"picked":"Burning Pact"},{"not_picked":["Wild Strike","Sever Soul"],"picked":"Spot Weakness"},{"not_picked":["Armaments","Clash"],"picked":"Spot Weakness"},{"not_picked":["Iron Wave","Fire Breathing"],"picked":"Whirlwind"},{"not_picked":["Shrug It Off","Battle Trance"],"picked":"Demon Form"},{"not_picked":["Impervious","Immolate"],"picked":"Offering"},{"not_picked":["Perfected Strike","Anger"],"picked":"Warcry"},{"not_picked":["Heavy Blade","Twin Strike"],"picked":"Seeing Red"},{"not_picked":["Bludgeon","Fiend Fire"],"picked":"Offering"},{"not_picked":["Warcry","Corruption"],"picked":"Seeing Red"},{"not_picked":["True Grit","Burning Pact"],"picked":"Thunderclap"},{"not_picked":["Twin Strike","Armaments"],"picked":"Flex"}],"player_experience":112289,"potions_floor_usage":[50],"damage_taken":[{"damage":5.0,"enemies":"Jaw Worm","floor":1.0,"turns":4.0},{"damage":2.0,"enemies":"2 Louse","floor":2.0,"turns":2.0},{"damage":21.0,"enemies":"Lagavulin","floor":7.0,"turns":5.0},{"damage":0.0,"enemies":"Small Slimes","floor":10.0,"turns":2.0},{"damage":1.0,"enemies":"The Mushroom Lair","floor":11.0,"turns":2.0},{"damage":32.0,"enemies":"Exordium Thugs","floor":12.0,"turns":5.0},{"damage":12.0,"enemies":"Gremlin Gang","floor":14.0,"turns":2.0},{"damage":26.0,"enemies":"Hexaghost","floor":16.0,"turns":6.0},{"damage":5.0,"enemies":"Spheric Guardian","floor":18.0,"turns":3.0},{"damage":4.0,"enemies":"2 Thieves","floor":19.0,"turns":1.0},{"damage":4.0,"enemies":"3 Cultists","floor":20.0,"turns":2.0},{"damage":18.0,"enemies":"Snecko","floor":21.0,"turns":5.0},{"damage":14.0,"enemies":"Sentry and Sphere","floor":25.0,"turns":3.0},{"damage":21.0,"enemies":"Snake Plant","floor":29.0,"turns":3.0},{"damage":4.0,"enemies":"Centurion and Healer","floor":30.0,"turns":2.0},{"damage":10.0,"enemies":"Chosen and Byrds","floor":31.0,"turns":2.0},{"damage":41.0,"enemies":"Champ","floor":33.0,"turns":5.0},{"damage":4.0,"enemies":"3 Darklings","floor":35.0,"turns":1.0},{"damage":5.0,"enemies":"Orb Walker","floor":36.0,"turns":2.0},{"damage":42.0,"enemies":"4 Shapes","floor":37.0,"turns":2.0},{"damage":8.0,"enemies":"Sphere and 2 Shapes","floor":39.0,"turns":1.0},{"damage":29.0,"enemies":"Giant Head","floor":40.0,"turns":5.0},{"damage":25.0,"enemies":"Maw","floor":42.0,"turns":5.0},{"damage":25.0,"enemies":"Mysterious Sphere","floor":45.0,"turns":1.0},{"damage":0.0,"enemies":"3 Darklings","floor":48.0,"turns":1.0},{"damage":55,"enemies":"Time Eater","floor":50,"turns":3}],"event_choices":[{"event_name":"Liars Game","player_choice":"agreed","floor":4.0,"damage_taken":0.0},{"event_name":"The Cleric","player_choice":"Card Removal","floor":5.0,"damage_taken":0.0},{"event_name":"Mushrooms","player_choice":"Fought Mushrooms","floor":11.0,"damage_taken":0.0},{"event_name":"Back to Basics","player_choice":"Elegance","floor":22.0,"damage_taken":0.0},{"event_name":"Match and Keep!","player_choice":"0 cards matched","floor":24.0,"damage_taken":0.0},{"event_name":"Mysterious Sphere","player_choice":"Fight","floor":45.0,"damage_taken":0.0}],"boss_relics":[],"potions_floor_spawned":[2,7,12,19,25,30,33,35,37,39],"seed_played":"5693317114273843431","ascension_level":0,"is_trial":false}