{"path_per_floor":["M","M","$","?","M","R","?","?","T","M","R","M","$","M","R","B",null,"M","?","?","M","$","M","E","R","T","E","?","$","R","M","R","B",null,"M","$","M"],"character_chosen":"IRONCLAD","items_purchased":[],"gold_per_floor":[116,130,55,5,22,22,22,22,22,32,32,44,44,64,64,169,169,180,180,95,111,111,129,160,160,160,185,185,185,185,202,202,304,304,323,323,343],"floor_reached":38,"campfire_rested":1,"playtime":3432,"current_hp_per_floor":[74,74,74,74,80,80,80,80,80,80,80,80,80,78,78,53,80,80,80,80,58,58,32,25,49,49,31,31,31,31,38,38,10,56,42,42,44],"items_purged":["Regret"],"gold":343,"play_id":"b28e4572-755c-46c7-82bd-23f814aa892c","is_prod":false,"is_daily":false,"is_ascension_mode":true,"campfire_upgraded":5,"path_taken":["M","M","$","?","M","R","?","?","T","M","R","M","?","M","R","BOSS","M","?","?","?","$","M","E","R","T","E","?","$","R","M","R","BOSS","M","$","M","M"],"build_version":"2018-02-01-PROD3","purchased_purges":2,"victory":false,"master_deck":["Defend_R","Defend_R","Defend_R","Bash+1","Pommel Strike","Spot Weakness+1","Infernal Blade+1","Whirlwind+1","Demon Form+1","Clothesline+1","Bite","Bite","Bite","Bite","Bite+1","Demon Form","Flex"],"max_hp_per_floor":[80,80,80,80,80,80,80,80,80,80,80,80,80,80,80,80,80,80,80,80,80,80,80,80,80,80,80,56,56,56,56,56,56,56,56,56,56],"relics":["Burning Blood","Calipers","Bronze Scales","Thread and Needle","Runic Dome","Magic Flower","Bird Faced Urn","Frozen Eye","Pantograph","Cursed Key"],"card_choices":[{"not_picked":["Dropkick","Disarm"],"picked":"Pommel Strike"},{"not_picked":["Perfected Strike","Combust"],"picked":"Spot Weakness"},{"not_picked":["Perfected Strike","True Grit"],"picked":"Infernal Blade"},{"not_picked":["Sword Boomerang","True Grit"],"picked":"Whirlwind"},{"not_picked":["Fiend Fire","Dark Embrace"],"picked":"Demon Form"},{"not_picked":["Intimidate","Fiend Fire"],"picked":"Clothesline"},{"not_picked":["Dark Embrace","Barricade"],"picked":"Demon Form"},{"not_picked":["Cleave","Perfected Strike"],"picked":"Flex"}],"player_experience":209523,"potions_floor_usage":[24,33,33,38],"damage_taken":[{"damage":12,"enemies":"Jaw Worm","floor":1,"turns":2},{"damage":6,"enemies":"2 Louse","floor":2,"turns":2},{"damage":0,"enemies":"Cultist","floor":5,"turns":3},{"damage":1,"enemies":"3 Louse","floor":10,"turns":3},{"damage":0,"enemies":"Exordium Thugs","floor":12,"turns":2},{"damage":8,"enemies":"Lots of Slimes","floor":14,"turns":2},{"damage":31,"enemies":"The Guardian","floor":16,"turns":5},{"damage":0,"enemies":"3 Byrds","floor":18,"turns":2},{"damage":31,"enemies":"2 Thieves","floor":21,"turns":3},{"damage":35,"enemies":"Snake Plant","floor":23,"turns":4},{"damage":16,"enemies":"Gremlin Leader","floor":24,"turns":4},{"damage":27,"enemies":"Book of Stabbing","floor":27,"turns":4},{"damage":23,"enemies":"Slaver and Parasite","floor":31,"turns":5},{"damage":71,"enemies":"Collector","floor":33,"turns":8},{"damage":23,"enemies":"3 Darklings","floor":35,"turns":2},{"damage":16,"enemies":"Orb Walker","floor":37,"turns":2}],"event_choices":[{"event_name":"The Cleric","player_choice":"Card Removal","floor":4,"damage_taken":0},{"event_name":"Living Wall","player_choice":"Grow","floor":7,"damage_taken":0},{"event_name":"Accursed Blacksmith","player_choice":"Rummage","floor":8,"damage_taken":0},{"event_name":"Drug Dealer","player_choice":"Ignored","floor":19,"damage_taken":0},{"event_name":"Addict","player_choice":"Obtained Relic","floor":20,"damage_taken":0},{"event_name":"Vampires","player_choice":"Became a vampire","floor":28,"damage_taken":0}],"boss_relics":[{"not_picked":["Eternal Feather","Runic Pyramid"],"picked":"Runic Dome"},{"not_picked":["Black Star","Runic Cube"],"picked":"Cursed Key"}],"potions_floor_spawned":[1,16,18,23,27,31],"seed_played":"-7176455124937618199","killed_by":"4 Shapes","ascension_level":3,"is_trial":false}