{"path_per_floor":["M","$","?","M","?","E","R","E","T","M","R","E","T","?","R","B",null,"M","?","$","$","M","E","R","T","T","T","M","M"],"character_chosen":"IRONCLAD","items_purchased":["Flex","Ginger"],"gold_per_floor":[114,39,214,226,226,260,260,292,292,310,310,342,342,292,292,395,395,410,410,386,72,85,120,120,120,120,120,136,146],"floor_reached":30,"campfire_rested":1,"playtime":1129,"current_hp_per_floor":[80,80,80,80,80,80,80,54,54,41,41,13,13,13,38,12,86,48,48,48,48,44,23,23,23,23,23,13,17],"items_purged":["Defend_R"],"gold":146,"play_id":"7d40774f-1ea7-42a5-91a3-676e123cf428","is_prod":false,"is_daily":false,"is_ascension_mode":true,"campfire_upgraded":3,"path_taken":["M","$","?","M","?","E","R","E","T","?","R","E","?","?","R","BOSS","M","?","?","$","M","E","R","?","T","?","?","M","M"],"build_version":"2018-01-25-PROD3","purchased_purges":1,"victory":false,"master_deck":["Strike_R","Strike_R","Strike_R","Strike_R","Strike_R","Defend_R","Defend_R","Bash","Heavy Blade+1","Burning Pact+1","Whirlwind+1","Power Through+1","Flex","Inflame+1","Clumsy","Regret","Writhe","Evolve","Armaments+1"],"max_hp_per_floor":[80,80,80,80,80,80,80,82,82,84,84,84,84,84,84,86,86,86,86,86,86,88,88,88,88,88,88,88,88],"relics":["Burning Blood","NeowsBlessing","Shuriken","Singing Bowl","Red Skull","Bottled Lightning","Calipers","Cursed Key","Ginger","Gremlin Horn","Vajra","Blood Vial","Du-Vu Doll"],"card_choices":[{"not_picked":["Spot Weakness","Sword Boomerang"],"picked":"Heavy Blade"},{"not_picked":["Reckless Charge","Dropkick"],"picked":"Burning Pact"},{"not_picked":["Limit Break","Twin Strike"],"picked":"Whirlwind"},{"not_picked":["Corruption","Flex"],"picked":"Power Through"},{"not_picked":["Pommel Strike","Armaments"],"picked":"Inflame"},{"not_picked":["Body Slam","Power Through"],"picked":"Evolve"},{"not_picked":["Juggernaut","Havoc"],"picked":"Armaments"}],"player_experience":162546,"potions_floor_usage":[16,16,23,23,28,30],"damage_taken":[{"damage":0.0,"enemies":"Small Slimes","floor":1.0,"turns":1.0},{"damage":0.0,"enemies":"Jaw Worm","floor":4.0,"turns":1.0},{"damage":0.0,"enemies":"3 Sentries","floor":6.0,"turns":1.0},{"damage":34.0,"enemies":"Gremlin Nob","floor":8.0,"turns":5.0},{"damage":21.0,"enemies":"Blue Slaver","floor":10.0,"turns":3.0},{"damage":34.0,"enemies":"Lagavulin","floor":12.0,"turns":6.0},{"damage":34,"enemies":"The Guardian","floor":16,"turns":6},{"damage":44,"enemies":"2 Thieves","floor":18,"turns":3},{"damage":12,"enemies":"Chosen","floor":22,"turns":3},{"damage":27,"enemies":"Slavers","floor":23,"turns":2},{"damage":18,"enemies":"Snake Plant","floor":28,"turns":2},{"damage":4,"enemies":"Snecko","floor":29,"turns":2},{"damage":23,"enemies":"Centurion and Healer","floor":30,"turns":2}],"event_choices":[{"event_name":"Liars Game","player_choice":"agreed","floor":3.0,"damage_taken":0.0},{"event_name":"Fountain of Cleansing","player_choice":"Removed Curse","floor":5.0,"damage_taken":0.0},{"event_name":"The Cleric","player_choice":"Card Removal","floor":14,"damage_taken":0},{"event_name":"The Lab","player_choice":"Got Potions","floor":19,"damage_taken":0}],"boss_relics":[{"not_picked":["White Beast Statue","Astrolabe"],"picked":"Cursed Key"}],"potions_floor_spawned":[1,10,16,22,28],"seed_played":"-397687333995301619","killed_by":"Centurion and Healer","ascension_level":2,"is_trial":false}