{"path_per_floor":["M","$","?","T","$","R","M","M","T","M","R","M","M","M","R","B",null,"M","M","M","M","$","R","M","R","T","M"],"character_chosen":"IRONCLAD","items_purchased":["Spot Weakness","Paper Frog"],"gold_per_floor":[114,39,39,62,23,23,48,71,71,89,89,113,131,146,146,272,272,290,304,320,338,91,91,115,115,115,130],"floor_reached":28,"campfire_rested":2,"playtime":1640,"current_hp_per_floor":[67,67,67,67,67,67,73,74,74,48,48,39,18,21,43,16,74,74,58,64,31,31,31,14,36,36,26],"items_purged":["Defend_R"],"gold":130,"play_id":"de0078bb-8379-4764-a02c-104780d5b860","is_prod":false,"is_daily":false,"is_ascension_mode":true,"campfire_upgraded":3,"path_taken":["M","$","?","?","$","R","M","M","T","?","R","?","M","M","R","BOSS","M","M","M","M","$","R","M","R","T","M","M"],"build_version":"2018-01-25-PROD3","purchased_purges":1,"victory":false,"master_deck":["Strike_R","Strike_R","Strike_R","Strike_R","Strike_R","Defend_R+1","Defend_R","Defend_R+1","Bash","Whirlwind+1","Spot Weakness+1","Seeing Red","Double Tap+1","Headbutt+1","True Grit+1","Thunderclap","Flex"],"max_hp_per_floor":[80,80,74,74,74,74,74,74,74,74,74,74,74,74,74,74,74,74,74,74,74,74,74,74,74,74,74],"relics":["Burning Blood","Golden Idol","War Paint","Calipers","Sozu","Paper Frog","Unceasing Top"],"card_choices":[{"not_picked":["Rampage","Sword Boomerang"],"picked":"Whirlwind"},{"not_picked":["Disarm","Armaments"],"picked":"Seeing Red"},{"not_picked":["Limit Break","Reaper"],"picked":"Double Tap"},{"not_picked":["Body Slam","Havoc"],"picked":"Headbutt"},{"not_picked":["Sword Boomerang","Twin Strike"],"picked":"True Grit"},{"not_picked":["Sword Boomerang","Combust"],"picked":"Thunderclap"},{"not_picked":["Heavy Blade","Pummel"],"picked":"Flex"}],"player_experience":158287,"potions_floor_usage":[16],"damage_taken":[{"damage":19,"enemies":"Blue Slaver","floor":1,"turns":4},{"damage":0,"enemies":"Small Slimes","floor":7,"turns":2},{"damage":0,"enemies":"Jaw Worm","floor":8,"turns":3},{"damage":32,"enemies":"Exordium Thugs","floor":10,"turns":5},{"damage":15,"enemies":"Red Slaver","floor":12,"turns":3},{"damage":27,"enemies":"Lots of Slimes","floor":13,"turns":3},{"damage":3,"enemies":"Looter","floor":14,"turns":2},{"damage":33,"enemies":"The Guardian","floor":16,"turns":8},{"damage":6,"enemies":"3 Byrds","floor":18,"turns":3},{"damage":22,"enemies":"2 Thieves","floor":19,"turns":3},{"damage":0,"enemies":"Chosen and Byrds","floor":20,"turns":4},{"damage":39,"enemies":"Snecko","floor":21,"turns":6},{"damage":23,"enemies":"Centurion and Healer","floor":24,"turns":5},{"damage":16,"enemies":"Snake Plant","floor":27,"turns":3},{"damage":37,"enemies":"Snecko","floor":28,"turns":3}],"event_choices":[{"event_name":"Golden Idol","player_choice":"Lose Max HP","floor":3,"damage_taken":0}],"boss_relics":[{"not_picked":["Runic Pyramid","Cursed Key"],"picked":"Sozu"}],"potions_floor_spawned":[1,12,13,14,18,19,24],"seed_played":"-9216189957459830916","killed_by":"Snecko","ascension_level":2,"is_trial":false}