{"path_per_floor":["M","?","$","?","M","R","M","T","T","$","?","R","M","E","R","B",null,"M","?","?","M","$","M","E","R","T","M","$","R","?","M","R","B",null,"M","M","?"],"character_chosen":"IRONCLAD","items_purchased":["Bottled Flame","Omamori","Bottled Tornado","Flex"],"gold_per_floor":[110,110,35,35,53,53,67,67,140,140,140,140,155,198,198,321,321,335,535,535,559,160,181,222,222,293,313,35,35,35,49,49,168,168,186,204,204],"floor_reached":38,"campfire_rested":2,"playtime":5379,"current_hp_per_floor":[88,81,81,74,70,70,70,70,70,70,70,70,67,57,57,50,85,80,80,80,77,77,55,23,50,50,64,64,64,48,39,67,34,95,95,59,59],"items_purged":["Defend_R"],"gold":204,"play_id":"742bde9e-8bcc-4270-ad1a-7c2a3ee6f1a7","is_prod":false,"is_daily":false,"is_ascension_mode":true,"campfire_upgraded":4,"path_taken":["M","?","$","?","?","R","?","?","T","?","?","R","?","E","R","BOSS","M","?","?","M","$","M","E","R","T","?","$","R","?","M","R","BOSS","M","M","?","?"],"build_version":"2018-01-25-PROD3","purchased_purges":1,"victory":false,"master_deck":["Bash+1","Inflame+1","Flex","Heavy Blade+1","Pummel","Warcry","Feel No Pain","Warcry","Metallicize","Armaments","Shrug It Off","Havoc","Heavy Blade","Flex+1","Offering","Heavy Blade+1","Pommel Strike+1"],"max_hp_per_floor":[88,81,81,81,83,83,83,83,83,83,83,83,83,83,83,85,85,85,85,85,87,87,89,91,91,91,93,93,93,93,95,95,95,95,95,95,95],"relics":["Burning Blood","Golden Idol","Singing Bowl","Champion Belt","Meat on the Bone","Orichalcum","Pandora\u0027s Box","Bottled Flame","Omamori","Darkstone Periapt","Letter Opener","Bottled Tornado","Enchiridion","Question Card"],"card_choices":[{"not_picked":["Clash","Sword Boomerang"],"picked":"Inflame"},{"not_picked":["Uppercut","Wild Strike"],"picked":"Flex"},{"not_picked":["Corruption","Clash"],"picked":"Heavy Blade"},{"not_picked":["Havoc","Hemokinesis"],"picked":"Heavy Blade"},{"not_picked":["Fiend Fire","Demon Form"],"picked":"Offering"},{"not_picked":["Cleave","Clash","Armaments"],"picked":"Heavy Blade"},{"not_picked":["Reaper","Battle Trance","Armaments"],"picked":"Pommel Strike"}],"player_experience":165680,"potions_floor_usage":[24,31,33,33,38],"damage_taken":[{"damage":1,"enemies":"Cultist","floor":1,"turns":4},{"damage":12,"enemies":"Jaw Worm","floor":5,"turns":2},{"damage":6,"enemies":"2 Louse","floor":7,"turns":3},{"damage":9,"enemies":"Exordium Thugs","floor":13,"turns":4},{"damage":16,"enemies":"Gremlin Nob","floor":14,"turns":3},{"damage":27,"enemies":"The Guardian","floor":16,"turns":7},{"damage":11,"enemies":"Spheric Guardian","floor":18,"turns":4},{"damage":11,"enemies":"Shell Parasite","floor":21,"turns":3},{"damage":42,"enemies":"Sentry and Sphere","floor":23,"turns":6},{"damage":52,"enemies":"Gremlin Leader","floor":24,"turns":7},{"damage":6,"enemies":"Snecko","floor":27,"turns":4},{"damage":29,"enemies":"Slaver and Parasite","floor":31,"turns":7},{"damage":51,"enemies":"Collector","floor":33,"turns":4},{"damage":5,"enemies":"Orb Walker","floor":35,"turns":2},{"damage":42,"enemies":"3 Darklings","floor":36,"turns":16}],"event_choices":[{"event_name":"Golden Idol","player_choice":"Lose Max HP","floor":2,"damage_taken":0},{"event_name":"Scrap Ooze","player_choice":"success","floor":4,"damage_taken":7},{"event_name":"Living Wall","player_choice":"Grow","floor":11,"damage_taken":0},{"event_name":"Wheel of Change","player_choice":"Gold","floor":19,"damage_taken":0},{"event_name":"The Woman in Blue","player_choice":"Bought 0 Potions","floor":20,"damage_taken":0},{"event_name":"Cursed Tome","player_choice":"Obtained Book","floor":30,"damage_taken":0},{"event_name":"Upgrade Shrine","player_choice":"Upgraded","floor":37,"damage_taken":0}],"boss_relics":[{"not_picked":["Runic Cube","Ectoplasm"],"picked":"Pandora\u0027s Box"},{"not_picked":["Orrery","Velvet Choker"],"picked":"Question Card"}],"potions_floor_spawned":[7,13,16,21,23,31,35],"seed_played":"-1796726791436436359","killed_by":"4 Shapes","ascension_level":2,"is_trial":false}