{"path_per_floor":["M","?","?","M","?","R","$","?","T","R","E","M","E","M","R","B",null,"M","T","$","M","$","R"],"character_chosen":"IRONCLAD","items_purchased":["True Grit","True Grit","Impervious"],"gold_per_floor":[116,66,66,86,86,86,62,62,115,115,140,151,178,193,193,298,298,318,370,273,283,145,145],"floor_reached":24,"campfire_rested":0,"playtime":6175,"current_hp_per_floor":[80,80,80,80,64,64,64,64,64,64,70,76,48,48,48,38,80,43,43,43,31,31,31],"items_purged":["Regret"],"gold":145,"play_id":"e6bef199-aedb-4691-a580-bcc87675bee8","is_prod":false,"is_daily":false,"is_ascension_mode":true,"campfire_upgraded":4,"path_taken":["M","?","?","?","?","R","$","?","T","R","E","M","E","M","R","BOSS","M","?","$","M","$","R","E"],"build_version":"2018-01-25-PROD3","purchased_purges":1,"victory":false,"master_deck":["Strike_R","Strike_R","Defend_R+1","Defend_R","Bash+1","Barricade+1","True Grit+1","Battle Trance","Shrug It Off","Heavy Blade+1","Shrug It Off","Disarm+1","Rampage+1","Combust+1","True Grit+1","Shrug It Off+1","Impervious"],"max_hp_per_floor":[80,80,80,80,80,80,80,80,80,80,80,80,80,80,80,80,80,80,80,80,80,80,80],"relics":["Burning Blood","NeowsBlessing","Red Skull","Tiny Chest","Orichalcum","Ancient Tea Set","Astrolabe","Art of War"],"card_choices":[{"not_picked":["Havoc","Armaments"],"picked":"Barricade"},{"not_picked":["Thunderclap","Havoc"],"picked":"Battle Trance"},{"not_picked":["Rage","Offering"],"picked":"Shrug It Off"},{"not_picked":["Cleave","Thunderclap"],"picked":"Heavy Blade"},{"not_picked":["Cleave","Twin Strike"],"picked":"Shrug It Off"},{"not_picked":["Twin Strike","Clothesline"],"picked":"Shrug It Off"}],"player_experience":142637,"potions_floor_usage":[16,24],"damage_taken":[{"damage":0,"enemies":"Jaw Worm","floor":1,"turns":1},{"damage":0,"enemies":"Blue Slaver","floor":4,"turns":1},{"damage":0,"enemies":"Gremlin Nob","floor":11,"turns":1},{"damage":0,"enemies":"Cultist","floor":12,"turns":4},{"damage":34,"enemies":"3 Sentries","floor":13,"turns":14},{"damage":6,"enemies":"Looter","floor":14,"turns":3},{"damage":16,"enemies":"The Guardian","floor":16,"turns":12},{"damage":43,"enemies":"3 Byrds","floor":18,"turns":6},{"damage":18,"enemies":"2 Thieves","floor":21,"turns":4},{"damage":34,"enemies":"Gremlin Leader","floor":24,"turns":9}],"event_choices":[{"event_name":"The Cleric","player_choice":"Card Removal","floor":2,"damage_taken":0},{"event_name":"Purifier","player_choice":"One Purge","floor":3,"damage_taken":0},{"event_name":"Shining Light","player_choice":"Entered Light","floor":5,"damage_taken":0},{"event_name":"Big Fish","player_choice":"Box","floor":8,"damage_taken":0}],"boss_relics":[{"not_picked":["White Beast Statue","Tiny House"],"picked":"Astrolabe"}],"potions_floor_spawned":[1,11],"seed_played":"575040339430689987","killed_by":"Gremlin Leader","ascension_level":1,"is_trial":false}