{"path_per_floor":["M","M","?","?","M","R","M","E","T","M","M","E","R","M","R","B",null,"M","$","M","?","M","E","R","M","T","R","?","M","E","$","R"],"character_chosen":"IRONCLAD","items_purchased":["Bag of Marbles","True Grit","Strength Potion","Regen Potion"],"gold_per_floor":[114,128,128,128,147,147,158,189,189,205,224,251,251,269,269,364,364,384,154,173,173,190,218,218,230,256,256,216,236,263,37,37],"floor_reached":33,"campfire_rested":3,"playtime":2555,"current_hp_per_floor":[80,80,80,86,86,86,80,82,82,68,57,32,32,38,66,37,128,86,86,77,77,79,32,70,46,46,46,46,38,25,25,63],"items_purged":["Decay","Normality"],"gold":37,"play_id":"7fa1dbb2-bbc1-4832-a064-af69ca130c04","is_prod":false,"is_daily":false,"is_ascension_mode":false,"campfire_upgraded":3,"path_taken":["M","M","?","?","M","R","M","E","T","M","M","E","R","M","R","BOSS","M","$","M","?","M","E","R","M","T","R","?","?","E","$","R","BOSS"],"build_version":"2018-01-25-PROD3","purchased_purges":2,"victory":false,"master_deck":["Strike_R","Strike_R","Strike_R","Strike_R","Defend_R","Defend_R","Defend_R","Defend_R","Bash","Rampage+1","Headbutt","Headbutt+1","Burning Pact+1","Injury","Injury","Warcry+1","Shrug It Off","Rampage+1","Demon Form+1","Pommel Strike+1","Brutality","True Grit"],"max_hp_per_floor":[80,80,80,86,86,86,86,96,96,96,96,96,96,96,96,96,128,128,128,128,128,128,128,128,128,128,128,128,128,128,128,128],"relics":["Burning Blood","Anchor","Darkstone Periapt","Pear","Paper Frog","Bronze Scales","Calling Bell","Gremlin Horn","Mango","Meat on the Bone","Bag of Marbles","Centennial Puzzle","Whetstone","Shuriken"],"card_choices":[{"not_picked":["Clash","Warcry"],"picked":"Rampage"},{"not_picked":["Sword Boomerang","Warcry"],"picked":"Headbutt"},{"not_picked":["Anger","Warcry"],"picked":"Headbutt"},{"not_picked":["Armaments","Whirlwind"],"picked":"Burning Pact"},{"not_picked":["Sword Boomerang","Headbutt"],"picked":"Warcry"},{"not_picked":["Iron Wave","Clothesline"],"picked":"Shrug It Off"},{"not_picked":["Dark Embrace","Armaments"],"picked":"Rampage"},{"not_picked":["Fire Breathing","Thunderclap"],"picked":"Demon Form"},{"not_picked":["Infernal Blade","Hemokinesis"],"picked":"Pommel Strike"},{"not_picked":["Power Through","Sword Boomerang"],"picked":"Brutality"}],"player_experience":87847,"potions_floor_usage":[8,12,16,23,30,30,33,33,33],"damage_taken":[{"damage":5,"enemies":"Small Slimes","floor":1,"turns":4},{"damage":0,"enemies":"2 Louse","floor":2,"turns":3},{"damage":1,"enemies":"Jaw Worm","floor":5,"turns":2},{"damage":12,"enemies":"2 Fungi Beasts","floor":7,"turns":4},{"damage":14,"enemies":"Gremlin Nob","floor":8,"turns":3},{"damage":20,"enemies":"Gremlin Gang","floor":10,"turns":4},{"damage":17,"enemies":"Exordium Wildlife","floor":11,"turns":4},{"damage":31,"enemies":"Lagavulin","floor":12,"turns":5},{"damage":0,"enemies":"Looter","floor":14,"turns":2},{"damage":35,"enemies":"Slime Boss","floor":16,"turns":6},{"damage":48,"enemies":"Spheric Guardian","floor":18,"turns":6},{"damage":27,"enemies":"Chosen","floor":20,"turns":5},{"damage":16,"enemies":"Centurion and Healer","floor":22,"turns":4},{"damage":65,"enemies":"Slavers","floor":23,"turns":7},{"damage":42,"enemies":"Snecko","floor":25,"turns":6},{"damage":26,"enemies":"3 Cultists","floor":29,"turns":5},{"damage":31,"enemies":"Gremlin Leader","floor":30,"turns":7},{"damage":83,"enemies":"Automaton","floor":33,"turns":6}],"event_choices":[{"event_name":"Living Wall","player_choice":"Forget","floor":3,"damage_taken":0},{"event_name":"Accursed Blacksmith","player_choice":"Rummage","floor":4,"damage_taken":0},{"event_name":"Drug Dealer","player_choice":"Ignored","floor":21,"damage_taken":0},{"event_name":"The Woman in Blue","player_choice":"Bought 3 Potions","floor":28,"damage_taken":0}],"boss_relics":[{"not_picked":["Eternal Feather","Velvet Choker"],"picked":"Calling Bell"}],"potions_floor_spawned":[5,8,10,16,20,22,23,25],"seed_played":"-7962687464841498256","killed_by":"Automaton","ascension_level":0,"is_trial":false}