{"path_per_floor":["M","M","$","M","M","R","?","R","T","$","M","M","E","?","R","B",null,"M","M","?","$","M","R","M","E","T","R","?","?","M","M","R","B",null,"M","M","M","?","$","M","$","R","T","M","$","?","?","M","R","B"],"character_chosen":"IRONCLAD","items_purchased":["Block Potion","Inflame","Paper Frog"],"gold_per_floor":[110,123,123,141,160,160,160,160,187,63,74,89,118,118,118,214,214,227,239,239,200,217,217,231,256,256,256,181,181,197,210,210,314,314,314,333,349,398,60,73,73,73,155,172,172,172,0,18,18,18],"floor_reached":51,"campfire_rested":3,"playtime":3053,"current_hp_per_floor":[72,76,76,80,71,71,71,71,71,71,74,80,53,53,77,53,80,80,62,62,62,63,63,56,46,46,46,46,46,48,49,49,9,80,65,58,60,38,38,15,15,39,39,45,45,45,45,31,55,15],"items_purged":["Doubt","Strike_R"],"gold":18,"play_id":"4aa5787f-0e78-477f-aae5-5b3858179e78","is_prod":false,"is_daily":false,"is_ascension_mode":false,"campfire_upgraded":5,"path_taken":["M","M","$","?","M","R","?","R","T","$","M","?","E","?","R","BOSS","M","M","?","$","M","R","M","E","T","R","?","?","M","M","R","BOSS","M","M","M","?","$","M","$","R","T","?","$","?","?","M","R","BOSS"],"build_version":"2018-01-25-PROD3","purchased_purges":2,"victory":true,"master_deck":["Strike_R","Strike_R","Strike_R","Defend_R","Defend_R","Defend_R","Bash+1","Shrug It Off+1","Whirlwind+1","Spot Weakness+1","Cleave+1","Offering+1","Burning Pact","Whirlwind+1","Inflame+1","Whirlwind+1","Shrug It Off+1","Thunderclap","Thunderclap","Demon Form","Whirlwind","Whirlwind+1","True Grit+1","Injury","Thunderclap+1"],"max_hp_per_floor":[80,80,80,80,80,80,80,80,80,80,80,80,80,80,80,80,80,80,80,80,80,80,80,80,80,80,80,80,80,80,80,80,80,80,80,80,80,80,80,80,80,80,80,80,80,80,80,80,80,80],"relics":["Burning Blood","Frozen Eye","Toxic Egg","Molten Egg","Cursed Key","Mummified Hand","Torii","Philosopher\u0027s Stone","Shovel","Paper Frog","Self Forming Clay","Red Mask"],"card_choices":[{"not_picked":["Intimidate","Combust"],"picked":"Shrug It Off"},{"not_picked":["Bloodletting","Dual Wield"],"picked":"Spot Weakness"},{"not_picked":["Fiend Fire","Shockwave"],"picked":"Cleave"},{"not_picked":["Immolate","Brutality"],"picked":"Offering"},{"not_picked":["Sword Boomerang","Hemokinesis"],"picked":"Burning Pact"},{"not_picked":["Warcry","Clothesline"],"picked":"Whirlwind"},{"not_picked":["Dropkick","Iron Wave"],"picked":"Shrug It Off"},{"not_picked":["Wild Strike","Disarm"],"picked":"Thunderclap"},{"not_picked":["Uppercut","Metallicize"],"picked":"Thunderclap"},{"not_picked":["Berserk","Dark Embrace"],"picked":"Demon Form"},{"not_picked":["Heavy Blade","Power Through"],"picked":"Whirlwind"},{"not_picked":["Pommel Strike","Rampage"],"picked":"Whirlwind"},{"not_picked":["Perfected Strike","Heavy Blade"],"picked":"True Grit"},{"not_picked":["Iron Wave","Second Wind"],"picked":"Thunderclap"}],"player_experience":90402,"potions_floor_usage":[16,33,33,40,48,50,50],"damage_taken":[{"damage":14,"enemies":"Blue Slaver","floor":1,"turns":3},{"damage":2,"enemies":"Small Slimes","floor":2,"turns":4},{"damage":0,"enemies":"2 Louse","floor":4,"turns":3},{"damage":15,"enemies":"Looter","floor":5,"turns":4},{"damage":3,"enemies":"Red Slaver","floor":11,"turns":5},{"damage":0,"enemies":"Large Slime","floor":12,"turns":4},{"damage":33,"enemies":"3 Sentries","floor":13,"turns":6},{"damage":45,"enemies":"Slime Boss","floor":16,"turns":9},{"damage":4,"enemies":"3 Byrds","floor":18,"turns":3},{"damage":24,"enemies":"2 Thieves","floor":19,"turns":2},{"damage":5,"enemies":"Snecko","floor":22,"turns":4},{"damage":13,"enemies":"Centurion and Healer","floor":24,"turns":2},{"damage":16,"enemies":"Gremlin Leader","floor":25,"turns":4},{"damage":4,"enemies":"3 Cultists","floor":30,"turns":2},{"damage":5,"enemies":"Snecko","floor":31,"turns":3},{"damage":46,"enemies":"Collector","floor":33,"turns":8},{"damage":21,"enemies":"Orb Walker","floor":35,"turns":2},{"damage":13,"enemies":"3 Darklings","floor":36,"turns":3},{"damage":4,"enemies":"Sphere and 2 Shapes","floor":37,"turns":2},{"damage":28,"enemies":"Mysterious Sphere","floor":38,"turns":2},{"damage":29,"enemies":"4 Shapes","floor":40,"turns":2},{"damage":0,"enemies":"3 Darklings","floor":44,"turns":1},{"damage":20,"enemies":"Sphere and 2 Shapes","floor":48,"turns":2},{"damage":46,"enemies":"Donu and Deca","floor":50,"turns":4}],"event_choices":[{"event_name":"Living Wall","player_choice":"Change","floor":7,"damage_taken":0},{"event_name":"Upgrade Shrine","player_choice":"Upgraded","floor":14,"damage_taken":0},{"event_name":"Duplicator","player_choice":"One dupe","floor":20,"damage_taken":0},{"event_name":"Beggar","player_choice":"Gave Gold","floor":28,"damage_taken":0},{"event_name":"Drug Dealer","player_choice":"Ignored","floor":29,"damage_taken":0},{"event_name":"Mysterious Sphere","player_choice":"Fight","floor":38,"damage_taken":0},{"event_name":"Tomb of Lord Red Mask","player_choice":"Paid","floor":47,"damage_taken":0}],"boss_relics":[{"not_picked":["Snecko Eye","Ectoplasm"],"picked":"Cursed Key"},{"not_picked":["Runic Dome","Orrery"],"picked":"Philosopher\u0027s Stone"}],"potions_floor_spawned":[1,2,13,16,19,30,31,36,37,40],"seed_played":"-6997220313980834043","ascension_level":0,"is_trial":false}