{"path_per_floor":["M","M","?","?","M","R","?","$","T","$","T","R","M","M","R","B",null,"M","M","$"],"character_chosen":"IRONCLAD","items_purchased":["Whirlwind","Rampage"],"gold_per_floor":[210,227,177,177,190,190,253,178,234,152,179,179,196,216,216,319,319,332,351,217],"floor_reached":21,"campfire_rested":0,"playtime":2054,"current_hp_per_floor":[74,77,77,77,71,71,54,54,54,54,54,54,60,50,50,8,90,47,31,31],"items_purged":["Regret","Regret"],"gold":217,"play_id":"a348f728-6d41-400a-946e-dd58afa3da57","is_prod":false,"is_daily":false,"is_ascension_mode":true,"campfire_upgraded":3,"path_taken":["M","M","?","?","?","R","?","$","T","$","?","R","M","M","R","BOSS","M","M","$","M"],"build_version":"2018-01-25-PROD3","purchased_purges":2,"victory":false,"master_deck":["Strike_R","Strike_R","Strike_R","Strike_R","Strike_R","Defend_R","Defend_R","Defend_R+1","Bash","Rampage+1","Headbutt","Whirlwind+1","Flex+1","Normality","Normality","Thunderclap","Rampage"],"max_hp_per_floor":[80,80,80,80,80,80,80,80,80,80,80,80,80,80,80,80,90,90,90,90],"relics":["Burning Blood","Charon\u0027s Ashes","Dream Catcher","Tiny Chest","Toxic Egg","Calling Bell","Shovel","Pear","Girya"],"card_choices":[{"not_picked":["Impervious","Iron Wave"],"picked":"Rampage"},{"not_picked":["Rampage","Reckless Charge"],"picked":"Headbutt"},{"not_picked":["Wild Strike","Body Slam"],"picked":"Flex"},{"not_picked":["Cleave","Iron Wave"],"picked":"Thunderclap"}],"player_experience":139424,"potions_floor_usage":[21],"damage_taken":[{"damage":12.0,"enemies":"Cultist","floor":1.0,"turns":5.0},{"damage":3.0,"enemies":"Jaw Worm","floor":2.0,"turns":4.0},{"damage":12.0,"enemies":"Small Slimes","floor":5.0,"turns":4.0},{"damage":23.0,"enemies":"Gremlin Nob","floor":7.0,"turns":4.0},{"damage":0.0,"enemies":"Gremlin Gang","floor":13.0,"turns":1.0},{"damage":16.0,"enemies":"Red Slaver","floor":14.0,"turns":4.0},{"damage":48.0,"enemies":"The Guardian","floor":16.0,"turns":7.0},{"damage":49.0,"enemies":"Shell Parasite","floor":18.0,"turns":6.0},{"damage":22.0,"enemies":"Spheric Guardian","floor":19.0,"turns":4.0},{"damage":36,"enemies":"3 Cultists","floor":21,"turns":3}],"event_choices":[{"event_name":"The Cleric","player_choice":"Card Removal","floor":3.0,"damage_taken":0.0},{"event_name":"Big Fish","player_choice":"Box","floor":4.0,"damage_taken":0.0},{"event_name":"Dead Adventurer","player_choice":"Searched \u00272\u0027 times","floor":7.0,"damage_taken":0.0}],"boss_relics":[],"potions_floor_spawned":[1,2,14,18],"seed_played":"2608859012377616762","killed_by":"3 Cultists","ascension_level":1,"is_trial":false}