{"path_per_floor":["M","$","M","?","?","E","M","R","T","R","$","M","?","M","R","B",null,"M","M","?","?","M","R","?","R","T","R","$","E","T","M","R","B",null,"M","M"],"character_chosen":"IRONCLAD","items_purchased":["Paper Frog","Meat on the Bone"],"gold_per_floor":[118,118,129,79,254,280,290,290,359,359,54,64,134,145,145,248,248,266,280,280,280,293,293,293,293,343,343,42,67,92,108,108,208,208,226,243],"floor_reached":37,"campfire_rested":4,"playtime":2430,"current_hp_per_floor":[74,74,70,70,70,11,7,7,7,33,33,28,28,25,52,11,95,94,74,74,54,37,37,37,37,37,68,68,38,38,31,64,18,110,55,37],"items_purged":["Doubt","Normality"],"gold":243,"score":438,"play_id":"8a8c6c9b-c248-41f9-a336-ec4f96e34073","is_prod":false,"is_daily":false,"is_ascension_mode":true,"campfire_upgraded":3,"path_taken":["M","$","?","?","?","E","M","R","T","R","$","M","?","M","R","BOSS","M","M","?","?","?","R","?","R","T","R","$","E","?","M","R","BOSS","M","M","M"],"build_version":"2018-02-15-PROD1","purchased_purges":2,"victory":false,"master_deck":["Strike_R","Strike_R+1","Strike_R","Strike_R","Strike_R","Defend_R","Defend_R","Defend_R","Bash+1","Feed+1","Spot Weakness+1","Flex+1","Warcry","Offering","True Grit+1","Clash","Cleave+1","Thunderclap+1"],"max_hp_per_floor":[80,80,83,83,83,86,89,89,89,89,89,89,89,92,92,95,95,98,98,98,103,106,106,106,106,106,106,106,106,106,110,110,110,110,110,114],"relics":["Lizard Tail","Whetstone","Smiling Mask","Paper Frog","Question Card","Pantograph","Lantern","Meat on the Bone","Peace Pipe","Blood Vial","Sozu"],"card_choices":[{"not_picked":["Clothesline","Clash"],"picked":"Feed"},{"not_picked":["Evolve","Bloodletting"],"picked":"Spot Weakness"},{"not_picked":["Searing Blow","Twin Strike"],"picked":"Flex"},{"not_picked":["Anger","Iron Wave"],"picked":"Warcry"},{"not_picked":["Immolate","Barricade"],"picked":"Offering"},{"not_picked":["Warcry","Hemokinesis","Perfected Strike"],"picked":"True Grit"},{"not_picked":["Headbutt","Carnage","Burning Pact"],"picked":"Clash"},{"not_picked":["Sword Boomerang","Pommel Strike","Perfected Strike"],"picked":"Cleave"},{"not_picked":["Clothesline","Body Slam","Sword Boomerang"],"picked":"Thunderclap"}],"player_experience":241404,"potions_floor_usage":[33,33],"damage_taken":[{"damage":6.0,"enemies":"Cultist","floor":1.0,"turns":3.0},{"damage":7.0,"enemies":"2 Louse","floor":3.0,"turns":3.0},{"damage":62.0,"enemies":"3 Sentries","floor":6.0,"turns":11.0},{"damage":7.0,"enemies":"Jaw Worm","floor":7.0,"turns":3.0},{"damage":5.0,"enemies":"Red Slaver","floor":12.0,"turns":2.0},{"damage":6.0,"enemies":"Looter","floor":14.0,"turns":2.0},{"damage":44.0,"enemies":"Hexaghost","floor":16.0,"turns":8.0},{"damage":4.0,"enemies":"Chosen","floor":18.0,"turns":3.0},{"damage":20.0,"enemies":"Shell Parasite","floor":19.0,"turns":4.0},{"damage":20.0,"enemies":"Centurion and Healer","floor":22.0,"turns":4.0},{"damage":102.0,"enemies":"Gremlin Leader","floor":29.0,"turns":9.0},{"damage":25.0,"enemies":"Snake Plant","floor":31.0,"turns":3.0},{"damage":100,"enemies":"Automaton","floor":33,"turns":9},{"damage":67,"enemies":"3 Darklings","floor":35,"turns":10},{"damage":36,"enemies":"3 Shapes","floor":36,"turns":4},{"damage":51,"enemies":"Sphere and 2 Shapes","floor":37,"turns":3}],"event_choices":[{"event_name":"The Cleric","player_choice":"Card Removal","floor":4.0,"damage_taken":0.0},{"event_name":"Liars Game","player_choice":"agreed","floor":5.0,"damage_taken":0.0},{"event_name":"Golden Wing","player_choice":"Gained Gold","floor":13.0,"damage_taken":0.0},{"event_name":"Drug Dealer","player_choice":"Ignored","floor":20.0,"damage_taken":0.0},{"event_name":"Forgotten Altar","player_choice":"Shed Blood","floor":21.0,"damage_taken":0.0},{"event_name":"Accursed Blacksmith","player_choice":"Rummage","floor":24.0,"damage_taken":0.0}],"boss_relics":[{"not_picked":["Runic Dome","Orrery"],"picked":"Sozu"}],"potions_floor_spawned":[3,14,16,18,29,31,33,36],"seed_played":"-5194793567103688080","killed_by":"Sphere and 2 Shapes","ascension_level":3,"is_trial":false}