{"path_per_floor":["M","M","?","$","T","R","E","M","T","R","E","M","E","M","R","B",null,"M","$","?","M","$","E","R","?","T","M","M","M","$","M","R","B",null,"M","M","?","?","?","R","$","E","T","R","?","R","E","M","R","B"],"character_chosen":"IRONCLAD","items_purchased":["Inflame","Molten Egg 2","Flex","Strength Potion","Strength Potion"],"gold_per_floor":[114,126,126,55,133,133,160,180,180,180,212,227,252,262,262,358,358,372,54,54,65,39,73,73,73,100,117,133,152,0,12,12,112,112,126,146,146,146,146,146,98,128,128,128,183,183,209,223,223,223],"floor_reached":51,"campfire_rested":5,"playtime":2957,"current_hp_per_floor":[78,80,80,80,80,80,80,80,80,80,55,55,32,28,67,55,74,56,56,56,59,59,14,53,53,53,58,59,49,49,52,86,68,82,54,59,81,81,81,81,81,42,42,42,40,82,52,50,92,27],"items_purged":["Strike_R","Searing Blow"],"gold":223,"score":958,"play_id":"57fb59e7-fddb-4391-8f4b-c1bede4ae94f","local_time":"20180313204039","is_prod":false,"is_daily":false,"is_ascension_mode":true,"campfire_upgraded":4,"timestamp":1520962839,"path_taken":["M","?","?","$","?","R","E","M","T","R","E","?","E","?","R","BOSS","M","?","?","M","?","E","R","?","T","M","M","M","$","M","R","BOSS","M","M","?","?","?","R","$","E","T","R","?","R","E","?","R","BOSS"],"build_version":"2018-03-09","purchased_purges":2,"victory":true,"master_deck":["Strike_R+1","Strike_R+1","Strike_R+1","Defend_R+1","Defend_R+1","Defend_R+1","Defend_R+1","Bash+1","Iron Wave","Heavy Blade+1","Inflame","Carnage","True Grit+1","Headbutt","Pommel Strike","Shrug It Off","Demon Form+1","Warcry+1","Flex","Flex","Heavy Blade+1","Offering","Whirlwind+1","Sword Boomerang+1","Sword Boomerang+1"],"max_hp_per_floor":[80,80,80,80,80,80,80,80,80,80,80,80,80,80,80,80,80,80,80,80,80,80,80,80,80,80,82,84,84,84,86,86,86,86,86,88,88,88,88,88,88,88,88,88,90,90,92,92,92,92],"relics":["Burning Blood","NeowsBlessing","Tiny Chest","Orichalcum","Regal Pillow","Bag of Preparation","Mercury Hourglass","Velvet Choker","Molten Egg 2","Singing Bowl","Omamori","Mark of Pain","Charon\u0027s Ashes","Red Skull","Calipers","Bag of Marbles"],"card_choices":[{"not_picked":["Flame Barrier","Rupture"],"picked":"Iron Wave"},{"not_picked":["Clothesline","Blood for Blood"],"picked":"Heavy Blade"},{"not_picked":["Combust","Heavy Blade"],"picked":"Carnage"},{"not_picked":["Combust","Clash"],"picked":"True Grit"},{"not_picked":["Dual Wield","Heavy Blade"],"picked":"Headbutt"},{"not_picked":["Armaments","Sentinel"],"picked":"Pommel Strike"},{"not_picked":["Reckless Charge","Shockwave"],"picked":"Shrug It Off"},{"not_picked":["Barricade","Feed"],"picked":"Demon Form"},{"not_picked":["Havoc","Perfected Strike"],"picked":"Warcry"},{"not_picked":["True Grit","Anger"],"picked":"Flex"},{"not_picked":["Anger","Shrug It Off"],"picked":"Seeing Red"},{"not_picked":["Feel No Pain","Burning Pact"],"picked":"Heavy Blade"},{"not_picked":["Reaper","Demon Form"],"picked":"Offering"},{"not_picked":["Shockwave","Twin Strike"],"picked":"Whirlwind"},{"not_picked":["Body Slam","Wild Strike"],"picked":"Sword Boomerang"},{"not_picked":["Rage","Sentinel"],"picked":"Sword Boomerang"}],"player_experience":295454,"potions_floor_usage":[42,50,50],"damage_taken":[{"damage":0.0,"enemies":"Cultist","floor":1.0,"turns":1.0},{"damage":0.0,"enemies":"2 Louse","floor":2.0,"turns":1.0},{"damage":0.0,"enemies":"Gremlin Nob","floor":7.0,"turns":1.0},{"damage":3.0,"enemies":"Jaw Worm","floor":8.0,"turns":4.0},{"damage":31.0,"enemies":"Lagavulin","floor":11.0,"turns":6.0},{"damage":6.0,"enemies":"Exordium Thugs","floor":12.0,"turns":6.0},{"damage":29.0,"enemies":"3 Sentries","floor":13.0,"turns":8.0},{"damage":10.0,"enemies":"Gremlin Gang","floor":14.0,"turns":4.0},{"damage":18.0,"enemies":"Slime Boss","floor":16.0,"turns":8.0},{"damage":24.0,"enemies":"Shell Parasite","floor":18.0,"turns":6.0},{"damage":3.0,"enemies":"3 Byrds","floor":21.0,"turns":4.0},{"damage":54.0,"enemies":"Book of Stabbing","floor":23.0,"turns":5.0},{"damage":3.0,"enemies":"Snecko","floor":27.0,"turns":4.0},{"damage":7.0,"enemies":"Snake Plant","floor":28.0,"turns":3.0},{"damage":16.0,"enemies":"Sentry and Sphere","floor":29.0,"turns":4.0},{"damage":5.0,"enemies":"Cultist and Chosen","floor":31.0,"turns":4.0},{"damage":24,"enemies":"Champ","floor":33,"turns":8},{"damage":34,"enemies":"3 Darklings","floor":35,"turns":6},{"damage":3,"enemies":"Orb Walker","floor":36,"turns":3},{"damage":45,"enemies":"Giant Head","floor":42,"turns":6},{"damage":10,"enemies":"Mysterious Sphere","floor":45,"turns":3},{"damage":38,"enemies":"2 Orb Walkers","floor":47,"turns":3},{"damage":8,"enemies":"Sphere and 2 Shapes","floor":48,"turns":2},{"damage":71,"enemies":"Time Eater","floor":50,"turns":6}],"event_choices":[{"event_name":"Transmorgrifier","player_choice":"Transform","floor":3.0,"damage_taken":0.0},{"event_name":"Beggar","player_choice":"Ignored","floor":20.0,"damage_taken":0.0},{"event_name":"Back to Basics","player_choice":"Simplicity","floor":25.0,"damage_taken":0.0},{"event_name":"Winding Halls","player_choice":"Writhe","floor":37,"damage_taken":0},{"event_name":"Tomb of Lord Red Mask","player_choice":"Ignored","floor":39,"damage_taken":0},{"event_name":"Mysterious Sphere","player_choice":"Fight","floor":45,"damage_taken":0}],"boss_relics":[{"not_picked":["Black Blood","Lizard Tail"],"picked":"Mark of Pain"}],"potions_floor_spawned":[2,7,12,18,27,31,33,42,45,47],"seed_played":"-7512574481406308017","ascension_level":6,"is_trial":false}