{"path_per_floor":["M","M","$","M","M","E","R","M","T","R","?","?","M","M","R","B",null,"M","?","$","M","?","R","$","E","T","T","R","M","R","M","R","B",null,"M","M","$","M","M","R","?","M","T","E","R","$","?","$","R"],"character_chosen":"IRONCLAD","items_purchased":["Gambling Chip","Mummified Hand"],"gold_per_floor":[112,130,130,147,166,201,201,220,245,245,245,245,263,280,280,380,380,394,394,21,40,40,40,40,75,75,75,75,89,89,101,101,198,198,211,223,223,240,257,257,257,277,577,605,605,243,297,172,172],"floor_reached":50,"campfire_rested":5,"playtime":2844,"current_hp_per_floor":[60,66,66,63,65,22,46,33,33,57,57,50,46,48,72,49,72,72,78,78,69,59,59,59,32,32,32,32,36,36,26,53,65,85,83,80,80,83,89,89,89,92,92,78,78,78,38,38,80],"items_purged":["Decay","Perfected Strike","Defend_R"],"gold":172,"score":689,"play_id":"20e6425f-6214-41fe-951a-5c1a88063103","local_time":"20180313225955","is_prod":false,"is_daily":false,"is_ascension_mode":true,"campfire_upgraded":2,"timestamp":1520971195,"path_taken":["M","M","$","M","?","E","R","M","T","R","?","?","?","M","R","BOSS","M","?","$","M","?","R","$","E","T","?","R","M","R","M","R","BOSS","M","M","$","M","M","R","?","M","T","E","R","?","?","$","R","BOSS"],"build_version":"2018-03-09","purchased_purges":3,"victory":false,"master_deck":["Strike_R","Strike_R","Strike_R","Defend_R","Defend_R","Defend_R","Bash","Shrug It Off","Twin Strike","Shockwave+1","Heavy Blade","Cleave","Blood for Blood","Fiend Fire","Flex","Necronomicurse","Battle Trance+1","Seeing Red","Shrug It Off","Perfected Strike+1","Limit Break+1","Warcry+1","Heavy Blade+1","Sword Boomerang+1","Headbutt+1","Rage+1"],"max_hp_per_floor":[80,80,80,80,80,80,80,80,80,80,80,80,80,80,80,80,80,80,86,86,86,92,92,92,92,92,92,92,92,92,92,92,92,92,92,92,92,92,92,92,92,92,92,92,92,92,92,92,92],"relics":["Burning Blood","Bag of Preparation","Darkstone Periapt","Prayer Wheel","Self Forming Clay","Velvet Choker","Gambling Chip","Necronomicon","Pantograph","Happy Flower","Girya","Runic Cube","Old Coin","Regal Pillow","Mummified Hand","Torii"],"card_choices":[{"not_picked":["Pummel","Intimidate"],"picked":"Shrug It Off"},{"not_picked":["Intimidate","Wild Strike"],"picked":"Twin Strike"},{"not_picked":["Shrug It Off","Cleave"],"picked":"Shockwave"},{"not_picked":["Thunderclap","Infernal Blade"],"picked":"Heavy Blade"},{"not_picked":["Rupture","Rage"],"picked":"Cleave"},{"not_picked":["Havoc","Ghostly Armor"],"picked":"Perfected Strike"},{"not_picked":["Pummel","Fire Breathing"],"picked":"Blood for Blood"},{"not_picked":["Immolate","Dark Embrace"],"picked":"Fiend Fire"},{"not_picked":["Havoc","Twin Strike"],"picked":"Flex"},{"not_picked":["Reaper","Burning Pact"],"picked":"Battle Trance"},{"not_picked":["Cleave","Clothesline"],"picked":"Seeing Red"},{"not_picked":["Hemokinesis","Clothesline"],"picked":"Shrug It Off"},{"not_picked":["Wild Strike","Cleave"],"picked":"Perfected Strike"},{"not_picked":["Impervious","Exhume"],"picked":"Limit Break"},{"not_picked":["Battle Trance","Evolve"],"picked":"Warcry"},{"not_picked":["Metallicize","Pommel Strike"],"picked":"Heavy Blade"},{"not_picked":["Wild Strike","Burning Pact"],"picked":"Sword Boomerang"},{"not_picked":["Havoc","Dual Wield"],"picked":"Headbutt"},{"not_picked":["Shrug It Off","Headbutt"],"picked":"Rage"}],"player_experience":302274,"potions_floor_usage":[6,16,16,36,50,50],"damage_taken":[{"damage":18,"enemies":"Cultist","floor":1,"turns":6},{"damage":0,"enemies":"2 Louse","floor":2,"turns":3},{"damage":9,"enemies":"Jaw Worm","floor":4,"turns":5},{"damage":4,"enemies":"Exordium Wildlife","floor":5,"turns":4},{"damage":49,"enemies":"Lagavulin","floor":6,"turns":7},{"damage":19,"enemies":"Exordium Thugs","floor":8,"turns":6},{"damage":10,"enemies":"Lots of Slimes","floor":13,"turns":4},{"damage":4,"enemies":"2 Fungi Beasts","floor":14,"turns":3},{"damage":29,"enemies":"Slime Boss","floor":16,"turns":9},{"damage":6,"enemies":"3 Byrds","floor":18,"turns":5},{"damage":15,"enemies":"Shell Parasite","floor":21,"turns":4},{"damage":33,"enemies":"Gremlin Leader","floor":25,"turns":4},{"damage":2,"enemies":"Snake Plant","floor":29,"turns":2},{"damage":16,"enemies":"Slaver and Parasite","floor":31,"turns":5},{"damage":19,"enemies":"Champ","floor":33,"turns":5},{"damage":8,"enemies":"Orb Walker","floor":35,"turns":2},{"damage":9,"enemies":"3 Darklings","floor":36,"turns":5},{"damage":3,"enemies":"Maw","floor":38,"turns":4},{"damage":0,"enemies":"Sphere and 2 Shapes","floor":39,"turns":3},{"damage":2,"enemies":"3 Darklings","floor":42,"turns":4},{"damage":20,"enemies":"2 Orb Walkers","floor":44,"turns":3},{"damage":46,"enemies":"Mysterious Sphere","floor":47,"turns":5},{"damage":94,"enemies":"Time Eater","floor":50,"turns":6}],"event_choices":[{"event_name":"Wheel of Change","player_choice":"Relic","floor":11,"damage_taken":0},{"event_name":"Golden Wing","player_choice":"Card Removal","floor":12,"damage_taken":0},{"event_name":"Wheel of Change","player_choice":"Curse","floor":19,"damage_taken":0},{"event_name":"Cursed Tome","player_choice":"Obtained Book","floor":22,"damage_taken":0},{"event_name":"Mysterious Sphere","player_choice":"Fight","floor":47,"damage_taken":0}],"boss_relics":[{"not_picked":["Black Star","Question Card"],"picked":"Velvet Choker"},{"not_picked":["Orrery","White Beast Statue"],"picked":"Runic Cube"}],"potions_floor_spawned":[1,2,5,13,14,18,25,29,38,39,47],"seed_played":"-3889038448494455051","killed_by":"Time Eater","ascension_level":8,"is_trial":false}