{"path_per_floor":["M","M","$","M","?","E","R","?","T","M","$","M","?","M","R","B",null,"M","?","M","$","M","R","M","?","T","$","R"],"character_chosen":"IRONCLAD","items_purchased":["Body Slam","Ancient Tea Set","Uppercut","True Grit"],"gold_per_floor":[114,130,55,74,74,104,104,104,104,119,46,16,266,276,276,379,379,389,389,377,105,120,120,138,63,112,17,17],"floor_reached":29,"campfire_rested":1,"playtime":1560,"current_hp_per_floor":[78,80,80,80,80,27,27,80,80,80,80,80,80,39,63,31,80,76,76,80,80,40,40,52,52,52,52,52],"items_purged":["Strike_R","Strike_R","Regret","Strike_R"],"gold":17,"score":223,"play_id":"ee7e07c2-318c-4174-9fe7-29d5ecbbabbc","local_time":"20180314151510","is_prod":false,"is_daily":false,"is_ascension_mode":false,"campfire_upgraded":3,"timestamp":1521029710,"path_taken":["M","M","$","M","?","E","R","?","T","M","$","M","?","M","R","BOSS","M","?","M","$","M","R","M","?","T","?","R","E"],"build_version":"2018-03-09","purchased_purges":4,"victory":false,"master_deck":["Defend_R","Defend_R","Defend_R","Defend_R","Bash","Reaper","Warcry","Barricade+1","Rampage","Body Slam","Inflame","Flame Barrier","Limit Break+1","Uppercut+1","Iron Wave+1","True Grit"],"max_hp_per_floor":[80,80,80,80,80,80,80,80,80,80,80,80,80,80,80,80,80,80,80,80,80,80,80,80,80,80,80,80],"relics":["Burning Blood","Toolbox","Smiling Mask","Mark of Pain","Champion Belt","Ancient Tea Set","Lantern"],"card_choices":[{"not_picked":["Clash","Sentinel"],"picked":"Warcry"},{"not_picked":["Body Slam","Armaments"],"picked":"Barricade"},{"not_picked":["Anger","Headbutt"],"picked":"Rampage"},{"not_picked":["Pommel Strike","Iron Wave"],"picked":"Inflame"},{"not_picked":["Sword Boomerang","Wild Strike"],"picked":"Flame Barrier"},{"not_picked":["Immolate","Reaper"],"picked":"Limit Break"},{"not_picked":["Heavy Blade","Perfected Strike"],"picked":"Iron Wave"}],"player_experience":316851,"potions_floor_usage":[6,16,20,20,24,29],"damage_taken":[{"damage":8,"enemies":"Jaw Worm","floor":1,"turns":4},{"damage":6,"enemies":"Cultist","floor":2,"turns":4},{"damage":2,"enemies":"Small Slimes","floor":4,"turns":3},{"damage":63,"enemies":"Lagavulin","floor":6,"turns":10},{"damage":4,"enemies":"2 Fungi Beasts","floor":10,"turns":7},{"damage":5,"enemies":"Looter","floor":12,"turns":4},{"damage":59,"enemies":"Exordium Thugs","floor":14,"turns":10},{"damage":61,"enemies":"Slime Boss","floor":16,"turns":18},{"damage":22,"enemies":"Shell Parasite","floor":18,"turns":8},{"damage":10,"enemies":"2 Thieves","floor":20,"turns":4},{"damage":53,"enemies":"Slaver and Parasite","floor":22,"turns":9},{"damage":21,"enemies":"Centurion and Healer","floor":24,"turns":9},{"damage":80,"enemies":"Slavers","floor":29,"turns":5}],"event_choices":[{"event_name":"Bonfire Elementals","player_choice":"BASIC","floor":5,"damage_taken":0},{"event_name":"Wheel of Change","player_choice":"Full Heal","floor":8,"damage_taken":0},{"event_name":"Golden Shrine","player_choice":"Desecrate","floor":13,"damage_taken":0},{"event_name":"Accursed Blacksmith","player_choice":"Rummage","floor":19,"damage_taken":0},{"event_name":"Beggar","player_choice":"Gave Gold","floor":25,"damage_taken":0}],"boss_relics":[{"not_picked":["Tiny House","Ectoplasm"],"picked":"Mark of Pain"}],"potions_floor_spawned":[2,10,16,18,22,24],"seed_played":"-2510281297167755021","killed_by":"Slavers","ascension_level":0,"is_trial":false}