{"path_per_floor":["M","?","M","$","?","E","M","R","T","R","$","R","M","?","R","B",null,"M","?","$","?","M","R","$","E","T","R","M","?","M","M","R"],"character_chosen":"IRONCLAD","items_purchased":["Whirlwind","True Grit","Shrug It Off","Trip","Lantern"],"gold_per_floor":[212,162,173,45,45,84,98,98,98,98,47,47,60,235,235,366,366,384,384,212,212,237,237,87,126,150,150,168,168,192,216,216],"floor_reached":33,"campfire_rested":2,"playtime":1300,"current_hp_per_floor":[70,70,68,68,49,31,32,32,32,32,32,32,25,25,48,28,65,71,77,77,77,77,77,77,27,27,50,56,56,58,64,64],"items_purged":["Doubt"],"gold":216,"score":408,"play_id":"07cc0458-c0da-4206-a057-fcd80a289d64","local_time":"20180322092759","is_prod":false,"is_daily":false,"is_ascension_mode":true,"campfire_upgraded":5,"timestamp":1521700079,"path_taken":["M","?","?","$","?","E","M","R","T","R","$","R","M","?","R","BOSS","M","?","$","?","M","R","?","E","T","R","M","?","M","M","R","BOSS"],"build_version":"2018-03-15v3","purchased_purges":1,"victory":false,"master_deck":["Strike_R+1","Strike_R+1","Strike_R+1","Strike_R+1","Strike_R+1","Defend_R+1","Defend_R+1","Defend_R+1","Defend_R+1","Bash+1","Perfected Strike","Whirlwind+1","True Grit+1","Feel No Pain","Perfected Strike+1","Shrug It Off","Offering","Trip+1","Battle Trance","Inflame+1"],"max_hp_per_floor":[80,77,77,77,77,77,77,77,77,77,77,77,77,77,77,77,77,77,77,77,77,77,77,77,77,77,77,77,77,77,77,77],"relics":["Burning Blood","Golden Idol","Mercury Hourglass","Sundial","Velvet Choker","Lantern","Happy Flower","Whetstone"],"card_choices":[{"not_picked":["Armaments","Carnage"],"picked":"Perfected Strike"},{"not_picked":["Twin Strike","Blood for Blood"],"picked":"Feel No Pain"},{"not_picked":["Dropkick","Evolve"],"picked":"Perfected Strike"},{"not_picked":["Feed","Limit Break"],"picked":"Offering"},{"not_picked":["Metallicize","Armaments"],"picked":"Battle Trance"},{"not_picked":["Sword Boomerang","Infernal Blade"],"picked":"Inflame"}],"player_experience":403433,"potions_floor_usage":[6,16,16],"damage_taken":[{"damage":8,"enemies":"Small Slimes","floor":1,"turns":3},{"damage":8,"enemies":"Jaw Worm","floor":3,"turns":4},{"damage":24,"enemies":"Gremlin Nob","floor":6,"turns":4},{"damage":5,"enemies":"2 Louse","floor":7,"turns":2},{"damage":13,"enemies":"Red Slaver","floor":13,"turns":4},{"damage":26,"enemies":"Slime Boss","floor":16,"turns":10},{"damage":0,"enemies":"3 Byrds","floor":18,"turns":4},{"damage":4,"enemies":"2 Thieves","floor":22,"turns":1},{"damage":56,"enemies":"Gremlin Leader","floor":25,"turns":6},{"damage":0,"enemies":"3 Cultists","floor":28,"turns":2},{"damage":4,"enemies":"Snecko","floor":30,"turns":2},{"damage":0,"enemies":"Chosen and Byrds","floor":31,"turns":3},{"damage":72,"enemies":"Champ","floor":33,"turns":7}],"event_choices":[{"event_name":"The Cleric","player_choice":"Card Removal","floor":2,"damage_taken":0},{"event_name":"Golden Idol","player_choice":"Take Damage","floor":5,"damage_taken":0},{"event_name":"Liars Game","player_choice":"agreed","floor":14,"damage_taken":0},{"event_name":"The Library","player_choice":"Heal","floor":19,"damage_taken":0},{"event_name":"Drug Dealer","player_choice":"Ignored","floor":21,"damage_taken":0},{"event_name":"Back to Basics","player_choice":"Simplicity","floor":29,"damage_taken":0}],"boss_relics":[{"not_picked":["Runic Dome","Astrolabe"],"picked":"Velvet Choker"}],"potions_floor_spawned":[1,3,6,22,25,30],"seed_played":"5116158861636817118","killed_by":"Champ","ascension_level":11,"is_trial":false}