{"path_per_floor":["M","M","$","?","M","R","E","M","T","M","?","M","R","M","R","B",null,"M","?","M","M"],"character_chosen":"IRONCLAD","items_purchased":[],"gold_per_floor":[118,137,62,62,76,76,101,113,161,173,173,185,185,205,205,300,300,314,314,332,347],"floor_reached":22,"campfire_rested":1,"playtime":931,"current_hp_per_floor":[78,78,78,78,65,65,36,31,31,29,29,21,44,39,39,14,64,63,47,47,11],"items_purged":["Strike_R"],"gold":347,"score":295,"play_id":"42c4f004-a8e1-4601-a123-fe6773d3f0b0","local_time":"20180321151352","is_prod":false,"is_daily":false,"is_ascension_mode":true,"campfire_upgraded":2,"timestamp":1521634432,"path_taken":["M","M","$","?","M","R","E","M","T","M","?","?","R","M","R","BOSS","M","?","M","?","M"],"build_version":"2018-03-15v3","purchased_purges":1,"victory":false,"master_deck":["Strike_R","Strike_R","Strike_R","Strike_R","Defend_R","Defend_R","Defend_R","Defend_R","Bash+1","Heavy Blade","Spot Weakness","Flex","Metallicize+1","Headbutt","Twin Strike","Offering"],"max_hp_per_floor":[80,80,80,80,80,80,80,82,82,82,79,79,79,81,81,81,81,83,88,90,92],"relics":["Burning Blood","Peace Pipe","Singing Bowl","Vajra","Philosopher\u0027s Stone"],"card_choices":[{"not_picked":["Clothesline","Reckless Charge"],"picked":"Heavy Blade"},{"not_picked":["Wild Strike","Whirlwind"],"picked":"Spot Weakness"},{"not_picked":["Body Slam","Pummel"],"picked":"Flex"},{"not_picked":["Wild Strike","Dual Wield"],"picked":"Metallicize"},{"not_picked":["Wild Strike","Warcry"],"picked":"Headbutt"},{"not_picked":["Dropkick","Perfected Strike"],"picked":"Twin Strike"},{"not_picked":["Feed","Fiend Fire"],"picked":"Offering"}],"player_experience":396773,"potions_floor_usage":[10,20,21],"damage_taken":[{"damage":0.0,"enemies":"Small Slimes","floor":1.0,"turns":3.0},{"damage":6.0,"enemies":"Cultist","floor":2.0,"turns":3.0},{"damage":19.0,"enemies":"Jaw Worm","floor":5.0,"turns":5.0},{"damage":35,"enemies":"Lagavulin","floor":7,"turns":5},{"damage":13,"enemies":"Blue Slaver","floor":8,"turns":3},{"damage":8,"enemies":"Large Slime","floor":10,"turns":9},{"damage":14,"enemies":"Red Slaver","floor":12,"turns":4},{"damage":13,"enemies":"Blue Slaver","floor":14,"turns":2},{"damage":31,"enemies":"Slime Boss","floor":16,"turns":12},{"damage":9,"enemies":"Spheric Guardian","floor":18,"turns":3},{"damage":8,"enemies":"Chosen","floor":20,"turns":3},{"damage":50,"enemies":"Centurion and Healer","floor":21,"turns":4},{"damage":14,"enemies":"Snake Plant","floor":22,"turns":2}],"event_choices":[{"event_name":"Accursed Blacksmith","player_choice":"Rummage","floor":4.0,"damage_taken":0.0},{"event_name":"Living Wall","player_choice":"Forget","floor":11,"damage_taken":0},{"event_name":"Forgotten Altar","player_choice":"Shed Blood","floor":19,"damage_taken":0}],"boss_relics":[{"not_picked":["White Beast Statue","Black Star"],"picked":"Philosopher\u0027s Stone"}],"potions_floor_spawned":[2,5,12,16,18],"seed_played":"300822470693834825","killed_by":"Snake Plant","ascension_level":11,"is_trial":false}