{"path_per_floor":["M","$","?","?","M","R","M","M","T","?","?","R","E","M","R","B",null,"M","$","?","?","M","R","M","R","T","M","E","$","R","M","R","B",null,"M","?","?","$","M","R","M"],"character_chosen":"IRONCLAD","items_purchased":["Spot Weakness","Lee\u0027s Waffle","Strawberry"],"gold_per_floor":[114,39,39,39,58,58,77,89,119,119,176,176,204,215,215,319,319,329,100,60,60,72,72,84,84,84,101,127,27,27,39,39,136,136,155,155,155,5,19,19,34],"floor_reached":42,"campfire_rested":3,"playtime":1907,"current_hp_per_floor":[70,70,75,75,78,78,86,85,85,85,55,55,34,22,49,13,73,35,102,102,102,80,80,65,96,110,56,69,69,105,83,83,40,101,96,96,123,130,90,90,36],"items_purged":["Strike_R","Parasite"],"gold":34,"score":674,"play_id":"c96bc46f-fc6c-4e37-b487-42e83dc1a156","local_time":"20180315212701","is_prod":false,"is_daily":false,"is_ascension_mode":true,"campfire_upgraded":5,"timestamp":1521138421,"path_taken":["M","$","?","?","?","R","M","M","T","?","?","R","E","M","R","BOSS","M","$","?","?","M","R","M","R","T","?","E","$","R","M","R","BOSS","M","?","?","$","M","R","M","E"],"build_version":"2018-03-09","purchased_purges":3,"victory":false,"master_deck":["Strike_R","Strike_R","Strike_R","Strike_R","Defend_R","Defend_R","Defend_R","Defend_R","Bash+1","Rampage+1","Flex","Shrug It Off","Offering+1","Spot Weakness+1","Headbutt","Shrug It Off+1","Limit Break+1","Writhe"],"max_hp_per_floor":[80,80,85,85,87,87,89,89,89,89,91,91,91,93,93,93,93,95,102,102,102,104,104,106,106,120,122,124,121,121,121,121,121,121,123,123,123,130,132,132,134],"relics":["Burning Blood","Singing Bowl","Tiny Chest","Oddly Smooth Stone","Ornamental Fan","Lizard Tail","Lee\u0027s Waffle","Mango","Pen Nib","Black Star","Strawberry"],"card_choices":[{"not_picked":["Warcry","Pommel Strike"],"picked":"Rampage"},{"not_picked":["True Grit","Searing Blow"],"picked":"Flex"},{"not_picked":["Entrench","Flex"],"picked":"Shrug It Off"},{"not_picked":["Brutality","Juggernaut"],"picked":"Offering"},{"not_picked":["Perfected Strike","Twin Strike"],"picked":"Shrug It Off"},{"not_picked":["Immolate","Barricade"],"picked":"Limit Break"}],"player_experience":324438,"potions_floor_usage":[41],"damage_taken":[{"damage":8.0,"enemies":"Jaw Worm","floor":1.0,"turns":4.0},{"damage":5.0,"enemies":"Small Slimes","floor":5.0,"turns":4.0},{"damage":0.0,"enemies":"2 Louse","floor":7.0,"turns":2.0},{"damage":7.0,"enemies":"Looter","floor":8.0,"turns":4.0},{"damage":38.0,"enemies":"Gremlin Nob","floor":11.0,"turns":5.0},{"damage":27.0,"enemies":"Lagavulin","floor":13.0,"turns":7.0},{"damage":32.0,"enemies":"Exordium Thugs","floor":14.0,"turns":5.0},{"damage":66.0,"enemies":"The Guardian","floor":16.0,"turns":12.0},{"damage":46.0,"enemies":"Shell Parasite","floor":18.0,"turns":5.0},{"damage":30.0,"enemies":"2 Thieves","floor":22.0,"turns":5.0},{"damage":23.0,"enemies":"Snecko","floor":24.0,"turns":6.0},{"damage":62.0,"enemies":"Slaver and Parasite","floor":27.0,"turns":7.0},{"damage":88.0,"enemies":"Book of Stabbing","floor":28.0,"turns":6.0},{"damage":28.0,"enemies":"Snake Plant","floor":31.0,"turns":3.0},{"damage":49.0,"enemies":"Champ","floor":33.0,"turns":10.0},{"damage":13,"enemies":"3 Shapes","floor":35,"turns":12},{"damage":48,"enemies":"3 Darklings","floor":39,"turns":4},{"damage":62,"enemies":"Maw","floor":41,"turns":9},{"damage":39,"enemies":"2 Orb Walkers","floor":42,"turns":3}],"event_choices":[{"event_name":"Big Fish","player_choice":"Donut","floor":3.0,"damage_taken":0.0},{"event_name":"Liars Game","player_choice":"disagreed","floor":4.0,"damage_taken":0.0},{"event_name":"Match and Keep!","player_choice":"0 cards matched","floor":10.0,"damage_taken":0.0},{"event_name":"Dead Adventurer","player_choice":"Searched \u00272\u0027 times","floor":11.0,"damage_taken":0.0},{"event_name":"The Woman in Blue","player_choice":"Bought 3 Potions","floor":20.0,"damage_taken":0.0},{"event_name":"The Library","player_choice":"Read","floor":21.0,"damage_taken":0.0},{"event_name":"The Lab","player_choice":"Got Potions","floor":36,"damage_taken":0},{"event_name":"Winding Halls","player_choice":"Writhe","floor":37,"damage_taken":0}],"boss_relics":[],"potions_floor_spawned":[1,5,11,14,24,28,39,41],"seed_played":"-3593581171471942476","killed_by":"2 Orb Walkers","ascension_level":10,"is_trial":false}