{"path_per_floor":["M","$","M","?","?","E","R","E","T","M","R","?","M","M","R","B",null,"M","?","$","?","M","R","E","R","T","R","M","?","$","?","R","B",null,"M","?","?","M","M","R","E","$","T","E","R","M","R","?","R","B"],"character_chosen":"IRONCLAD","items_purchased":["Whirlwind","Molten Egg 2","Lantern"],"gold_per_floor":[110,110,126,76,76,101,101,135,209,229,229,229,247,262,262,364,364,379,379,50,50,66,66,97,97,97,97,116,31,31,31,31,134,134,154,154,154,169,183,183,218,69,69,104,104,120,120,174,174,174],"floor_reached":51,"campfire_rested":7,"playtime":1978,"current_hp_per_floor":[80,80,80,80,77,55,55,44,44,52,76,76,72,80,80,49,80,72,72,72,72,71,71,45,69,69,69,69,69,69,53,77,42,80,68,68,68,47,47,71,41,41,41,40,64,57,80,57,80,18],"items_purged":[],"gold":174,"score":755,"play_id":"f84f5615-bbfe-41ce-a335-4904a1969603","local_time":"20180318195621","is_prod":false,"is_daily":false,"is_ascension_mode":false,"campfire_upgraded":4,"timestamp":1521392181,"path_taken":["M","$","M","?","?","E","R","E","T","M","R","?","M","?","R","BOSS","M","?","$","?","?","R","E","R","T","R","M","?","$","?","R","BOSS","M","?","?","M","?","R","E","$","T","E","R","M","R","?","R","BOSS"],"build_version":"2018-03-15v3","purchased_purges":0,"victory":true,"master_deck":["Strike_R","Strike_R","Strike_R","Strike_R","Defend_R","Defend_R+1","Defend_R","Defend_R+1","Bash+1","Twin Strike+1","Shrug It Off+1","Twin Strike+1","Shrug It Off+1","Uppercut+1","Rage+1","Burning Pact+1","Offering+1","Battle Trance+1","Headbutt","Heavy Blade","Shrug It Off+1","Offering+1","Whirlwind+1","Offering+1","Metallicize+1","Shrug It Off+1","Double Tap+1","Havoc+1","Whirlwind+1","Shrug It Off+1","Infernal Blade+1"],"max_hp_per_floor":[80,80,80,80,80,80,80,80,80,80,80,80,80,80,80,80,80,80,80,80,80,80,80,80,80,80,80,80,80,80,80,80,80,80,80,80,80,80,80,80,80,80,80,80,80,80,80,80,80,80],"relics":["Burning Blood","Shuriken","Blood Vial","Toxic Egg 2","Self Forming Clay","Orrery","Molten Egg 2","Toolbox","Paper Frog","Ornamental Fan","Enchiridion","Runic Cube","Bag of Preparation","Lantern","Centennial Puzzle","War Paint","Dead Branch"],"card_choices":[{"not_picked":["Heavy Blade","Sword Boomerang"],"picked":"Twin Strike"},{"not_picked":["Sword Boomerang","Carnage"],"picked":"Shrug It Off"},{"not_picked":["Dropkick","Headbutt"],"picked":"Twin Strike"},{"not_picked":["Clothesline","Brutality"],"picked":"Shrug It Off"},{"not_picked":["Twin Strike","Power Through"],"picked":"Uppercut"},{"not_picked":["Second Wind","Rampage"],"picked":"Rage"},{"not_picked":["Sword Boomerang","Uppercut"],"picked":"Burning Pact"},{"not_picked":["Fiend Fire","Demon Form"],"picked":"Offering"},{"not_picked":["Iron Wave","Intimidate"],"picked":"Battle Trance"},{"not_picked":["Twin Strike","True Grit"],"picked":"Headbutt"},{"not_picked":["Body Slam","Clash"],"picked":"Heavy Blade"},{"not_picked":["Blood for Blood","Sever Soul"],"picked":"Shrug It Off"},{"not_picked":["Sentinel","Body Slam"],"picked":"Metallicize"},{"not_picked":["Flame Barrier","Burning Pact"],"picked":"Shrug It Off"},{"not_picked":["Barricade","Juggernaut"],"picked":"Double Tap"},{"not_picked":["Anger","Perfected Strike"],"picked":"Havoc"},{"not_picked":["Clash","Flex"],"picked":"Whirlwind"},{"not_picked":["Thunderclap","Impervious"],"picked":"Shrug It Off"},{"not_picked":["Headbutt","Wild Strike"],"picked":"Infernal Blade"}],"player_experience":344544,"potions_floor_usage":[8,44,44,50],"damage_taken":[{"damage":0,"enemies":"2 Louse","floor":1,"turns":2},{"damage":1,"enemies":"Jaw Worm","floor":3,"turns":3},{"damage":28,"enemies":"Lagavulin","floor":6,"turns":5},{"damage":19,"enemies":"3 Sentries","floor":8,"turns":6},{"damage":0,"enemies":"Small Slimes","floor":10,"turns":3},{"damage":12,"enemies":"Blue Slaver","floor":13,"turns":2},{"damage":0,"enemies":"Exordium Thugs","floor":14,"turns":6},{"damage":37,"enemies":"Hexaghost","floor":16,"turns":9},{"damage":14,"enemies":"Shell Parasite","floor":18,"turns":4},{"damage":9,"enemies":"3 Byrds","floor":22,"turns":6},{"damage":34,"enemies":"Slavers","floor":24,"turns":4},{"damage":8,"enemies":"Cultist and Chosen","floor":28,"turns":4},{"damage":43,"enemies":"Collector","floor":33,"turns":7},{"damage":18,"enemies":"Orb Walker","floor":35,"turns":4},{"damage":29,"enemies":"3 Darklings","floor":38,"turns":4},{"damage":8,"enemies":"Sphere and 2 Shapes","floor":39,"turns":2},{"damage":38,"enemies":"Nemesis","floor":41,"turns":5},{"damage":18,"enemies":"Giant Head","floor":44,"turns":7},{"damage":15,"enemies":"Maw","floor":46,"turns":5},{"damage":29,"enemies":"Mysterious Sphere","floor":48,"turns":1},{"damage":68,"enemies":"Awakened One","floor":50,"turns":11}],"event_choices":[{"event_name":"The Cleric","player_choice":"Card Removal","floor":4,"damage_taken":0},{"event_name":"Scrap Ooze","player_choice":"success","floor":5,"damage_taken":3},{"event_name":"Living Wall","player_choice":"Grow","floor":12,"damage_taken":0},{"event_name":"Duplicator","player_choice":"One dupe","floor":19,"damage_taken":0},{"event_name":"Match and Keep!","player_choice":"1 cards matched","floor":21,"damage_taken":0},{"event_name":"Match and Keep!","player_choice":"1 cards matched","floor":21,"damage_taken":0},{"event_name":"Match and Keep!","player_choice":"1 cards matched","floor":21,"damage_taken":0},{"event_name":"Addict","player_choice":"Obtained Relic","floor":29,"damage_taken":0},{"event_name":"Cursed Tome","player_choice":"Obtained Book","floor":31,"damage_taken":0},{"event_name":"Tomb of Lord Red Mask","player_choice":"Ignored","floor":36,"damage_taken":0},{"event_name":"Match and Keep!","player_choice":"0 cards matched","floor":37,"damage_taken":0},{"event_name":"Mysterious Sphere","player_choice":"Fight","floor":48,"damage_taken":0}],"boss_relics":[{"not_picked":["Runic Pyramid","White Beast Statue"],"picked":"Orrery"},{"not_picked":["Black Star","Runic Dome"],"picked":"Runic Cube"}],"potions_floor_spawned":[6,10,13,14,33,35,39,44],"seed_played":"1492464389974950437","ascension_level":0,"is_trial":false}