{"path_per_floor":["M","M","?","M","$","R","E","R","T","E","?","R","M","$","R","B",null,"M","M","?","?","?","R","M","R","T","R","M","E","?"],"character_chosen":"IRONCLAD","items_purchased":["Happy Flower"],"gold_per_floor":[119,134,134,153,153,153,182,182,182,212,242,242,255,98,98,197,197,212,231,156,156,156,156,176,176,176,176,193,219,219],"floor_reached":31,"campfire_rested":2,"playtime":1535,"current_hp_per_floor":[82,85,78,84,84,84,60,60,60,54,54,54,52,52,77,56,78,62,45,45,45,45,45,31,56,63,63,45,27,11],"items_purged":[],"gold":219,"score":429,"play_id":"9cc7512f-6301-4713-985e-d2578c1b4d27","local_time":"20180315203943","is_prod":false,"is_daily":false,"is_ascension_mode":true,"campfire_upgraded":4,"timestamp":1521135583,"path_taken":["M","M","?","M","$","R","E","R","T","E","?","R","M","$","R","BOSS","M","M","?","?","?","R","M","R","T","R","M","E","?","M"],"build_version":"2018-03-09","purchased_purges":0,"victory":false,"master_deck":["Strike_R+1","Strike_R+1","Strike_R+1","Defend_R+1","Defend_R+1","Defend_R+1","Defend_R+1","Bash+1","Shrug It Off+1","Headbutt","Heavy Blade","Heavy Blade","Battle Trance","Inflame","Limit Break+1","Fire Breathing","True Grit+1","Disarm+1","Headbutt","Shrug It Off"],"max_hp_per_floor":[88,88,88,88,88,88,88,88,88,88,88,85,85,85,85,85,85,85,85,85,85,85,85,85,85,92,92,92,92,92],"relics":["Burning Blood","Ginger","Peace Pipe","Mummified Hand","Juzu Bracelet","Happy Flower","Runic Cube","Strawberry","Oddly Smooth Stone","Enchiridion"],"card_choices":[{"not_picked":["Carnage","Anger"],"picked":"Shrug It Off"},{"not_picked":["Evolve","Wild Strike"],"picked":"Headbutt"},{"not_picked":["Fire Breathing","Wild Strike"],"picked":"Heavy Blade"},{"not_picked":["Dropkick","Sentinel"],"picked":"Heavy Blade"},{"not_picked":["Hemokinesis","Twin Strike"],"picked":"Battle Trance"},{"not_picked":["Clash","Power Through"],"picked":"Inflame"},{"not_picked":["Demon Form","Barricade"],"picked":"Limit Break"},{"not_picked":["Heavy Blade","Iron Wave"],"picked":"Fire Breathing"},{"not_picked":["Clash","Hemokinesis"],"picked":"True Grit"},{"not_picked":["True Grit","Body Slam"],"picked":"Disarm"},{"not_picked":["Heavy Blade","Wild Strike"],"picked":"Headbutt"},{"not_picked":["Clash","Anger"],"picked":"Shrug It Off"}],"player_experience":322903,"potions_floor_usage":[],"damage_taken":[{"damage":4.0,"enemies":"Jaw Worm","floor":1.0,"turns":4.0},{"damage":3.0,"enemies":"Cultist","floor":2.0,"turns":5.0},{"damage":0.0,"enemies":"Small Slimes","floor":4.0,"turns":4.0},{"damage":30.0,"enemies":"3 Sentries","floor":7.0,"turns":11.0},{"damage":12.0,"enemies":"Gremlin Nob","floor":10.0,"turns":4.0},{"damage":8.0,"enemies":"Exordium Wildlife","floor":13.0,"turns":6.0},{"damage":27.0,"enemies":"Slime Boss","floor":16.0,"turns":9.0},{"damage":22.0,"enemies":"Spheric Guardian","floor":18.0,"turns":4.0},{"damage":23.0,"enemies":"2 Thieves","floor":19.0,"turns":3.0},{"damage":32.0,"enemies":"Cultist and Chosen","floor":24.0,"turns":5.0},{"damage":24.0,"enemies":"Slaver and Parasite","floor":28.0,"turns":8.0},{"damage":39.0,"enemies":"Gremlin Leader","floor":29.0,"turns":9.0},{"damage":23,"enemies":"Chosen and Byrds","floor":31,"turns":3}],"event_choices":[{"event_name":"Golden Wing","player_choice":"Card Removal","floor":3.0,"damage_taken":0.0},{"event_name":"Dead Adventurer","player_choice":"Searched \u00273\u0027 times","floor":11.0,"damage_taken":0.0},{"event_name":"Beggar","player_choice":"Gave Gold","floor":20.0,"damage_taken":0.0},{"event_name":"Back to Basics","player_choice":"Simplicity","floor":21.0,"damage_taken":0.0},{"event_name":"Vampires","player_choice":"Ignored","floor":22.0,"damage_taken":0.0},{"event_name":"Cursed Tome","player_choice":"Obtained Book","floor":30.0,"damage_taken":0.0}],"boss_relics":[],"potions_floor_spawned":[4,7,10,16,18,24,28],"seed_played":"-1752129457638856565","killed_by":"Chosen and Byrds","ascension_level":10,"is_trial":false}