{"path_per_floor":["M","M","?","?","?","R","M","R","T","R","E","M","?","$","R","B",null,"M","M","?","$","M","E","R","E","T","R","E"],"character_chosen":"IRONCLAD","items_purchased":["Toxic Egg 2","Disarm","Shrug It Off","Body Slam"],"gold_per_floor":[118,136,136,136,136,136,152,152,152,152,187,206,381,62,62,164,164,183,199,199,45,59,84,84,110,133,133,165],"floor_reached":29,"campfire_rested":2,"playtime":1362,"current_hp_per_floor":[64,69,69,57,41,41,47,47,47,47,34,37,37,37,37,26,67,59,53,53,53,42,29,53,19,19,43,8],"items_purged":["Doubt"],"gold":165,"score":432,"play_id":"ac857663-637d-46ee-8395-ee5771796632","local_time":"20180322134758","is_prod":false,"is_daily":false,"is_ascension_mode":true,"campfire_upgraded":4,"timestamp":1521715678,"path_taken":["M","M","?","?","?","R","M","R","T","R","E","M","?","$","R","BOSS","M","M","?","?","M","E","R","E","T","R","E","M"],"build_version":"2018-03-15v3","purchased_purges":1,"victory":false,"master_deck":["Strike_R+1","Strike_R+1","Strike_R+1","Strike_R+1","Strike_R+1","Defend_R+1","Defend_R+1","Defend_R+1","Defend_R+1","Bash+1","Parasite","Heavy Blade+1","Shrug It Off+1","Flex+1","Disarm+1","Twin Strike","Exhume+1","Disarm+1","Shrug It Off+1","Body Slam","Twin Strike+1","Limit Break+1","Demon Form","Headbutt"],"max_hp_per_floor":[80,80,80,80,80,80,80,80,80,80,80,80,80,80,80,80,80,80,80,80,80,80,80,80,80,80,80,80],"relics":["Burning Blood","Juzu Bracelet","Charon\u0027s Ashes","Bag of Marbles","Toxic Egg 2","Mark of Pain","Pen Nib","Gambling Chip","Anchor","Frozen Eye"],"card_choices":[{"not_picked":["Clash","Anger"],"picked":"Heavy Blade"},{"not_picked":["Flame Barrier","Wild Strike"],"picked":"Shrug It Off"},{"not_picked":["Sentinel","Body Slam"],"picked":"Flex"},{"not_picked":["Armaments","Battle Trance"],"picked":"Disarm"},{"not_picked":["Dropkick","Searing Blow"],"picked":"Twin Strike"},{"not_picked":["Immolate","Berserk"],"picked":"Exhume"},{"not_picked":["Corruption","Clash"],"picked":"Twin Strike"},{"not_picked":["Bludgeon","Warcry"],"picked":"Limit Break"},{"not_picked":["Evolve","Body Slam"],"picked":"Demon Form"},{"not_picked":["Bloodletting","Iron Wave"],"picked":"Headbutt"}],"player_experience":407023,"potions_floor_usage":[],"damage_taken":[{"damage":14.0,"enemies":"Jaw Worm","floor":1.0,"turns":5.0},{"damage":1.0,"enemies":"Cultist","floor":2.0,"turns":4.0},{"damage":0.0,"enemies":"Small Slimes","floor":7.0,"turns":3.0},{"damage":19.0,"enemies":"Lagavulin","floor":11.0,"turns":5.0},{"damage":3.0,"enemies":"2 Fungi Beasts","floor":12.0,"turns":4.0},{"damage":17.0,"enemies":"The Guardian","floor":16.0,"turns":13.0},{"damage":14.0,"enemies":"2 Thieves","floor":18.0,"turns":4.0},{"damage":12.0,"enemies":"Chosen","floor":19.0,"turns":4.0},{"damage":17.0,"enemies":"Snecko","floor":22.0,"turns":5.0},{"damage":19.0,"enemies":"Book of Stabbing","floor":23.0,"turns":6.0},{"damage":40.0,"enemies":"Gremlin Leader","floor":25.0,"turns":6.0},{"damage":41.0,"enemies":"Book of Stabbing","floor":28.0,"turns":5.0},{"damage":11,"enemies":"Centurion and Healer","floor":29,"turns":2}],"event_choices":[{"event_name":"Upgrade Shrine","player_choice":"Upgraded","floor":3.0,"damage_taken":0.0},{"event_name":"Scrap Ooze","player_choice":"success","floor":4.0,"damage_taken":12.0},{"event_name":"Shining Light","player_choice":"Entered Light","floor":5.0,"damage_taken":0.0},{"event_name":"Liars Game","player_choice":"agreed","floor":13.0,"damage_taken":0.0},{"event_name":"Back to Basics","player_choice":"Simplicity","floor":20.0,"damage_taken":0.0}],"boss_relics":[],"potions_floor_spawned":[7,11,12,18,19,25],"seed_played":"-1869261391369846169","killed_by":"Centurion and Healer","ascension_level":11,"is_trial":false}