{"path_per_floor":["M","$","?","?","T","R","M","M","T","M","$","M","M","$","R","B",null,"M","?","M","$","?","E","R","M","T","T","$","M","M","M","R"],"character_chosen":"IRONCLAD","items_purchased":[],"gold_per_floor":[115,40,40,115,115,115,127,140,140,151,51,63,76,76,76,172,172,191,191,209,84,84,117,117,128,128,128,128,148,163,181,181],"floor_reached":33,"campfire_rested":2,"playtime":1003,"current_hp_per_floor":[69,69,69,58,58,58,59,59,59,58,58,62,54,54,54,56,72,72,72,70,70,70,33,54,35,35,35,35,31,32,19,40],"items_purged":["Strike_R","Defend_R","Defend_R"],"gold":181,"score":259,"play_id":"ba4c37bd-9f76-462a-9e66-eafe70f9e3d8","local_time":"20180320154313","is_prod":false,"is_daily":false,"is_ascension_mode":false,"campfire_upgraded":2,"timestamp":1521549793,"path_taken":["M","$","?","?","?","R","M","?","T","?","$","?","M","?","R","BOSS","M","?","M","$","?","E","R","?","T","?","$","?","M","M","R","BOSS"],"build_version":"2018-03-15v3","purchased_purges":3,"victory":false,"master_deck":["Strike_R","Strike_R","Strike_R","Defend_R","Bash+1","Clash+1","Dropkick+1"],"max_hp_per_floor":[72,72,72,72,72,72,72,72,72,72,72,72,72,72,72,72,72,72,72,72,72,72,72,72,72,72,72,72,72,72,72,72],"relics":["Burning Blood","Du-Vu Doll","Bird Faced Urn","Cursed Key","Gambling Chip"],"card_choices":[{"not_picked":["Sentinel","Shockwave"],"picked":"Clash"},{"not_picked":["Uppercut","Pummel"],"picked":"Dropkick"}],"player_experience":387551,"potions_floor_usage":[31,33],"damage_taken":[{"damage":9,"enemies":"2 Louse","floor":1,"turns":3},{"damage":5,"enemies":"Cultist","floor":7,"turns":4},{"damage":6,"enemies":"Jaw Worm","floor":8,"turns":2},{"damage":7,"enemies":"3 Louse","floor":10,"turns":2},{"damage":2,"enemies":"Large Slime","floor":12,"turns":6},{"damage":14,"enemies":"Blue Slaver","floor":13,"turns":3},{"damage":4,"enemies":"Slime Boss","floor":16,"turns":6},{"damage":0,"enemies":"Chosen","floor":18,"turns":2},{"damage":8,"enemies":"3 Byrds","floor":20,"turns":5},{"damage":43,"enemies":"Gremlin Leader","floor":23,"turns":3},{"damage":25,"enemies":"Slaver and Parasite","floor":25,"turns":3},{"damage":10,"enemies":"Cultist and Chosen","floor":29,"turns":4},{"damage":5,"enemies":"Chosen and Byrds","floor":30,"turns":4},{"damage":19,"enemies":"Centurion and Healer","floor":31,"turns":3},{"damage":73,"enemies":"Automaton","floor":33,"turns":6}],"event_choices":[{"event_name":"Match and Keep!","player_choice":"0 cards matched","floor":3,"damage_taken":0},{"event_name":"World of Goop","player_choice":"Gather Gold","floor":4,"damage_taken":0},{"event_name":"Vampires","player_choice":"Ignored","floor":19,"damage_taken":0},{"event_name":"Upgrade Shrine","player_choice":"Upgraded","floor":22,"damage_taken":0}],"boss_relics":[{"not_picked":["Runic Cube","Tiny House"],"picked":"Cursed Key"}],"potions_floor_spawned":[1,8,13,16,25,29],"seed_played":"663976719195321260","killed_by":"Automaton","ascension_level":0,"is_trial":false}