{"path_per_floor":["M","?","?","M","M","R","E","R","T","M","M","M","M","$","R","B",null,"M","T","M","?","M","R","M","R","T","T","R","$","E","$","R","B",null,"M","M","$","M","M","R","M","?","T","R","M","$","T","E","R","B"],"character_chosen":"IRONCLAD","items_purchased":["Weak Potion","Metallicize","Mummified Hand","Poison Potion","Metallicize","Swift Potion","Dexterity Potion"],"gold_per_floor":[109,139,214,229,248,248,275,275,301,311,331,348,363,156,156,260,260,240,267,286,286,305,305,319,319,342,342,342,18,50,50,50,155,155,171,183,183,202,215,215,233,233,233,233,248,104,129,464,464,464],"floor_reached":51,"campfire_rested":6,"playtime":3503,"current_hp_per_floor":[77,70,59,65,64,64,41,41,41,38,26,20,19,19,42,21,63,56,56,53,53,28,51,18,18,18,18,41,41,33,33,56,59,73,59,32,32,38,40,40,23,23,23,46,36,36,43,41,66,39],"items_purged":["Parasite","Writhe"],"gold":464,"score":1095,"play_id":"6b3d888f-2972-4a43-aef3-7ad80c2d0a4d","local_time":"20180322160313","is_prod":false,"is_daily":false,"is_ascension_mode":true,"campfire_upgraded":4,"timestamp":1521723793,"path_taken":["M","?","?","M","M","R","E","R","T","M","?","M","M","$","R","BOSS","M","?","M","?","M","R","?","R","T","?","R","$","E","$","R","BOSS","M","M","$","M","M","R","M","?","T","R","M","$","?","E","R","BOSS"],"build_version":"2018-03-15v3","purchased_purges":3,"victory":true,"master_deck":["Strike_R+1","Strike_R+1","Defend_R","Defend_R","Defend_R","Bash+1","Flame Barrier+1","Body Slam+1","Iron Wave","Barricade+1","Flex","Metallicize","Demon Form","Whirlwind+1","Evolve+1","Armaments+1","Headbutt+1","Body Slam+1","Iron Wave+1","Metallicize+1","Offering","Shrug It Off+1","Ghostly Armor+1","Metallicize"],"max_hp_per_floor":[80,80,80,80,80,80,80,80,80,80,80,80,80,77,77,77,77,77,77,77,77,77,77,77,77,77,77,77,77,77,77,77,77,77,77,77,77,77,77,77,77,77,77,77,77,77,84,84,84,84],"relics":["Burning Blood","Tiny Chest","Oddly Smooth Stone","Whetstone","Astrolabe","Happy Flower","The Courier","Bronze Scales","Lantern","Mummified Hand","Omamori","Cursed Key","Unceasing Top","Strawberry","Old Coin"],"card_choices":[{"not_picked":["Combust","Corruption"],"picked":"Flame Barrier"},{"not_picked":["Iron Wave","Headbutt"],"picked":"Body Slam"},{"not_picked":["Headbutt","Sword Boomerang"],"picked":"Iron Wave"},{"not_picked":["Pommel Strike","True Grit"],"picked":"Barricade"},{"not_picked":["Headbutt","Wild Strike"],"picked":"Flex"},{"not_picked":["Brutality","Berserk"],"picked":"Demon Form"},{"not_picked":["Wild Strike","Disarm"],"picked":"Headbutt"},{"not_picked":["Cleave","Pommel Strike"],"picked":"Body Slam"},{"not_picked":["Warcry","Clash"],"picked":"Iron Wave"},{"not_picked":["Dropkick","Limit Break"],"picked":"Metallicize"},{"not_picked":["Feed","Berserk"],"picked":"Offering"},{"not_picked":["Sword Boomerang","Clash"],"picked":"Shrug It Off"},{"not_picked":["Corruption","Cleave"],"picked":"Ghostly Armor"}],"player_experience":409531,"potions_floor_usage":[45,50,50,50],"damage_taken":[{"damage":1.0,"enemies":"Cultist","floor":1.0,"turns":3.0},{"damage":0.0,"enemies":"2 Louse","floor":4.0,"turns":3.0},{"damage":7.0,"enemies":"Jaw Worm","floor":5.0,"turns":5.0},{"damage":29.0,"enemies":"3 Sentries","floor":7.0,"turns":11.0},{"damage":9.0,"enemies":"3 Louse","floor":10.0,"turns":4.0},{"damage":18.0,"enemies":"Gremlin Gang","floor":11.0,"turns":6.0},{"damage":12.0,"enemies":"Exordium Thugs","floor":12.0,"turns":5.0},{"damage":7.0,"enemies":"3 Louse","floor":13.0,"turns":4.0},{"damage":27.0,"enemies":"The Guardian","floor":16.0,"turns":17.0},{"damage":13.0,"enemies":"2 Thieves","floor":18.0,"turns":4.0},{"damage":9.0,"enemies":"Shell Parasite","floor":20.0,"turns":6.0},{"damage":31.0,"enemies":"Snake Plant","floor":22.0,"turns":5.0},{"damage":39.0,"enemies":"Centurion and Healer","floor":24.0,"turns":5.0},{"damage":26.0,"enemies":"Slavers","floor":30.0,"turns":5.0},{"damage":3.0,"enemies":"Champ","floor":33.0,"turns":12.0},{"damage":20.0,"enemies":"3 Shapes","floor":35.0,"turns":41.0},{"damage":33.0,"enemies":"3 Darklings","floor":36.0,"turns":6.0},{"damage":0.0,"enemies":"Maw","floor":38.0,"turns":7.0},{"damage":4.0,"enemies":"4 Shapes","floor":39.0,"turns":46.0},{"damage":23.0,"enemies":"3 Darklings","floor":41.0,"turns":6.0},{"damage":28,"enemies":"Maw","floor":45,"turns":7},{"damage":8,"enemies":"Giant Head","floor":48,"turns":7},{"damage":33,"enemies":"Donu and Deca","floor":50,"turns":10}],"event_choices":[{"event_name":"Scrap Ooze","player_choice":"success","floor":2.0,"damage_taken":7.0},{"event_name":"World of Goop","player_choice":"Gather Gold","floor":3.0,"damage_taken":0.0},{"event_name":"The Mausoleum","player_choice":"Yes","floor":21.0,"damage_taken":0.0}],"boss_relics":[],"potions_floor_spawned":[1,5,12,13,24,30,41,45,48],"seed_played":"-1339200900674302503","ascension_level":11,"is_trial":false}