{"path_per_floor":["M","?","M","$","?","R","?","R","T","R","M","R","M","M","R","B",null,"M","M","M","M","?","R","M","R","T","?","M","M","R","$","R","B",null,"M","M","?","M","$","R","E","T","T","R","M","M","M","M","R","B"],"character_chosen":"IRONCLAD","items_purchased":["Bottled Tornado","Inflame"],"gold_per_floor":[116,116,134,59,59,59,9,9,36,36,52,52,67,84,84,187,187,200,218,234,245,245,245,263,263,287,287,305,323,323,6,6,103,103,121,135,135,149,149,149,182,208,235,235,254,274,284,304,304,304],"floor_reached":51,"campfire_rested":3,"playtime":4080,"current_hp_per_floor":[76,76,80,80,85,85,85,85,85,85,85,85,85,69,69,35,85,69,69,65,55,55,55,49,74,74,74,78,70,70,70,70,51,85,69,71,71,38,38,63,67,67,67,67,41,43,47,46,71,39],"items_purged":["Strike_R"],"gold":304,"score":648,"play_id":"f3dc6326-6b3f-412e-b99c-af251c4ca098","local_time":"20180316114908","is_prod":false,"is_daily":false,"is_ascension_mode":false,"campfire_upgraded":9,"timestamp":1521190148,"path_taken":["M","?","M","$","?","R","?","R","T","R","M","R","M","M","R","BOSS","M","M","M","M","?","R","M","R","T","?","M","?","R","?","R","BOSS","M","M","?","M","$","R","E","?","T","R","M","M","?","M","R","BOSS"],"build_version":"2018-03-15","purchased_purges":1,"victory":true,"master_deck":["Strike_R","Defend_R","Defend_R","Defend_R","Defend_R","Bash+1","Feel No Pain+1","Pommel Strike+1","True Grit+1","Feel No Pain","Pommel Strike+1","Offering+1","Uppercut","Battle Trance","Corruption+1","Body Slam+1","Sentinel","Rampage","Headbutt","Cleave+1","Body Slam+1","Shrug It Off+1","Inflame","Juggernaut","True Grit+1","Disarm+1","Disarm+1","Body Slam+1","Warcry+1","Dual Wield+1"],"max_hp_per_floor":[80,80,80,80,85,85,85,85,85,85,85,85,85,85,85,85,85,85,85,85,85,85,85,85,85,85,85,85,85,85,85,85,85,85,85,85,85,85,85,85,85,85,85,85,85,85,85,85,85,85],"relics":["Burning Blood","Pen Nib","Anchor","Orrery","Blood Vial","Bottled Tornado","Runic Cube","Bag of Preparation","Omamori","War Paint"],"card_choices":[{"not_picked":["Cleave","Perfected Strike"],"picked":"Feel No Pain"},{"not_picked":["Feel No Pain","Dropkick"],"picked":"Pommel Strike"},{"not_picked":["Twin Strike","Armaments"],"picked":"True Grit"},{"not_picked":["Berserk","Anger"],"picked":"Feel No Pain"},{"not_picked":["Rupture","Thunderclap"],"picked":"Pommel Strike"},{"not_picked":["Brutality","Double Tap"],"picked":"Offering"},{"not_picked":["Iron Wave","Rampage"],"picked":"Uppercut"},{"not_picked":["Clothesline","Iron Wave"],"picked":"Battle Trance"},{"not_picked":["Warcry","Anger"],"picked":"Corruption"},{"not_picked":["Armaments","Power Through"],"picked":"Body Slam"},{"not_picked":["Ghostly Armor","Sever Soul"],"picked":"Sentinel"},{"not_picked":["Immolate","Thunderclap"],"picked":"Rampage"},{"not_picked":["Power Through","Cleave"],"picked":"Headbutt"},{"not_picked":["Headbutt","Pummel"],"picked":"Cleave"},{"not_picked":["Uppercut","Wild Strike"],"picked":"Body Slam"},{"not_picked":["Body Slam","Rupture"],"picked":"Shrug It Off"},{"not_picked":["Berserk","Double Tap"],"picked":"Juggernaut"},{"not_picked":["Cleave","Iron Wave"],"picked":"True Grit"},{"not_picked":["Power Through","Infernal Blade"],"picked":"Disarm"},{"not_picked":["Inflame","Fire Breathing"],"picked":"Disarm"},{"not_picked":["Ghostly Armor","Havoc"],"picked":"Body Slam"},{"not_picked":["Seeing Red","True Grit"],"picked":"Warcry"},{"not_picked":["Cleave","Shrug It Off"],"picked":"Dual Wield"}],"player_experience":328542,"potions_floor_usage":[50,50,50],"damage_taken":[{"damage":10.0,"enemies":"Jaw Worm","floor":1.0,"turns":6.0},{"damage":0.0,"enemies":"Cultist","floor":3.0,"turns":2.0},{"damage":0.0,"enemies":"2 Louse","floor":11.0,"turns":2.0},{"damage":4.0,"enemies":"Exordium Wildlife","floor":13.0,"turns":4.0},{"damage":22.0,"enemies":"Red Slaver","floor":14.0,"turns":4.0},{"damage":40.0,"enemies":"The Guardian","floor":16.0,"turns":9.0},{"damage":22.0,"enemies":"Chosen","floor":18.0,"turns":4.0},{"damage":6.0,"enemies":"3 Byrds","floor":19.0,"turns":6.0},{"damage":10.0,"enemies":"Snecko","floor":20.0,"turns":6.0},{"damage":16.0,"enemies":"Chosen and Byrds","floor":21.0,"turns":8.0},{"damage":12.0,"enemies":"Sentry and Sphere","floor":24.0,"turns":5.0},{"damage":4.0,"enemies":"Snecko","floor":28.0,"turns":4.0},{"damage":16.0,"enemies":"Snake Plant","floor":29.0,"turns":5.0},{"damage":27.0,"enemies":"Automaton","floor":33.0,"turns":6.0},{"damage":22.0,"enemies":"Orb Walker","floor":35.0,"turns":3.0},{"damage":6.0,"enemies":"3 Darklings","floor":36.0,"turns":4.0},{"damage":41,"enemies":"Maw","floor":38,"turns":7},{"damage":4,"enemies":"2 Orb Walkers","floor":41,"turns":3},{"damage":34,"enemies":"4 Shapes","floor":45,"turns":6},{"damage":6,"enemies":"3 Darklings","floor":46,"turns":5},{"damage":4,"enemies":"Maw","floor":47,"turns":5},{"damage":9,"enemies":"Sphere and 2 Shapes","floor":48,"turns":5},{"damage":40,"enemies":"Awakened One","floor":50,"turns":6}],"event_choices":[{"event_name":"The Lab","player_choice":"Got Potions","floor":2.0,"damage_taken":0.0},{"event_name":"Big Fish","player_choice":"Donut","floor":5.0,"damage_taken":0.0},{"event_name":"The Cleric","player_choice":"Card Removal","floor":7.0,"damage_taken":0.0},{"event_name":"Vampires","player_choice":"Ignored","floor":22.0,"damage_taken":0.0},{"event_name":"Purifier","player_choice":"One Purge","floor":27.0,"damage_taken":0.0},{"event_name":"Purifier","player_choice":"One Purge","floor":37.0,"damage_taken":0.0}],"boss_relics":[],"potions_floor_spawned":[3,11,16,18,19,24,33,36,38,47,48],"seed_played":"-1909926573404145148","ascension_level":0,"is_trial":false}