{"path_per_floor":["M","M","$","M","M","E","R","$","T","R","?","R","E","M","R","B",null,"M","$","M","$","M","R","M","R","T","M","E","R","E","M","R","B",null,"M","?","?","M","$","R","?","M","T","R","$","M","?","M","R"],"character_chosen":"IRONCLAD","items_purchased":["Body Slam","Spot Weakness","Bag of Marbles","Flame Barrier","Ancient Tea Set"],"gold_per_floor":[116,127,52,71,90,115,115,90,135,135,135,135,170,185,185,286,286,304,304,317,131,146,146,164,164,164,182,215,215,248,266,266,364,364,379,379,379,398,317,317,317,327,378,378,233,250,302,319,319],"floor_reached":50,"campfire_rested":3,"playtime":2387,"current_hp_per_floor":[74,73,73,77,57,30,30,30,30,30,58,58,42,37,62,19,68,54,54,57,57,35,35,23,48,48,53,52,52,62,74,74,70,81,77,66,66,72,72,72,72,59,59,59,59,56,40,45,70],"items_purged":["Parasite"],"gold":319,"score":801,"play_id":"969ae30a-5d53-4b86-93b8-5c9c7ef2e63f","local_time":"20180321155405","is_prod":false,"is_daily":false,"is_ascension_mode":true,"campfire_upgraded":8,"timestamp":1521636845,"path_taken":["M","M","$","M","M","E","R","$","T","R","?","R","E","M","R","BOSS","M","$","M","$","?","R","M","R","T","M","E","R","E","M","R","BOSS","M","?","?","M","$","R","?","?","T","R","$","M","?","?","R","BOSS"],"build_version":"2018-03-15v3","purchased_purges":1,"victory":false,"master_deck":["Strike_R","Strike_R+1","Strike_R","Strike_R+1","Defend_R","Defend_R","Defend_R","Defend_R","Bash+1","Flex+1","Headbutt+1","Body Slam+1","Inflame","Shockwave+1","Reaper","Twin Strike+1","Battle Trance+1","Spot Weakness","Rage+1","Shrug It Off+1","Barricade+1","Madness","Madness","Flame Barrier+1","Heavy Blade+1"],"max_hp_per_floor":[80,80,77,77,77,84,84,84,84,84,84,84,84,84,84,84,84,84,84,84,84,84,84,84,84,84,84,84,84,84,84,84,84,84,84,84,84,84,84,84,84,84,84,84,84,84,84,84,84],"relics":["Burning Blood","Strawberry","Bronze Scales","Darkstone Periapt","Sozu","Bag of Marbles","Orichalcum","Blue Candle","Gremlin Horn","Runic Cube","Whetstone","Ancient Tea Set","Torii"],"card_choices":[{"not_picked":["Reckless Charge","Wild Strike"],"picked":"Flex"},{"not_picked":["Sever Soul","True Grit"],"picked":"Headbutt"},{"not_picked":["Thunderclap","Perfected Strike"],"picked":"Inflame"},{"not_picked":["Iron Wave","Clothesline"],"picked":"Shockwave"},{"not_picked":["Bludgeon","Brutality"],"picked":"Reaper"},{"not_picked":["Sentinel","Wild Strike"],"picked":"Twin Strike"},{"not_picked":["Anger","Sword Boomerang"],"picked":"Battle Trance"},{"not_picked":["Clothesline","Twin Strike"],"picked":"Rage"},{"not_picked":["Evolve","Pommel Strike"],"picked":"Shrug It Off"},{"not_picked":["Flex","Feel No Pain"],"picked":"Barricade"},{"not_picked":["Power Through","Iron Wave"],"picked":"Heavy Blade"}],"player_experience":397704,"potions_floor_usage":[18,50,50],"damage_taken":[{"damage":4,"enemies":"Small Slimes","floor":1,"turns":4},{"damage":7,"enemies":"Jaw Worm","floor":2,"turns":3},{"damage":1,"enemies":"Cultist","floor":4,"turns":3},{"damage":26,"enemies":"3 Louse","floor":5,"turns":4},{"damage":40,"enemies":"Gremlin Nob","floor":6,"turns":5},{"damage":22,"enemies":"3 Sentries","floor":13,"turns":6},{"damage":11,"enemies":"Looter","floor":14,"turns":2},{"damage":49,"enemies":"Hexaghost","floor":16,"turns":9},{"damage":20,"enemies":"Shell Parasite","floor":18,"turns":3},{"damage":9,"enemies":"Chosen","floor":20,"turns":4},{"damage":28,"enemies":"Sentry and Sphere","floor":22,"turns":5},{"damage":18,"enemies":"Snake Plant","floor":24,"turns":2},{"damage":7,"enemies":"Snecko","floor":27,"turns":3},{"damage":7,"enemies":"Book of Stabbing","floor":28,"turns":4},{"damage":14,"enemies":"Gremlin Leader","floor":30,"turns":5},{"damage":5,"enemies":"Chosen and Byrds","floor":31,"turns":6},{"damage":28,"enemies":"Collector","floor":33,"turns":9},{"damage":10,"enemies":"Orb Walker","floor":35,"turns":3},{"damage":0,"enemies":"3 Shapes","floor":38,"turns":2},{"damage":22,"enemies":"Sphere and 2 Shapes","floor":42,"turns":6},{"damage":9,"enemies":"Maw","floor":46,"turns":7},{"damage":35,"enemies":"Mysterious Sphere","floor":47,"turns":5},{"damage":21,"enemies":"3 Darklings","floor":48,"turns":6},{"damage":81,"enemies":"Donu and Deca","floor":50,"turns":5}],"event_choices":[{"event_name":"Big Fish","player_choice":"Banana","floor":11,"damage_taken":0},{"event_name":"Winding Halls","player_choice":"Embrace Madness","floor":36,"damage_taken":0},{"event_name":"Tomb of Lord Red Mask","player_choice":"Ignored","floor":41,"damage_taken":0},{"event_name":"Mysterious Sphere","player_choice":"Fight","floor":47,"damage_taken":0}],"boss_relics":[{"not_picked":["Cursed Key","White Beast Statue"],"picked":"Sozu"},{"not_picked":["Calling Bell","Philosopher\u0027s Stone"],"picked":"Runic Cube"}],"potions_floor_spawned":[2,13,16,20,22,24,30,33,35,46,47],"seed_played":"-1279247979810705482","killed_by":"Donu and Deca","ascension_level":11,"is_trial":false}