{"path_per_floor":["M","M","M","M","$","R","M","R","T","R","?","E","M","M","R","B",null,"M","?","?","$","M","R","E","?","T","R","E","M","?","M","R","B",null,"M","$","?","$","M","R","E","M","T","?","R","E","?","M","R","B"],"character_chosen":"IRONCLAD","items_purchased":["Strength Potion","Blind"],"gold_per_floor":[14,32,48,63,63,63,76,76,76,76,76,105,116,132,132,227,227,239,239,239,164,181,181,214,139,189,189,224,243,243,263,263,359,359,370,270,270,6,26,26,52,63,63,116,116,147,147,161,161,161],"floor_reached":51,"campfire_rested":3,"playtime":1720,"current_hp_per_floor":[80,80,80,80,80,80,80,80,80,80,73,66,61,59,59,29,80,80,80,64,64,70,70,47,47,47,71,42,44,29,35,60,85,85,85,85,85,85,76,76,74,78,78,80,80,60,60,61,90,46],"items_purged":["Defend_R","Regret","Defend_R"],"gold":161,"score":770,"play_id":"18d51d99-039d-469f-b684-f22195c10101","local_time":"20180321113147","is_prod":false,"is_daily":false,"is_ascension_mode":false,"campfire_upgraded":6,"timestamp":1521621107,"path_taken":["M","M","M","M","$","R","M","R","T","R","?","E","M","?","R","BOSS","M","?","?","$","M","R","E","?","T","R","E","M","?","M","R","BOSS","M","$","?","$","M","R","E","M","T","?","R","E","?","M","R","BOSS"],"build_version":"2018-03-15v3","purchased_purges":3,"victory":true,"master_deck":["Strike_R","Strike_R","Strike_R","Bash+1","Clash+1","Battle Trance","Clash+1","Dual Wield+1","Rage+1","Clash+1","Warcry+1","Feed","Blind+1","Shockwave+1"],"max_hp_per_floor":[80,80,80,80,80,80,80,80,80,80,80,80,80,80,80,80,80,80,80,80,80,80,80,80,80,80,80,80,80,85,85,85,85,85,85,85,85,85,85,85,85,88,88,91,91,94,94,97,97,100],"relics":["Black Blood","Pen Nib","Blue Candle","Cursed Key","Enchiridion","Pantograph","Bag of Preparation","Prayer Wheel","Dream Catcher","Shovel","Ancient Tea Set","Meat on the Bone"],"card_choices":[{"not_picked":["Rupture","Flex"],"picked":"Clash"},{"not_picked":["Body Slam","Havoc"],"picked":"Battle Trance"},{"not_picked":["Headbutt","Sever Soul"],"picked":"Clash"},{"not_picked":["Clothesline","Clash"],"picked":"Dual Wield"},{"not_picked":["Sword Boomerang","Heavy Blade"],"picked":"Rage"},{"not_picked":["Perfected Strike","Pommel Strike"],"picked":"Clash"},{"not_picked":["Impervious","Reckless Charge"],"picked":"Warcry"},{"not_picked":["Brutality","Reaper"],"picked":"Feed"},{"not_picked":["Bloodletting","Carnage"],"picked":"Shockwave"}],"player_experience":395053,"potions_floor_usage":[50,50,50],"damage_taken":[{"damage":6.0,"enemies":"Jaw Worm","floor":1.0,"turns":3.0},{"damage":5.0,"enemies":"2 Louse","floor":2.0,"turns":2.0},{"damage":0.0,"enemies":"Cultist","floor":3.0,"turns":4.0},{"damage":3.0,"enemies":"2 Fungi Beasts","floor":4.0,"turns":3.0},{"damage":0.0,"enemies":"3 Louse","floor":7.0,"turns":3.0},{"damage":13.0,"enemies":"Lagavulin","floor":12.0,"turns":3.0},{"damage":11.0,"enemies":"Large Slime","floor":13.0,"turns":2.0},{"damage":8.0,"enemies":"Red Slaver","floor":14.0,"turns":2.0},{"damage":36.0,"enemies":"The Guardian","floor":16.0,"turns":4.0},{"damage":0.0,"enemies":"Chosen","floor":18.0,"turns":2.0},{"damage":0.0,"enemies":"Spheric Guardian","floor":22.0,"turns":1.0},{"damage":29.0,"enemies":"Gremlin Leader","floor":24.0,"turns":4.0},{"damage":35.0,"enemies":"Book of Stabbing","floor":28.0,"turns":4.0},{"damage":4.0,"enemies":"Centurion and Healer","floor":29.0,"turns":2.0},{"damage":0.0,"enemies":"Snake Plant","floor":31.0,"turns":1.0},{"damage":6.0,"enemies":"Champ","floor":33.0,"turns":4.0},{"damage":1.0,"enemies":"Orb Walker","floor":35.0,"turns":2.0},{"damage":19.0,"enemies":"3 Darklings","floor":39.0,"turns":5.0},{"damage":12.0,"enemies":"Nemesis","floor":41.0,"turns":3.0},{"damage":9.0,"enemies":"Sphere and 2 Shapes","floor":42.0,"turns":3.0},{"damage":11.0,"enemies":"Mysterious Sphere","floor":44.0,"turns":2.0},{"damage":33.0,"enemies":"2 Orb Walkers","floor":46.0,"turns":4.0},{"damage":12.0,"enemies":"4 Shapes","floor":48.0,"turns":3.0},{"damage":76,"enemies":"Donu and Deca","floor":50,"turns":7}],"event_choices":[{"event_name":"Golden Wing","player_choice":"Card Removal","floor":11.0,"damage_taken":0.0},{"event_name":"Drug Dealer","player_choice":"Ignored","floor":19.0,"damage_taken":0.0},{"event_name":"Cursed Tome","player_choice":"Obtained Book","floor":20.0,"damage_taken":0.0},{"event_name":"Beggar","player_choice":"Gave Gold","floor":25.0,"damage_taken":0.0},{"event_name":"Forgotten Altar","player_choice":"Shed Blood","floor":30.0,"damage_taken":0.0},{"event_name":"Duplicator","player_choice":"One dupe","floor":37.0,"damage_taken":0.0},{"event_name":"Mysterious Sphere","player_choice":"Fight","floor":44.0,"damage_taken":0.0}],"boss_relics":[],"potions_floor_spawned":[1,3,16,28,31,33,35,46],"seed_played":"3620397122306019926","ascension_level":0,"is_trial":false}