{"path_per_floor":["M","?","$","M","?","R","?","$","T","R","E","M","M","M","R","B",null,"M","?","M","$","?","R","E","$","T","M","R","$","R","M","R","B",null,"M","$","M","M","M","R","M","R","T","M","$","E","M","?","R"],"character_chosen":"IRONCLAD","items_purchased":["Rampage","Uppercut","Paper Frog","Limit Break"],"gold_per_floor":[110,110,72,96,196,196,196,44,90,90,133,158,179,192,192,322,322,345,345,359,112,112,112,147,147,170,185,185,29,29,41,41,139,139,153,53,64,76,90,90,102,102,102,120,120,149,167,167,167],"floor_reached":50,"campfire_rested":4,"playtime":3015,"current_hp_per_floor":[74,52,52,39,39,39,39,39,39,39,30,32,21,22,47,16,68,63,63,73,73,73,73,37,37,42,34,59,59,59,72,72,61,79,77,77,85,80,30,55,52,77,91,99,99,67,68,93,93],"items_purged":["Strike_R","Strike_R"],"gold":167,"score":788,"play_id":"81cc2e20-3454-460a-84f5-2a0bb6651054","local_time":"20180321164758","is_prod":false,"is_daily":false,"is_ascension_mode":true,"campfire_upgraded":6,"timestamp":1521640078,"path_taken":["M","?","$","M","?","R","?","$","T","R","E","M","M","?","R","BOSS","M","?","M","$","?","R","E","$","T","M","R","?","R","M","R","BOSS","M","$","M","M","M","R","M","R","T","M","$","E","M","?","R","BOSS"],"build_version":"2018-03-15v3","purchased_purges":3,"victory":false,"master_deck":["Strike_R","Strike_R","Strike_R","Defend_R","Defend_R","Defend_R","Defend_R","Bash+1","Twin Strike","Rampage+1","Iron Wave","Uppercut+1","Feel No Pain+1","Metallicize+1","Inflame+1","Warcry+1","Juggernaut+1","True Grit+1","Battle Trance+1","Headbutt+1","Limit Break+1","Juggernaut+1","Headbutt+1","Disarm+1","Shrug It Off+1","Writhe"],"max_hp_per_floor":[88,88,88,88,88,88,85,85,85,85,85,85,85,85,85,85,85,85,85,85,85,85,85,85,85,85,85,85,85,85,85,85,85,85,85,85,85,85,85,85,85,85,99,99,99,99,99,99,99],"relics":["Burning Blood","Bloody Idol","Vajra","Frozen Egg 2","Velvet Choker","Paper Frog","Blood Vial","Bottled Tornado","Orichalcum","White Beast Statue","Mango","Magic Flower"],"card_choices":[{"not_picked":["Warcry","Dual Wield"],"picked":"Twin Strike"},{"not_picked":["Thunderclap","Perfected Strike"],"picked":"Iron Wave"},{"not_picked":["Disarm","Evolve"],"picked":"Feel No Pain"},{"not_picked":["Rupture","Anger"],"picked":"Metallicize"},{"not_picked":["Impervious","Ghostly Armor"],"picked":"Inflame"},{"not_picked":["Bloodletting","Dual Wield"],"picked":"Warcry"},{"not_picked":["Dark Embrace","Feed"],"picked":"Juggernaut"},{"not_picked":["Heavy Blade","Carnage"],"picked":"True Grit"},{"not_picked":["Bloodletting","Searing Blow"],"picked":"Battle Trance"},{"not_picked":["Warcry","Clothesline"],"picked":"Headbutt"},{"not_picked":["Demon Form","Berserk"],"picked":"Juggernaut"},{"not_picked":["Anger","Flex"],"picked":"Headbutt"},{"not_picked":["Corruption","Rage"],"picked":"Disarm"},{"not_picked":["Dual Wield","Fire Breathing"],"picked":"Shrug It Off"}],"player_experience":400091,"potions_floor_usage":[16,16,33,33,35,39,39,46,46,50,50],"damage_taken":[{"damage":12,"enemies":"2 Louse","floor":1,"turns":4},{"damage":19,"enemies":"Jaw Worm","floor":4,"turns":3},{"damage":15,"enemies":"Lagavulin","floor":11,"turns":4},{"damage":4,"enemies":"Small Slimes","floor":12,"turns":3},{"damage":17,"enemies":"Gremlin Gang","floor":13,"turns":4},{"damage":5,"enemies":"2 Fungi Beasts","floor":14,"turns":3},{"damage":37,"enemies":"Slime Boss","floor":16,"turns":8},{"damage":11,"enemies":"Chosen","floor":18,"turns":5},{"damage":1,"enemies":"Shell Parasite","floor":20,"turns":4},{"damage":49,"enemies":"Gremlin Leader","floor":24,"turns":8},{"damage":21,"enemies":"Snake Plant","floor":27,"turns":4},{"damage":0,"enemies":"Cultist and Chosen","floor":31,"turns":5},{"damage":24,"enemies":"Automaton","floor":33,"turns":6},{"damage":15,"enemies":"Orb Walker","floor":35,"turns":4},{"damage":4,"enemies":"3 Shapes","floor":37,"turns":5},{"damage":16,"enemies":"Maw","floor":38,"turns":7},{"damage":63,"enemies":"3 Darklings","floor":39,"turns":4},{"damage":16,"enemies":"Sphere and 2 Shapes","floor":41,"turns":5},{"damage":3,"enemies":"4 Shapes","floor":44,"turns":5},{"damage":52,"enemies":"2 Orb Walkers","floor":46,"turns":5},{"damage":16,"enemies":"3 Darklings","floor":47,"turns":6},{"damage":113,"enemies":"Donu and Deca","floor":50,"turns":9}],"event_choices":[{"event_name":"Golden Idol","player_choice":"Take Damage","floor":2,"damage_taken":0},{"event_name":"Wheel of Change","player_choice":"Gold","floor":5,"damage_taken":0},{"event_name":"Fountain of Cleansing","player_choice":"Removed Curse","floor":7,"damage_taken":0},{"event_name":"Forgotten Altar","player_choice":"Gave Idol","floor":19,"damage_taken":0},{"event_name":"Accursed Blacksmith","player_choice":"Rummage","floor":22,"damage_taken":0},{"event_name":"Winding Halls","player_choice":"Writhe","floor":48,"damage_taken":0}],"boss_relics":[{"not_picked":["Runic Dome","Tiny House"],"picked":"Velvet Choker"},{"not_picked":["Question Card","Snecko Eye"],"picked":"White Beast Statue"}],"potions_floor_spawned":[13,14,16,24,27,31,33,35,37,38,39,41,44,46,47],"seed_played":"2136830761308547941","killed_by":"Donu and Deca","ascension_level":11,"is_trial":false}