{"path_per_floor":["M","M","?","M","M","R","E","R","T","E","$","E","?","$","R","B",null,"M","?","$","?","T","R","E","M","T","M","$","R","?","E","R","B",null,"M","?","M","?","$","?","R","M","T","M","M","M","$","M","R","B"],"character_chosen":"IRONCLAD","items_purchased":["Flame Barrier","Disarm","Feel No Pain","Art of War","True Grit","Feed","Bag of Preparation"],"gold_per_floor":[112,129,304,320,337,337,371,371,395,427,210,240,205,169,169,270,270,290,290,91,91,170,170,204,215,240,260,118,118,118,149,149,251,251,262,262,273,322,222,222,222,237,289,309,322,336,91,101,101,101],"floor_reached":51,"campfire_rested":1,"playtime":2957,"current_hp_per_floor":[80,80,80,76,63,63,35,35,35,28,28,16,37,37,37,29,87,79,79,79,79,79,79,75,81,81,89,89,89,89,64,64,9,89,94,94,97,89,89,76,76,62,62,42,53,49,49,45,77,17],"items_purged":["Doubt","Strike_R","Strike_R","Parasite"],"gold":101,"score":703,"play_id":"f46334fe-cfe3-409d-b892-d52dc99e656f","local_time":"20180321103644","is_prod":false,"is_daily":false,"is_ascension_mode":false,"campfire_upgraded":7,"timestamp":1521617804,"path_taken":["M","M","?","M","M","R","E","R","T","E","?","E","?","$","R","BOSS","M","?","$","?","?","R","E","M","T","M","?","R","?","E","R","BOSS","M","?","M","?","$","?","R","M","T","M","M","M","$","M","R","BOSS"],"build_version":"2018-03-15v3","purchased_purges":5,"victory":true,"master_deck":["Strike_R","Strike_R","Strike_R","Defend_R","Defend_R","Defend_R","Defend_R","Bash+1","Spot Weakness","Body Slam+1","Body Slam+1","Feel No Pain","Flame Barrier+1","Disarm","Fiend Fire","Shrug It Off+1","True Grit+1","Entrench+1","Headbutt","Feed","Spot Weakness","Offering+1","Metallicize+1","Madness","Madness","Warcry+1","Entrench+1","Battle Trance+1"],"max_hp_per_floor":[80,80,80,80,80,80,87,87,87,87,87,87,87,87,87,87,87,87,87,87,87,87,87,87,87,87,89,89,89,89,89,89,89,89,94,94,97,102,102,102,102,102,102,105,110,112,109,109,109,109],"relics":["Burning Blood","Strawberry","Bag of Marbles","Ornamental Fan","Anchor","Runic Dome","Art of War","The Courier","Bottled Lightning","Singing Bowl","Kunai","Cursed Key","Bird Faced Urn","Happy Flower","Bag of Preparation"],"card_choices":[{"not_picked":["Hemokinesis","Thunderclap"],"picked":"Spot Weakness"},{"not_picked":["Dual Wield","Fire Breathing"],"picked":"Body Slam"},{"not_picked":["Clothesline","Clash"],"picked":"Body Slam"},{"not_picked":["Thunderclap","Pommel Strike"],"picked":"Feel No Pain"},{"not_picked":["Feed","Brutality"],"picked":"Fiend Fire"},{"not_picked":["Bloodletting","Anger"],"picked":"Shrug It Off"},{"not_picked":["Corruption","Body Slam"],"picked":"Entrench"},{"not_picked":["Clash","Shrug It Off"],"picked":"Headbutt"},{"not_picked":["Thunderclap","Twin Strike"],"picked":"Spot Weakness"},{"not_picked":["Demon Form","Feed"],"picked":"Offering"},{"not_picked":["Iron Wave","Rage"],"picked":"Metallicize"},{"not_picked":["Fire Breathing","Sever Soul"],"picked":"Warcry"},{"not_picked":["Shockwave","Pummel"],"picked":"Entrench"},{"not_picked":["True Grit","Pommel Strike"],"picked":"Battle Trance"}],"player_experience":391311,"potions_floor_usage":[45,50],"damage_taken":[{"damage":5.0,"enemies":"Small Slimes","floor":1.0,"turns":4.0},{"damage":5.0,"enemies":"Jaw Worm","floor":2.0,"turns":4.0},{"damage":10.0,"enemies":"2 Louse","floor":4.0,"turns":4.0},{"damage":19.0,"enemies":"2 Fungi Beasts","floor":5.0,"turns":4.0},{"damage":41.0,"enemies":"Lagavulin","floor":7.0,"turns":9.0},{"damage":13.0,"enemies":"3 Sentries","floor":10.0,"turns":7.0},{"damage":18.0,"enemies":"Gremlin Nob","floor":12.0,"turns":4.0},{"damage":14.0,"enemies":"The Guardian","floor":16.0,"turns":13.0},{"damage":14.0,"enemies":"3 Byrds","floor":18.0,"turns":6.0},{"damage":10.0,"enemies":"Book of Stabbing","floor":24.0,"turns":5.0},{"damage":0.0,"enemies":"Shell Parasite","floor":25.0,"turns":6.0},{"damage":0.0,"enemies":"Snake Plant","floor":27.0,"turns":2.0},{"damage":31.0,"enemies":"Slavers","floor":31.0,"turns":9.0},{"damage":61.0,"enemies":"Collector","floor":33.0,"turns":11.0},{"damage":4.0,"enemies":"3 Shapes","floor":35.0,"turns":13.0},{"damage":4.0,"enemies":"Orb Walker","floor":37.0,"turns":1.0},{"damage":19.0,"enemies":"Mysterious Sphere","floor":38.0,"turns":6.0},{"damage":24.0,"enemies":"3 Darklings","floor":42.0,"turns":8.0},{"damage":33.0,"enemies":"Sphere and 2 Shapes","floor":44.0,"turns":8.0},{"damage":4,"enemies":"4 Shapes","floor":45,"turns":11},{"damage":16,"enemies":"3 Darklings","floor":46,"turns":6},{"damage":14,"enemies":"Maw","floor":48,"turns":7},{"damage":70,"enemies":"Time Eater","floor":50,"turns":11}],"event_choices":[{"event_name":"Liars Game","player_choice":"agreed","floor":3.0,"damage_taken":0.0},{"event_name":"The Cleric","player_choice":"Healed","floor":13.0,"damage_taken":0.0},{"event_name":"Drug Dealer","player_choice":"Ignored","floor":19.0,"damage_taken":0.0},{"event_name":"Vampires","player_choice":"Ignored","floor":21.0,"damage_taken":0.0},{"event_name":"N\u0027loth","player_choice":"Ignored","floor":30.0,"damage_taken":0.0},{"event_name":"Mysterious Sphere","player_choice":"Fight","floor":38.0,"damage_taken":0.0},{"event_name":"Winding Halls","player_choice":"Embrace Madness","floor":40.0,"damage_taken":0.0}],"boss_relics":[],"potions_floor_spawned":[1,4,5,24,25,33,38,42,46],"seed_played":"-8242424786199626941","ascension_level":0,"is_trial":false}