{"path_per_floor":["M","?","M","M","$","R","E","M","T","$","R","?","E","M","R","B",null,"M","T","?","M"],"character_chosen":"IRONCLAD","items_purchased":["Shrug It Off","Armaments"],"gold_per_floor":[12,12,26,45,19,19,44,55,110,57,57,22,49,67,67,145,145,164,187,187,200,200],"floor_reached":22,"campfire_rested":1,"playtime":1099,"current_hp_per_floor":[68,68,66,60,60,60,55,50,50,50,50,68,53,32,54,27,63,41,41,41,33,0],"items_purged":[],"gold":200,"score":340,"play_id":"19357ad5-e519-46e6-8c9c-63f6f2a57472","local_time":"20180401120832","is_prod":false,"is_daily":false,"is_ascension_mode":true,"campfire_upgraded":2,"timestamp":1522573712,"path_taken":["M","?","M","M","$","R","E","M","T","$","R","?","E","M","R","BOSS","M","?","?","?","M"],"build_version":"2018-03-29v2","purchased_purges":0,"victory":false,"master_deck":["Strike_R+1","Strike_R","Strike_R","Strike_R","Strike_R","Defend_R","Defend_R","Defend_R","Defend_R","Bash+1","AscendersBane","Limit Break","Disarm","Feel No Pain","Shrug It Off","Feel No Pain","Havoc","Armaments+1","Battle Trance","Whirlwind+1","Demon Form","Sword Boomerang","Decay"],"max_hp_per_floor":[75,75,75,75,75,75,75,75,75,75,75,75,75,75,75,75,75,75,75,75,75,75],"relics":["Burning Blood","Pen Nib","Ancient Tea Set","Kunai","Sozu","Whetstone"],"card_choices":[{"not_picked":["Brutality","Juggernaut"],"picked":"Limit Break","floor":0.0},{"not_picked":["Warcry","Searing Blow"],"picked":"Disarm","floor":1.0},{"not_picked":["Anger","Uppercut"],"picked":"Feel No Pain","floor":4.0},{"not_picked":["Iron Wave","Anger"],"picked":"Feel No Pain","floor":7.0},{"not_picked":["Feel No Pain","Entrench"],"picked":"Havoc","floor":8.0},{"not_picked":["Pommel Strike","Clash"],"picked":"Battle Trance","floor":13.0},{"not_picked":["Anger","Dual Wield"],"picked":"Whirlwind","floor":14.0},{"not_picked":["Reaper","Double Tap"],"picked":"Demon Form","floor":16.0},{"not_picked":["Twin Strike","Shrug It Off"],"picked":"Sword Boomerang","floor":18.0}],"player_experience":533418,"potions_floor_usage":[],"damage_taken":[{"damage":6.0,"enemies":"Cultist","floor":1.0,"turns":4.0},{"damage":8.0,"enemies":"2 Louse","floor":3.0,"turns":4.0},{"damage":12.0,"enemies":"Small Slimes","floor":4.0,"turns":5.0},{"damage":23.0,"enemies":"3 Sentries","floor":7.0,"turns":14.0},{"damage":11.0,"enemies":"Looter","floor":8.0,"turns":5.0},{"damage":21.0,"enemies":"Lagavulin","floor":13.0,"turns":9.0},{"damage":27.0,"enemies":"Gremlin Gang","floor":14.0,"turns":6.0},{"damage":33.0,"enemies":"The Guardian","floor":16.0,"turns":16.0},{"damage":28.0,"enemies":"Spheric Guardian","floor":18.0,"turns":5.0},{"damage":14.0,"enemies":"2 Thieves","floor":21.0,"turns":5.0},{"damage":45,"enemies":"Snecko","floor":22,"turns":5}],"event_choices":[{"event_name":"The Lab","player_choice":"Got Potions","floor":2.0,"damage_taken":0.0},{"event_name":"The Cleric","player_choice":"Healed","floor":12.0,"damage_taken":0.0},{"event_name":"Forgotten Altar","player_choice":"Smashed Altar","floor":20.0,"damage_taken":0.0}],"boss_relics":[],"potions_floor_spawned":[3,4,8,16,18,21],"seed_played":"-4140660274758917246","killed_by":"Snecko","ascension_level":15,"is_trial":false}