{"path_per_floor":["M","M","$","?","M","R","E","R","T","M","M","?","R","?","R","B",null,"M","?","M","$"],"character_chosen":"IRONCLAD","items_purchased":["Evolve"],"gold_per_floor":[110,125,55,55,72,72,100,100,100,112,130,130,130,130,130,207,207,218,218,235,160,160],"floor_reached":22,"campfire_rested":0,"playtime":921,"current_hp_per_floor":[69,66,66,66,57,57,51,51,51,45,49,49,49,54,54,37,69,48,64,28,28,0],"items_purged":["Strike_R"],"gold":160,"score":322,"play_id":"eda146bf-1986-40e3-87a7-8c2660b4ed09","local_time":"20180402001556","is_prod":false,"is_daily":false,"is_ascension_mode":true,"campfire_upgraded":4,"timestamp":1522617356,"path_taken":["M","M","$","?","M","R","E","R","T","M","M","?","R","?","R","BOSS","M","?","M","$","M"],"build_version":"2018-03-29v2","purchased_purges":1,"victory":false,"master_deck":["Strike_R","Strike_R","Strike_R","Defend_R","Defend_R","Defend_R","Defend_R","Bash+1","AscendersBane","Whirlwind+1","Evolve+1","Ghostly Armor","Rampage+1","Seeing Red","Limit Break","Double Tap","Headbutt","Rage","True Grit","Power Through","Juggernaut","Fire Breathing"],"max_hp_per_floor":[75,75,75,75,75,75,75,75,75,75,75,75,75,80,80,80,80,80,80,80,80,80],"relics":["Burning Blood","Mummified Hand","Juzu Bracelet","Orrery"],"card_choices":[{"not_picked":["Havoc","Second Wind"],"picked":"Whirlwind","floor":1},{"not_picked":["Infernal Blade","Corruption"],"picked":"Ghostly Armor","floor":5},{"not_picked":["Intimidate","Clothesline"],"picked":"Rampage","floor":7},{"not_picked":["Thunderclap","Wild Strike"],"picked":"Seeing Red","floor":11},{"not_picked":["Iron Wave","Clothesline"],"picked":"Double Tap","floor":17},{"not_picked":["Rampage","Anger"],"picked":"Headbutt","floor":17},{"not_picked":["Fire Breathing","Bloodletting"],"picked":"Rage","floor":17},{"not_picked":["Wild Strike","Whirlwind"],"picked":"True Grit","floor":17},{"not_picked":["Wild Strike","Clash"],"picked":"Power Through","floor":17},{"not_picked":["Iron Wave","Thunderclap"],"picked":"Juggernaut","floor":18},{"not_picked":["Dropkick","Warcry"],"picked":"Fire Breathing","floor":20}],"player_experience":545866,"potions_floor_usage":[11,20],"damage_taken":[{"damage":5,"enemies":"Small Slimes","floor":1,"turns":4},{"damage":9,"enemies":"Jaw Worm","floor":2,"turns":5},{"damage":15,"enemies":"Cultist","floor":5,"turns":5},{"damage":12,"enemies":"3 Sentries","floor":7,"turns":4},{"damage":12,"enemies":"Lots of Slimes","floor":10,"turns":2},{"damage":2,"enemies":"Large Slime","floor":11,"turns":4},{"damage":23,"enemies":"Slime Boss","floor":16,"turns":8},{"damage":27,"enemies":"Spheric Guardian","floor":18,"turns":5},{"damage":42,"enemies":"Shell Parasite","floor":20,"turns":7},{"damage":28,"enemies":"Snake Plant","floor":22,"turns":2}],"event_choices":[{"event_name":"Liars Game","player_choice":"disagreed","floor":4,"damage_taken":0},{"event_name":"Match and Keep!","player_choice":"1 cards matched","floor":12,"damage_taken":0},{"event_name":"Big Fish","player_choice":"Donut","floor":14,"damage_taken":0},{"event_name":"The Library","player_choice":"Heal","floor":19,"damage_taken":0}],"boss_relics":[{"not_picked":["Black Star","Snecko Eye"],"picked":"Orrery"}],"potions_floor_spawned":[1,5,11,16],"seed_played":"6643766515642656571","killed_by":"Snake Plant","ascension_level":15,"is_trial":false}