{"path_per_floor":["M","?","?","?","M","R","?","R","T","$","E","R","$","E","R","B",null,"M","?","?","?","$","R","M","$","T","E","R","E","M","M","R"],"character_chosen":"IRONCLAD","items_purchased":["Meat on the Bone","Metallicize","Rampage","Shrug It Off"],"gold_per_floor":[210,285,285,285,296,296,296,296,370,34,64,64,24,50,50,124,124,138,138,63,63,63,63,73,50,50,81,81,107,127,139,139,139],"floor_reached":33,"campfire_rested":3,"playtime":1581,"current_hp_per_floor":[62,51,51,51,51,51,51,51,51,51,45,45,45,37,59,44,74,60,60,60,60,60,60,61,61,61,30,55,38,32,22,50,0],"items_purged":[],"gold":139,"score":502,"play_id":"a9592c61-ab0f-44a1-9959-7129489f2e16","local_time":"20180402122221","is_prod":false,"is_daily":false,"is_ascension_mode":true,"campfire_upgraded":3,"timestamp":1522660941,"path_taken":["M","?","?","?","?","R","?","R","T","$","E","R","$","E","R","BOSS","M","?","?","?","$","R","M","?","T","E","R","E","M","M","R","BOSS"],"build_version":"2018-03-29v2","purchased_purges":0,"victory":false,"master_deck":["Strike_R","Strike_R","Strike_R","Strike_R","Strike_R","Defend_R","Defend_R","Defend_R","Defend_R","Bash+1","AscendersBane","Twin Strike+1","Clothesline+1","Metallicize+1","Shrug It Off","Rampage","Ghostly Armor","Feed","Parasite","Evolve","Shrug It Off","Impervious","Dual Wield+1","Spot Weakness"],"max_hp_per_floor":[75,75,75,75,75,75,75,75,75,75,75,75,75,75,75,75,82,85,85,85,85,85,82,82,82,82,85,85,88,91,94,94,94],"relics":["Burning Blood","Mercury Hourglass","Meat on the Bone","Ornamental Fan","Peace Pipe","Calling Bell","Blood Vial","Lantern","Strawberry","Paper Frog","Self Forming Clay","Pantograph"],"card_choices":[{"not_picked":["Havoc","Wild Strike"],"picked":"Twin Strike","floor":1.0},{"not_picked":["Second Wind","Body Slam"],"picked":"Clothesline","floor":5.0},{"not_picked":["Havoc","Headbutt"],"picked":"Shrug It Off","floor":11.0},{"not_picked":["Reckless Charge","Bloodletting"],"picked":"Ghostly Armor","floor":14.0},{"not_picked":["Reaper","Exhume"],"picked":"Feed","floor":16.0},{"not_picked":["Sword Boomerang","Clash"],"picked":"Evolve","floor":24.0},{"not_picked":["Cleave","Brutality"],"picked":"Impervious","floor":29.0},{"not_picked":["Clothesline","Feel No Pain"],"picked":"Dual Wield","floor":30.0},{"not_picked":["Pommel Strike","Perfected Strike"],"picked":"Spot Weakness","floor":31.0}],"player_experience":549834,"potions_floor_usage":[],"damage_taken":[{"damage":12.0,"enemies":"Small Slimes","floor":1.0,"turns":4.0},{"damage":6.0,"enemies":"Cultist","floor":5.0,"turns":4.0},{"damage":24.0,"enemies":"Lagavulin","floor":11.0,"turns":6.0},{"damage":26.0,"enemies":"Gremlin Nob","floor":14.0,"turns":4.0},{"damage":33.0,"enemies":"The Guardian","floor":16.0,"turns":13.0},{"damage":25.0,"enemies":"Chosen","floor":18.0,"turns":5.0},{"damage":7.0,"enemies":"3 Byrds","floor":24.0,"turns":6.0},{"damage":54.0,"enemies":"Slavers","floor":27.0,"turns":8.0},{"damage":40.0,"enemies":"Book of Stabbing","floor":29.0,"turns":7.0},{"damage":29.0,"enemies":"Snake Plant","floor":30.0,"turns":6.0},{"damage":33.0,"enemies":"3 Cultists","floor":31.0,"turns":7.0},{"damage":90,"enemies":"Champ","floor":33,"turns":14}],"event_choices":[{"event_name":"World of Goop","player_choice":"Gather Gold","floor":2.0,"damage_taken":0.0},{"event_name":"Shining Light","player_choice":"Ignored","floor":3.0,"damage_taken":0.0},{"event_name":"Living Wall","player_choice":"Grow","floor":4.0,"damage_taken":0.0},{"event_name":"The Cleric","player_choice":"Leave","floor":7.0,"damage_taken":0.0},{"event_name":"Addict","player_choice":"Ignored","floor":19.0,"damage_taken":0.0},{"event_name":"Beggar","player_choice":"Gave Gold","floor":20.0,"damage_taken":0.0},{"event_name":"Ghosts","player_choice":"Ignored","floor":21.0,"damage_taken":0.0}],"boss_relics":[],"potions_floor_spawned":[5,16,24,30],"seed_played":"-3511656589231023436","killed_by":"Champ","ascension_level":15,"is_trial":false}