{"path_per_floor":["M","$","?","$","M","R","E","R","T","M","E","M","E","M","R","B",null,"M","M","M"],"character_chosen":"IRONCLAD","items_purchased":["Rampage"],"gold_per_floor":[113,43,43,43,53,53,78,78,102,114,142,155,186,201,201,272,272,255,265,283,283],"floor_reached":21,"campfire_rested":0,"playtime":1116,"current_hp_per_floor":[74,74,74,74,75,75,75,75,82,81,60,56,54,50,50,33,70,70,48,25,0],"items_purged":[],"gold":283,"score":396,"play_id":"06d38bc1-95f8-4ac0-9652-55d098221bf0","local_time":"20180330132417","is_prod":false,"is_daily":false,"is_ascension_mode":true,"campfire_upgraded":3,"timestamp":1522405457,"path_taken":["M","$","?","?","M","R","E","R","T","M","E","?","E","M","R","BOSS","M","M","M","M"],"build_version":"2018-03-29v2","purchased_purges":0,"victory":false,"master_deck":["Strike_R","Strike_R","Strike_R","Strike_R","Strike_R","Defend_R","Defend_R+1","Defend_R","Defend_R","Bash+1","AscendersBane","Armaments+1","Rampage+1","Twin Strike","Fiend Fire","True Grit+1","Metallicize","Shrug It Off+1","Reaper","Decay","Clumsy","Writhe","Headbutt","Spot Weakness","Sword Boomerang+1"],"max_hp_per_floor":[75,75,75,75,75,75,75,75,82,82,82,82,82,82,82,82,82,82,82,82,82],"relics":["Burning Blood","NeowsBlessing","Smiling Mask","Strawberry","Matryoshka","Peace Pipe","Calling Bell","Juzu Bracelet","War Paint","Kunai"],"card_choices":[{"not_picked":["Second Wind","Iron Wave"],"picked":"Armaments","floor":1.0},{"not_picked":["Anger","Body Slam"],"picked":"Twin Strike","floor":5.0},{"not_picked":["Fire Breathing","Blood for Blood"],"picked":"Fiend Fire","floor":7.0},{"not_picked":["Wild Strike","Armaments"],"picked":"True Grit","floor":11.0},{"not_picked":["Dropkick","Armaments"],"picked":"Metallicize","floor":13.0},{"not_picked":["Power Through","Shockwave"],"picked":"Shrug It Off","floor":14.0},{"not_picked":["Exhume","Barricade"],"picked":"Reaper","floor":16.0},{"not_picked":["Rage","Shrug It Off"],"picked":"Headbutt","floor":18.0},{"not_picked":["True Grit","Evolve"],"picked":"Spot Weakness","floor":19.0},{"not_picked":["Searing Blow","Havoc"],"picked":"Sword Boomerang","floor":20}],"player_experience":507997,"potions_floor_usage":[20,21],"damage_taken":[{"damage":0.0,"enemies":"Cultist","floor":1.0,"turns":1.0},{"damage":0.0,"enemies":"2 Louse","floor":5.0,"turns":1.0},{"damage":0.0,"enemies":"Gremlin Nob","floor":7.0,"turns":1.0},{"damage":7.0,"enemies":"Jaw Worm","floor":10.0,"turns":3.0},{"damage":27.0,"enemies":"Lagavulin","floor":11.0,"turns":6.0},{"damage":10.0,"enemies":"Exordium Thugs","floor":12.0,"turns":4.0},{"damage":8.0,"enemies":"Gremlin Nob","floor":13.0,"turns":3.0},{"damage":10.0,"enemies":"Blue Slaver","floor":14.0,"turns":3.0},{"damage":23.0,"enemies":"The Guardian","floor":16.0,"turns":11.0},{"damage":6.0,"enemies":"2 Thieves","floor":18.0,"turns":4.0},{"damage":28.0,"enemies":"Shell Parasite","floor":19.0,"turns":9.0},{"damage":45,"enemies":"Centurion and Healer","floor":20,"turns":9},{"damage":36,"enemies":"Snake Plant","floor":21,"turns":4}],"event_choices":[{"event_name":"Living Wall","player_choice":"Grow","floor":3.0,"damage_taken":0.0}],"boss_relics":[],"potions_floor_spawned":[1,7,10,14,20],"seed_played":"-1064278225742815374","killed_by":"Snake Plant","ascension_level":15,"is_trial":false}