{"path_per_floor":["M","?","?","?","M","E","R","M","T","E","$","M","E","M","R","B",null,"M","?","M","M","M","R","M","R","T","$","M","R","M","M","R","B",null,"M","M","?","M","M","R","$","R","T","M","M","R","?","E","R","B"],"character_chosen":"IRONCLAD","items_purchased":["Shrug It Off","Whirlwind","Shockwave"],"gold_per_floor":[111,111,111,211,224,253,253,271,317,344,221,240,271,289,289,366,366,366,281,281,281,281,281,281,281,281,39,39,39,39,39,39,39,39,39,39,39,39,39,39,39,39,39,39,39,39,0,0,0,0],"floor_reached":51,"campfire_rested":5,"playtime":3304,"current_hp_per_floor":[74,59,59,59,65,71,71,75,75,63,63,72,68,77,77,42,74,74,74,78,70,60,60,51,51,51,51,50,50,53,41,67,36,74,44,38,38,15,14,40,40,66,66,32,30,72,72,78,90,11],"items_purged":["Strike_R","Strike_R"],"gold":0,"score":1220,"play_id":"8b97629e-70e8-48c3-93ef-6fa9c2d6ca73","local_time":"20180325234802","is_prod":false,"is_daily":false,"is_ascension_mode":true,"campfire_upgraded":5,"timestamp":1522010882,"path_taken":["M","?","?","?","M","E","R","M","T","E","$","M","E","M","R","BOSS","M","?","?","M","M","R","M","R","T","$","M","R","M","M","R","BOSS","M","M","?","M","M","R","$","R","T","M","M","R","?","E","R","BOSS"],"build_version":"2018-03-22v2","purchased_purges":3,"victory":true,"master_deck":["Strike_R","Strike_R","Strike_R+1","Defend_R","Defend_R","Defend_R","Defend_R","Bash+1","AscendersBane","Sword Boomerang+1","True Grit+1","Pommel Strike","Seeing Red","Feed","Shrug It Off","Metallicize+1","Havoc+1","Flex","Disarm","Shrug It Off","Uppercut+1","Twin Strike","Whirlwind+1","Fiend Fire","Twin Strike+1","Spot Weakness","Feel No Pain"],"max_hp_per_floor":[75,75,75,75,75,75,75,75,75,75,75,78,78,81,81,84,84,84,84,84,84,87,87,87,87,87,87,87,87,87,87,87,87,87,87,87,87,87,87,87,87,87,87,90,90,90,90,90,90,93],"relics":["Burning Blood","NeowsBlessing","Orichalcum","Omamori","Bronze Scales","Pen Nib","Bag of Marbles","Ectoplasm","Unceasing Top","Du-Vu Doll","Cursed Key","Regal Pillow","Red Mask","Dodecahedron"],"card_choices":[{"not_picked":["Iron Wave","Dropkick"],"picked":"Sword Boomerang","floor":1.0},{"not_picked":["Thunderclap","Perfected Strike"],"picked":"True Grit","floor":5.0},{"not_picked":["Ghostly Armor","True Grit"],"picked":"Pommel Strike","floor":6.0},{"not_picked":["Havoc","Rupture"],"picked":"Seeing Red","floor":8.0},{"not_picked":["True Grit","Clothesline"],"picked":"Feed","floor":10.0},{"not_picked":["Armaments","Clothesline"],"picked":"Metallicize","floor":12.0},{"not_picked":["Anger","Hemokinesis"],"picked":"Havoc","floor":13.0},{"not_picked":["Blood for Blood","Ghostly Armor"],"picked":"Flex","floor":14.0},{"not_picked":["Flex","Carnage"],"picked":"Disarm","floor":18.0},{"not_picked":["Pummel","Flex"],"picked":"Shrug It Off","floor":20.0},{"not_picked":["Clash","Dropkick"],"picked":"Uppercut","floor":21.0},{"not_picked":["Anger","Iron Wave"],"picked":"Twin Strike","floor":24.0},{"not_picked":["Berserk","Dark Embrace"],"picked":"Fiend Fire","floor":33.0},{"not_picked":["Clothesline","Clash"],"picked":"Twin Strike","floor":38.0},{"not_picked":["Iron Wave","Power Through"],"picked":"Spot Weakness","floor":39.0},{"not_picked":["Pummel","True Grit"],"picked":"Feel No Pain","floor":48.0}],"player_experience":448067,"potions_floor_usage":[50],"damage_taken":[{"damage":0.0,"enemies":"Jaw Worm","floor":1.0,"turns":1.0},{"damage":0.0,"enemies":"2 Louse","floor":5.0,"turns":1.0},{"damage":0.0,"enemies":"Lagavulin","floor":6.0,"turns":1.0},{"damage":0.0,"enemies":"Cultist","floor":8.0,"turns":3.0},{"damage":18.0,"enemies":"3 Sentries","floor":10.0,"turns":8.0},{"damage":0.0,"enemies":"2 Fungi Beasts","floor":12.0,"turns":3.0},{"damage":10.0,"enemies":"Gremlin Nob","floor":13.0,"turns":4.0},{"damage":0.0,"enemies":"Red Slaver","floor":14.0,"turns":1.0},{"damage":44.0,"enemies":"Slime Boss","floor":16.0,"turns":12.0},{"damage":6.0,"enemies":"Chosen","floor":18.0,"turns":5.0},{"damage":2.0,"enemies":"3 Byrds","floor":20.0,"turns":2.0},{"damage":14.0,"enemies":"Snecko","floor":21.0,"turns":5.0},{"damage":19.0,"enemies":"Slaver and Parasite","floor":22.0,"turns":6.0},{"damage":15.0,"enemies":"Cultist and Chosen","floor":24.0,"turns":8.0},{"damage":7.0,"enemies":"Centurion and Healer","floor":28.0,"turns":5.0},{"damage":3.0,"enemies":"Snecko","floor":30.0,"turns":3.0},{"damage":18.0,"enemies":"Snake Plant","floor":31.0,"turns":2.0},{"damage":37.0,"enemies":"Collector","floor":33.0,"turns":10.0},{"damage":36.0,"enemies":"3 Darklings","floor":35.0,"turns":4.0},{"damage":12.0,"enemies":"3 Shapes","floor":36.0,"turns":1.0},{"damage":29.0,"enemies":"Maw","floor":38.0,"turns":5.0},{"damage":7.0,"enemies":"Sphere and 2 Shapes","floor":39.0,"turns":3.0},{"damage":43.0,"enemies":"4 Shapes","floor":44.0,"turns":21.0},{"damage":8.0,"enemies":"3 Darklings","floor":45.0,"turns":3.0},{"damage":0.0,"enemies":"2 Orb Walkers","floor":48.0,"turns":1.0},{"damage":88,"enemies":"Awakened One","floor":50,"turns":8}],"event_choices":[{"event_name":"Shining Light","player_choice":"Entered Light","floor":2.0,"damage_taken":0.0},{"event_name":"Accursed Blacksmith","player_choice":"Rummage","floor":3.0,"damage_taken":0.0},{"event_name":"Golden Shrine","player_choice":"Pray","floor":4.0,"damage_taken":0.0},{"event_name":"Addict","player_choice":"Obtained Relic","floor":19.0,"damage_taken":0.0},{"event_name":"Tomb of Lord Red Mask","player_choice":"Paid","floor":47.0,"damage_taken":0.0}],"boss_relics":[],"potions_floor_spawned":[5,8,10,18,21,28,30,35,48],"seed_played":"-4944041451329564057","ascension_level":14,"is_trial":false}