{"path_per_floor":["M","M","?","?","M","R","M","R","T","E","R","E","R","$","R","B",null,"M","M","M"],"character_chosen":"IRONCLAD","items_purchased":["Regen Potion","Poison Potion"],"gold_per_floor":[117,133,208,208,224,224,234,234,234,268,268,303,303,128,128,202,202,212,225,245,245],"floor_reached":21,"campfire_rested":1,"playtime":1268,"current_hp_per_floor":[72,75,64,64,70,70,70,70,70,47,47,15,15,15,37,32,64,62,36,30,0],"items_purged":["Strike_R"],"gold":245,"score":331,"play_id":"cddf8fb7-a750-4ab1-9698-1fc3a2d88da7","local_time":"20180331103832","is_prod":false,"is_daily":false,"is_ascension_mode":true,"campfire_upgraded":4,"timestamp":1522481912,"path_taken":["M","M","?","?","?","R","M","R","T","E","R","E","R","$","R","BOSS","M","M","?","M"],"build_version":"2018-03-29v2","purchased_purges":1,"victory":false,"master_deck":["Strike_R","Strike_R","Strike_R","Strike_R","Defend_R","Defend_R","Defend_R","Defend_R","Bash+1","AscendersBane","Double Tap","Rage+1","Headbutt","True Grit+1","Inflame+1","Shrug It Off","Feel No Pain","Uppercut","Feed","Second Wind","Clothesline"],"max_hp_per_floor":[75,75,75,75,75,75,75,75,75,75,75,75,75,75,75,75,75,75,75,78,81],"relics":["Burning Blood","Dream Catcher","Gambling Chip","Ancient Tea Set","Snecko Eye"],"card_choices":[{"not_picked":["Combust","Clothesline"],"picked":"Rage","floor":1.0},{"not_picked":["Heavy Blade","Body Slam"],"picked":"Headbutt","floor":2.0},{"not_picked":["Havoc","Double Tap"],"picked":"True Grit","floor":5.0},{"not_picked":["Twin Strike","Combust"],"picked":"Inflame","floor":7.0},{"not_picked":["Anger","Flex"],"picked":"Shrug It Off","floor":10.0},{"not_picked":["Body Slam","Thunderclap"],"picked":"Feel No Pain","floor":12.0},{"not_picked":["Infernal Blade","Twin Strike"],"picked":"Uppercut","floor":15.0},{"not_picked":["Barricade","Berserk"],"picked":"Feed","floor":16.0},{"not_picked":["Clash","Warcry"],"picked":"Second Wind","floor":18.0},{"not_picked":["Flex","True Grit"],"picked":"Clothesline","floor":19.0}],"player_experience":510082,"potions_floor_usage":[21],"damage_taken":[{"damage":2.0,"enemies":"Jaw Worm","floor":1.0,"turns":3.0},{"damage":0.0,"enemies":"2 Louse","floor":2.0,"turns":3.0},{"damage":0.0,"enemies":"Small Slimes","floor":5.0,"turns":3.0},{"damage":6.0,"enemies":"2 Fungi Beasts","floor":7.0,"turns":4.0},{"damage":29.0,"enemies":"Lagavulin","floor":10.0,"turns":6.0},{"damage":38.0,"enemies":"Gremlin Nob","floor":12.0,"turns":5.0},{"damage":23.0,"enemies":"Hexaghost","floor":16.0,"turns":8.0},{"damage":11.0,"enemies":"Chosen","floor":18.0,"turns":4.0},{"damage":32.0,"enemies":"3 Byrds","floor":19.0,"turns":6.0},{"damage":15.0,"enemies":"Snake Plant","floor":20.0,"turns":4.0},{"damage":44,"enemies":"Chosen and Byrds","floor":21,"turns":10}],"event_choices":[{"event_name":"World of Goop","player_choice":"Gather Gold","floor":3.0,"damage_taken":0.0},{"event_name":"Shining Light","player_choice":"Ignored","floor":4.0,"damage_taken":0.0}],"boss_relics":[],"potions_floor_spawned":[5,12,16,19,20],"seed_played":"-6311712988257400756","killed_by":"Chosen and Byrds","ascension_level":15,"is_trial":false}