{"path_per_floor":["M","?","M","$","?","R","E","M","T","?","M","M","M","E","R","B",null,"M","M","M","?","M","E","R","E","T","T","?","$","E","M","R","B",null,"M","$","?","B"],"character_chosen":"IRONCLAD","items_purchased":["Feel No Pain","Carnage","Shockwave","Torii","Regal Pillow"],"gold_per_floor":[109,109,121,15,90,90,119,134,134,134,154,170,186,220,220,323,323,336,354,368,368,380,412,412,444,497,497,422,41,74,94,94,194,194,206,57,57,57],"floor_reached":39,"campfire_rested":1,"playtime":3053,"current_hp_per_floor":[77,77,80,80,69,69,55,60,60,65,40,44,46,34,34,20,85,85,80,82,82,84,60,60,34,34,34,34,34,35,33,58,32,85,85,85,85,23],"items_purged":[],"gold":57,"score":649,"play_id":"14c3b3aa-27cd-4033-bf0a-1139d0eebc08","local_time":"20180404143601","is_prod":false,"is_daily":false,"is_ascension_mode":false,"campfire_upgraded":3,"timestamp":1522841761,"path_taken":["M","?","?","?","?","R","E","M","T","?","M","M","M","E","R","BOSS","M","M","M","?","M","E","R","E","T","?","?","$","E","?","R","BOSS","M","$","?","BOSS"],"build_version":"2018-03-29v2","purchased_purges":0,"victory":true,"master_deck":["Strike_R","Strike_R","Defend_R+1","Defend_R","Defend_R","Bash+1","Sword Boomerang","True Grit+1","Feel No Pain+1","Carnage+1","Disarm+1","Warcry","Flame Barrier","Offering","Rampage","Disarm","Fiend Fire","Havoc+1","Disarm","Body Slam+1","Corruption+1","Clothesline+1","Shockwave","Offering","Headbutt","True Grit+1","Burning Pact+1","Armaments+1","Clash+1"],"max_hp_per_floor":[80,80,80,80,80,80,80,80,80,85,85,85,85,85,85,85,85,85,85,85,85,85,85,85,85,85,85,85,85,85,85,85,85,85,85,85,85,85],"relics":["Burning Blood","Bottled Tornado","Ice Cream","Centennial Puzzle","Cursed Key","Omamori","Shovel","Tiny Chest","War Paint","Torii","Bag of Marbles","Astrolabe","Regal Pillow"],"card_choices":[{"not_picked":["Blood for Blood","Combust"],"picked":"Sword Boomerang","floor":1},{"not_picked":["Sever Soul","Sword Boomerang"],"picked":"True Grit","floor":3},{"not_picked":["Clothesline","Rupture"],"picked":"Disarm","floor":7},{"not_picked":["Clothesline","Wild Strike"],"picked":"Warcry","floor":8},{"not_picked":["Flex","Headbutt"],"picked":"Flame Barrier","floor":11},{"not_picked":["Anger","Headbutt"],"picked":"Offering","floor":12},{"not_picked":["Entrench","Wild Strike"],"picked":"Rampage","floor":13},{"not_picked":["Body Slam","Whirlwind"],"picked":"Disarm","floor":14},{"not_picked":["Reaper","Berserk"],"picked":"Fiend Fire","floor":16},{"not_picked":["Hemokinesis","Twin Strike"],"picked":"Havoc","floor":18},{"not_picked":["Clash","Thunderclap"],"picked":"Disarm","floor":19},{"not_picked":["Clothesline","Rampage"],"picked":"Body Slam","floor":22},{"not_picked":["Heavy Blade","Reaper"],"picked":"Corruption","floor":23},{"not_picked":["Body Slam","Heavy Blade"],"picked":"Clothesline","floor":25},{"not_picked":["Metallicize","Wild Strike"],"picked":"Offering","floor":30},{"not_picked":["Clothesline","Body Slam"],"picked":"Headbutt","floor":31},{"not_picked":["Sword Boomerang","Rage"],"picked":"Clash","floor":35}],"player_experience":301591,"potions_floor_usage":[14,16,23,38],"damage_taken":[{"damage":9,"enemies":"2 Louse","floor":1,"turns":4},{"damage":1,"enemies":"Jaw Worm","floor":3,"turns":4},{"damage":20,"enemies":"Lagavulin","floor":7,"turns":5},{"damage":1,"enemies":"Cultist","floor":8,"turns":3},{"damage":31,"enemies":"Gremlin Gang","floor":11,"turns":7},{"damage":2,"enemies":"Red Slaver","floor":12,"turns":3},{"damage":4,"enemies":"Exordium Wildlife","floor":13,"turns":7},{"damage":18,"enemies":"Gremlin Nob","floor":14,"turns":4},{"damage":29,"enemies":"The Guardian","floor":16,"turns":12},{"damage":4,"enemies":"Shell Parasite","floor":18,"turns":2},{"damage":11,"enemies":"Spheric Guardian","floor":19,"turns":4},{"damage":4,"enemies":"Snake Plant","floor":20,"turns":3},{"damage":4,"enemies":"Centurion and Healer","floor":22,"turns":5},{"damage":45,"enemies":"Slavers","floor":23,"turns":7},{"damage":32,"enemies":"Gremlin Leader","floor":25,"turns":4},{"damage":5,"enemies":"Slavers","floor":30,"turns":7},{"damage":8,"enemies":"Snecko","floor":31,"turns":4},{"damage":32,"enemies":"Automaton","floor":33,"turns":7},{"damage":0,"enemies":"Orb Walker","floor":35,"turns":3},{"damage":68,"enemies":"Awakened One","floor":38,"turns":12}],"event_choices":[{"event_name":"Living Wall","player_choice":"Grow","floor":2,"damage_taken":0},{"event_name":"World of Goop","player_choice":"Gather Gold","floor":5,"damage_taken":0},{"event_name":"Big Fish","player_choice":"Donut","floor":10,"damage_taken":0},{"event_name":"Vampires","player_choice":"Ignored","floor":21,"damage_taken":0},{"event_name":"Beggar","player_choice":"Gave Gold","floor":28,"damage_taken":0},{"event_name":"SecretPortal","player_choice":"Took Portal.","floor":37,"damage_taken":0}],"boss_relics":[{"not_picked":["Eternal Feather","Runic Dome"],"picked":"Cursed Key"},{"not_picked":["Tiny House","Black Star"],"picked":"Astrolabe"}],"potions_floor_spawned":[7,8,11,16,20,22,23,30,33],"seed_played":"-1272444951862984325","ascension_level":0,"is_trial":false}