{"path_per_floor":["M","$","?","M","?","R","E","R","T","R","M","E","?","M","R","B",null,"M","M","$","?","M","E","R","E","T","?","E","R","M","M","R","B",null,"M","?","$","M","?","M","M","M","T","R","E","R","?","$","R","B"],"character_chosen":"IRONCLAD","items_purchased":["Armaments","Singing Bowl","Lee\u0027s Waffle","Offering","Bag of Marbles"],"gold_per_floor":[110,8,8,28,28,28,61,61,61,61,75,108,358,373,373,447,447,462,479,225,225,237,265,265,295,321,321,354,354,373,393,393,471,471,491,491,155,173,222,236,256,271,296,296,321,321,321,44,44,44],"floor_reached":51,"campfire_rested":1,"playtime":3818,"current_hp_per_floor":[70,70,70,70,70,70,42,42,42,42,48,44,44,50,50,29,64,53,47,47,47,27,43,43,27,27,27,35,35,51,51,51,20,69,59,59,94,96,66,72,78,92,99,99,83,83,83,83,113,60],"items_purged":["Writhe","Regret","Defend_R"],"gold":44,"score":1307,"play_id":"d650e41a-297d-4d29-910f-67120fbb60e9","local_time":"20180413105047","is_prod":false,"is_daily":false,"chose_seed":false,"is_ascension_mode":true,"campfire_upgraded":4,"timestamp":1523605847,"path_taken":["M","$","?","M","?","R","E","R","T","R","M","E","?","?","R","BOSS","M","M","$","?","M","E","R","E","T","?","E","R","M","M","R","BOSS","M","?","$","M","?","M","M","M","T","R","E","R","?","?","R","BOSS"],"build_version":"2018-04-12","seed_source_timestamp":59462274310701,"purchased_purges":3,"victory":true,"master_deck":["Defend_R","Defend_R","Defend_R","Bash+1","AscendersBane","Spot Weakness","Armaments+1","Headbutt","Whirlwind+1","Offering+1","True Grit+1","Battle Trance","Disarm+1","Impervious","Offering","Offering+1"],"max_hp_per_floor":[75,75,75,75,75,75,75,75,75,75,75,75,75,75,75,75,75,75,75,75,75,77,79,79,81,81,81,83,83,85,85,85,85,85,87,87,94,96,98,100,102,104,111,111,113,113,113,113,113,113],"relics":["Burning Blood","Calipers","Vajra","Matryoshka","Lantern","Meat on the Bone","Shovel","Peace Pipe","Velvet Choker","Singing Bowl","Shuriken","Centennial Puzzle","Blood Vial","Bronze Scales","Du-Vu Doll","Mark of Pain","Lee\u0027s Waffle","Magic Flower","Strawberry","Orichalcum","Bag of Marbles"],"card_choices":[{"not_picked":["Clothesline","Entrench"],"picked":"Spot Weakness","floor":1.0},{"not_picked":["Reckless Charge","Thunderclap"],"picked":"Headbutt","floor":4.0},{"not_picked":["Body Slam","Headbutt"],"picked":"Whirlwind","floor":7.0},{"not_picked":["Double Tap","Dark Embrace"],"picked":"Offering","floor":16.0},{"not_picked":["Havoc","Headbutt"],"picked":"True Grit","floor":19.0},{"not_picked":["Cleave","Second Wind"],"picked":"Disarm","floor":31.0},{"not_picked":["Demon Form","Feed"],"picked":"Impervious","floor":33}],"player_experience":367062,"potions_floor_usage":[],"damage_taken":[{"damage":4.0,"enemies":"Small Slimes","floor":1.0,"turns":5.0},{"damage":6.0,"enemies":"Cultist","floor":4.0,"turns":3.0},{"damage":34.0,"enemies":"Gremlin Nob","floor":7.0,"turns":4.0},{"damage":0.0,"enemies":"2 Louse","floor":11.0,"turns":1.0},{"damage":22.0,"enemies":"Lagavulin","floor":12.0,"turns":6.0},{"damage":12.0,"enemies":"Looter","floor":14.0,"turns":2.0},{"damage":39.0,"enemies":"Slime Boss","floor":16.0,"turns":8.0},{"damage":17.0,"enemies":"Spheric Guardian","floor":18.0,"turns":3.0},{"damage":24.0,"enemies":"2 Thieves","floor":19.0,"turns":3.0},{"damage":40.0,"enemies":"Snake Plant","floor":22.0,"turns":4.0},{"damage":4.0,"enemies":"Gremlin Leader","floor":23.0,"turns":5.0},{"damage":36.0,"enemies":"Slavers","floor":25.0,"turns":3.0},{"damage":14.0,"enemies":"Book of Stabbing","floor":28.0,"turns":4.0},{"damage":6.0,"enemies":"Centurion and Healer","floor":30.0,"turns":2.0},{"damage":8.0,"enemies":"Snecko","floor":31.0,"turns":3.0},{"damage":51,"enemies":"Champ","floor":33,"turns":10},{"damage":20,"enemies":"3 Shapes","floor":35,"turns":1},{"damage":5,"enemies":"3 Darklings","floor":38,"turns":4},{"damage":50,"enemies":"Mysterious Sphere","floor":39,"turns":6},{"damage":8,"enemies":"Sphere and 2 Shapes","floor":40,"turns":3},{"damage":8,"enemies":"Maw","floor":41,"turns":5},{"damage":0,"enemies":"3 Darklings","floor":42,"turns":1},{"damage":48,"enemies":"2 Orb Walkers","floor":45,"turns":4},{"damage":80,"enemies":"Awakened One","floor":50,"turns":13}],"event_choices":[{"event_name":"Wheel of Change","player_choice":"Relic","floor":3.0,"damage_taken":0.0},{"event_name":"Accursed Blacksmith","player_choice":"Ignore","floor":5.0,"damage_taken":0.0},{"event_name":"Golden Shrine","player_choice":"Desecrate","floor":13.0,"damage_taken":0.0},{"event_name":"The Library","player_choice":"Read","floor":21.0,"damage_taken":0.0},{"event_name":"Drug Dealer","player_choice":"Ignored","floor":27.0,"damage_taken":0.0},{"event_name":"Purifier","player_choice":"One Purge","floor":36,"damage_taken":0},{"event_name":"Mysterious Sphere","player_choice":"Fight","floor":39,"damage_taken":0},{"event_name":"Duplicator","player_choice":"One dupe","floor":47,"damage_taken":0}],"boss_relics":[{"not_picked":["Astrolabe","Sozu"],"picked":"Mark of Pain"}],"potions_floor_spawned":[4,14,18,19,28,39,41,42,45],"seed_played":"-4991208967887605206","ascension_level":15,"is_trial":false}