{"path_per_floor":["M","M","M","M","M","R","E","R","T","R","?","M","E","M","R","B",null,"M","?","$","T","M","R","E","M","T","M","E","M","?","?","R","B",null,"M","?","$","?","$","R","E","?","T","T","R","?","?","M","R"],"character_chosen":"IRONCLAD","items_purchased":["Evolve","Mummified Hand"],"gold_per_floor":[112,131,142,156,171,171,200,200,200,200,200,216,248,260,260,338,338,338,338,60,60,0,0,0,0,0,0,0,0,0,0,0,0,0,0,0,0,0,0,0,0,0,0,0,0,0,0,0,0,0],"floor_reached":50,"campfire_rested":4,"playtime":1782,"current_hp_per_floor":[67,72,72,72,56,56,24,24,24,24,24,11,11,17,39,40,66,66,66,66,66,52,52,32,49,49,46,27,45,36,36,58,40,66,41,41,41,41,41,41,20,20,20,20,42,42,42,44,66,0],"items_purged":[],"gold":0,"score":975,"play_id":"03a65a6d-ba2c-4b02-8877-1edcdcaa009a","local_time":"20180412211529","is_prod":false,"is_daily":false,"is_ascension_mode":true,"campfire_upgraded":5,"timestamp":1523556929,"path_taken":["M","M","M","M","M","R","E","R","T","R","?","?","E","M","R","BOSS","M","?","?","?","?","R","E","M","T","M","E","M","?","?","R","BOSS","M","?","$","?","?","R","E","?","T","?","R","?","?","M","R","BOSS"],"build_version":"2018-04-05v2","purchased_purges":0,"victory":false,"master_deck":["Strike_R+1","Strike_R","Strike_R","Strike_R","Defend_R","Defend_R","Defend_R","Defend_R","Bash","AscendersBane","Flex","Whirlwind+1","Uppercut+1","Shrug It Off","Inflame+1","Disarm","Limit Break+1","Evolve","Feel No Pain","Offering+1","Shockwave","Secret Weapon","Pummel","Limit Break+1","Regret","Injury","Sword Boomerang+1"],"max_hp_per_floor":[75,75,75,75,75,75,75,75,75,75,75,75,75,75,75,75,75,75,75,75,75,75,75,75,75,75,75,75,75,75,75,75,75,75,75,75,75,75,75,75,75,75,75,75,75,75,75,75,75,75],"relics":["Burning Blood","Mercury Hourglass","Whetstone","Vajra","Ectoplasm","Mummified Hand","Meat on the Bone","Ginger","Juzu Bracelet","Bronze Scales","Cursed Key","Red Mask","Kunai","Ice Cream","Art of War"],"card_choices":[{"not_picked":["Havoc","Iron Wave"],"picked":"Flex","floor":1.0},{"not_picked":["Disarm","Flame Barrier"],"picked":"Whirlwind","floor":3.0},{"not_picked":["Rupture","Cleave"],"picked":"Uppercut","floor":4.0},{"not_picked":["Clothesline","Immolate"],"picked":"Shrug It Off","floor":5.0},{"not_picked":["Body Slam","Havoc"],"picked":"Inflame","floor":7.0},{"not_picked":["Cleave","Flex"],"picked":"Disarm","floor":13.0},{"not_picked":["Juggernaut","Reaper"],"picked":"Limit Break","floor":16.0},{"not_picked":["Thunderclap","Pommel Strike"],"picked":"Feel No Pain","floor":28.0},{"not_picked":["Berserk","Brutality"],"picked":"Offering","floor":33.0},{"not_picked":["Thunderclap","Sword Boomerang"],"picked":"Shockwave","floor":35.0},{"not_picked":["Trip","Good Instincts"],"picked":"Secret Weapon","floor":36.0},{"not_picked":["Bloodletting","Clothesline"],"picked":"Pummel","floor":41.0},{"not_picked":["Clash","Flex"],"picked":"Sword Boomerang","floor":48.0}],"player_experience":365799,"potions_floor_usage":[],"damage_taken":[{"damage":7.0,"enemies":"Small Slimes","floor":1.0,"turns":4.0},{"damage":1.0,"enemies":"2 Louse","floor":2.0,"turns":2.0},{"damage":6.0,"enemies":"Cultist","floor":3.0,"turns":4.0},{"damage":6.0,"enemies":"Exordium Thugs","floor":4.0,"turns":3.0},{"damage":22.0,"enemies":"Blue Slaver","floor":5.0,"turns":4.0},{"damage":38.0,"enemies":"Lagavulin","floor":7.0,"turns":9.0},{"damage":19.0,"enemies":"Red Slaver","floor":12.0,"turns":4.0},{"damage":6.0,"enemies":"3 Sentries","floor":13.0,"turns":5.0},{"damage":0.0,"enemies":"2 Fungi Beasts","floor":14.0,"turns":1.0},{"damage":5.0,"enemies":"Slime Boss","floor":16.0,"turns":5.0},{"damage":6.0,"enemies":"Chosen","floor":18.0,"turns":4.0},{"damage":20.0,"enemies":"2 Thieves","floor":22.0,"turns":3.0},{"damage":38.0,"enemies":"Gremlin Leader","floor":24.0,"turns":7.0},{"damage":1.0,"enemies":"Snake Plant","floor":25.0,"turns":3.0},{"damage":21.0,"enemies":"Cultist and Chosen","floor":27.0,"turns":5.0},{"damage":37.0,"enemies":"Slavers","floor":28.0,"turns":4.0},{"damage":0.0,"enemies":"Centurion and Healer","floor":29.0,"turns":2.0},{"damage":36.0,"enemies":"Champ","floor":33.0,"turns":11.0},{"damage":43.0,"enemies":"3 Darklings","floor":35.0,"turns":5.0},{"damage":39.0,"enemies":"Giant Head","floor":41.0,"turns":7.0},{"damage":4.0,"enemies":"3 Shapes","floor":48.0,"turns":4.0},{"damage":78,"enemies":"Donu and Deca","floor":50,"turns":4}],"event_choices":[{"event_name":"Scrap Ooze","player_choice":"unsuccessful","floor":11.0,"damage_taken":0.0},{"event_name":"Wheel of Change","player_choice":"Gold","floor":19.0,"damage_taken":0.0},{"event_name":"Knowing Skull","player_choice":"","floor":30.0,"damage_taken":0.0},{"event_name":"The Mausoleum","player_choice":"No","floor":31.0,"damage_taken":0.0},{"event_name":"SensoryStone","player_choice":"Memory 1","floor":36.0,"damage_taken":0.0},{"event_name":"Tomb of Lord Red Mask","player_choice":"Paid","floor":38.0,"damage_taken":0.0},{"event_name":"Duplicator","player_choice":"One dupe","floor":42.0,"damage_taken":0.0},{"event_name":"SecretPortal","player_choice":"Rejected Portal.","floor":47.0,"damage_taken":0.0}],"boss_relics":[],"potions_floor_spawned":[4,7,12,16,18,24,25,27,28,35,48],"seed_played":"-7804934000714339719","killed_by":"Donu and Deca","ascension_level":15,"is_trial":false}