{"path_per_floor":["M","?","M","?","$","R","E","?","T","E","R","$","M","M","R","B",null,"M","$","?","?","M","R","E","M","T","M","R","?","R","M","R","B",null,"M","?","M","$","M","R","E","M","T","$","M","?","$","M","R","B"],"character_chosen":"IRONCLAD","items_purchased":["Spot Weakness","Bottled Lightning"],"gold_per_floor":[111,111,131,131,131,131,165,165,165,204,204,56,75,94,94,190,190,206,106,56,56,72,72,106,125,125,142,142,142,142,161,161,234,234,244,244,259,259,274,274,307,320,320,81,101,101,101,120,120,120],"floor_reached":51,"campfire_rested":1,"playtime":1773,"current_hp_per_floor":[74,74,75,49,49,49,69,69,69,47,47,47,53,47,47,32,75,77,77,77,77,66,66,57,64,64,65,65,65,65,54,54,46,78,89,89,89,89,61,61,13,14,14,14,24,73,73,47,68,25],"items_purged":["Strike_R","Strike_R"],"gold":120,"score":1266,"play_id":"361ea477-582f-4120-91ae-d945d19a136f","local_time":"20180410173505","is_prod":false,"is_daily":false,"is_ascension_mode":true,"campfire_upgraded":2,"timestamp":1523370905,"path_taken":["M","?","M","?","$","R","E","?","T","E","R","$","?","M","R","BOSS","M","$","?","?","M","R","E","M","T","M","R","?","R","?","R","BOSS","M","?","M","$","M","R","E","M","T","?","M","?","$","?","R","BOSS"],"build_version":"2018-04-05v2","purchased_purges":2,"victory":true,"master_deck":["Strike_R+1","Strike_R","Defend_R","Defend_R","Defend_R","Defend_R","Bash","AscendersBane","Armaments+1","Whirlwind+1","Offering+1","Demon Form","Spot Weakness","Seeing Red","Fiend Fire","Feel No Pain+1","Disarm","Second Wind","Disarm+1","Disarm","Shockwave","Disarm+1"],"max_hp_per_floor":[75,75,75,75,75,75,89,89,89,89,89,89,89,89,89,89,89,89,89,89,89,89,89,89,89,89,89,89,89,89,89,89,89,89,89,89,89,89,89,89,89,89,89,89,89,73,73,73,73,73],"relics":["Burning Blood","NeowsBlessing","Bloody Idol","Mango","Unceasing Top","Shovel","Lantern","Mark of Pain","Girya","Whetstone","Mercury Hourglass","Runic Dome","Self Forming Clay","Bottled Tornado","Magic Flower","Bottled Lightning"],"card_choices":[{"not_picked":["Iron Wave","Anger"],"picked":"Armaments","floor":1.0},{"not_picked":["Iron Wave","Sentinel"],"picked":"Whirlwind","floor":3.0},{"not_picked":["Whirlwind","Heavy Blade"],"picked":"Offering","floor":7.0},{"not_picked":["Power Through","Flex"],"picked":"Demon Form","floor":10.0},{"not_picked":["Feed","True Grit"],"picked":"Seeing Red","floor":14.0},{"not_picked":["Immolate","Double Tap"],"picked":"Fiend Fire","floor":16.0},{"not_picked":["Inflame","Body Slam"],"picked":"Feel No Pain","floor":22.0},{"not_picked":["Sword Boomerang","Warcry"],"picked":"Disarm","floor":24.0},{"not_picked":["Armaments","Shrug It Off"],"picked":"Metallicize","floor":25.0},{"not_picked":["Sentinel","Rage"],"picked":"Second Wind","floor":27.0},{"not_picked":["Clash","Sever Soul"],"picked":"Disarm","floor":35.0},{"not_picked":["Flex","Thunderclap"],"picked":"Disarm","floor":41},{"not_picked":["Rampage","Body Slam"],"picked":"Shockwave","floor":45},{"not_picked":["Whirlwind","Shrug It Off"],"picked":"Disarm","floor":48}],"player_experience":340021,"potions_floor_usage":[42,50,50,50],"damage_taken":[{"damage":0.0,"enemies":"Jaw Worm","floor":1.0,"turns":1.0},{"damage":0.0,"enemies":"Cultist","floor":3.0,"turns":1.0},{"damage":0.0,"enemies":"Lagavulin","floor":7.0,"turns":1.0},{"damage":28.0,"enemies":"Gremlin Nob","floor":10.0,"turns":4.0},{"damage":0.0,"enemies":"Small Slimes","floor":13.0,"turns":2.0},{"damage":12.0,"enemies":"Exordium Thugs","floor":14.0,"turns":2.0},{"damage":21.0,"enemies":"The Guardian","floor":16.0,"turns":10.0},{"damage":4.0,"enemies":"Chosen","floor":18.0,"turns":3.0},{"damage":27.0,"enemies":"2 Thieves","floor":22.0,"turns":4.0},{"damage":29.0,"enemies":"Book of Stabbing","floor":24.0,"turns":5.0},{"damage":4.0,"enemies":"Chosen and Byrds","floor":25.0,"turns":4.0},{"damage":10.0,"enemies":"3 Cultists","floor":27.0,"turns":4.0},{"damage":22.0,"enemies":"Slaver and Parasite","floor":31.0,"turns":3.0},{"damage":31.0,"enemies":"Collector","floor":33.0,"turns":8.0},{"damage":0.0,"enemies":"3 Shapes","floor":35.0,"turns":2.0},{"damage":9.0,"enemies":"3 Darklings","floor":37.0,"turns":4.0},{"damage":39.0,"enemies":"4 Shapes","floor":39.0,"turns":2.0},{"damage":59,"enemies":"Giant Head","floor":41,"turns":8},{"damage":10,"enemies":"Maw","floor":42,"turns":6},{"damage":4,"enemies":"3 Darklings","floor":45,"turns":2},{"damage":40,"enemies":"Sphere and 2 Shapes","floor":48,"turns":6},{"damage":52,"enemies":"Awakened One","floor":50,"turns":8}],"event_choices":[{"event_name":"Purifier","player_choice":"One Purge","floor":2.0,"damage_taken":0.0},{"event_name":"Golden Idol","player_choice":"Take Damage","floor":4.0,"damage_taken":0.0},{"event_name":"The Lab","player_choice":"Got Potions","floor":8.0,"damage_taken":0.0},{"event_name":"The Joust","player_choice":"Bet on Murderer","floor":20.0,"damage_taken":0.0},{"event_name":"Forgotten Altar","player_choice":"Gave Idol","floor":21.0,"damage_taken":0.0},{"event_name":"Vampires","player_choice":"Ignored","floor":29.0,"damage_taken":0.0},{"event_name":"The Moai Head","player_choice":"Heal","floor":46,"damage_taken":0}],"boss_relics":[],"potions_floor_spawned":[14,16,18,22,24,35,41,45],"seed_played":"-4128574064887043791","ascension_level":15,"is_trial":false}