{"path_per_floor":["M","?","?","$","?","E","M","M","T","M","M","E","$","E","R","B",null,"M","M","M","M","M","E","R","E","T","E","$","R","$","?","R","B",null,"M","?","?","$","M","R","$","R","T","E","M","M","E","M","R","B"],"character_chosen":"IRONCLAD","items_purchased":["Apotheosis","Pen Nib","Metallicize"],"gold_per_floor":[209,359,359,5,5,34,54,68,94,108,124,153,8,40,40,116,116,134,150,161,176,193,228,228,255,255,287,237,237,187,187,187,262,262,278,278,333,283,295,295,245,245,291,317,336,354,385,396,396,396],"floor_reached":51,"campfire_rested":4,"playtime":2526,"current_hp_per_floor":[60,60,53,53,58,39,46,47,47,54,54,45,45,40,40,16,70,78,84,84,82,88,40,67,49,49,46,46,46,46,46,74,69,89,72,91,66,66,54,83,83,83,83,87,74,66,66,78,107,55],"items_purged":["Armaments","Strike_R","Strike_R","Strike_R","Writhe"],"gold":396,"score":1455,"play_id":"169f92ba-f53f-4ab4-b4c9-fdd49779765e","local_time":"20180415192428","is_prod":false,"is_daily":false,"chose_seed":false,"is_ascension_mode":true,"campfire_upgraded":3,"timestamp":1523809468,"path_taken":["M","?","?","$","?","E","M","?","T","M","M","E","?","E","R","BOSS","M","?","M","M","M","E","R","E","T","E","$","R","$","?","R","BOSS","M","?","?","$","M","R","$","R","T","E","M","M","E","M","R","BOSS"],"build_version":"2018-04-12","seed_source_timestamp":28111954704529,"purchased_purges":5,"victory":true,"master_deck":["Strike_R","Strike_R","Defend_R","Defend_R","Defend_R","Defend_R","Bash","AscendersBane","Apotheosis+1","Twin Strike","Rampage","Feed","Battle Trance","Feel No Pain+1","Metallicize","Shockwave","Demon Form","Pummel","Feel No Pain","Disarm","True Grit+1","Limit Break","Metallicize+1","Uppercut","Shrug It Off+1","Shrug It Off+1","Warcry+1"],"max_hp_per_floor":[75,75,75,75,80,80,80,80,80,84,84,88,88,88,88,88,88,88,92,92,92,92,92,92,96,96,96,96,96,96,96,96,96,96,96,96,96,96,99,99,99,99,99,99,99,103,103,107,107,111],"relics":["Burning Blood","Pen Nib","Blood Vial","Oddly Smooth Stone","Kunai","Ginger","Velvet Choker","Bronze Scales","Bag of Marbles","Smiling Mask","Shuriken","Mark of Pain","Sundial","Vajra","Mercury Hourglass","Thread and Needle"],"card_choices":[{"not_picked":["Havoc","Flex"],"picked":"Armaments","floor":1},{"not_picked":["Heavy Blade","Pommel Strike"],"picked":"Twin Strike","floor":6},{"not_picked":["Clothesline","Perfected Strike"],"picked":"Rampage","floor":7},{"not_picked":["True Grit","Cleave"],"picked":"Feed","floor":8},{"not_picked":["Pommel Strike","Power Through"],"picked":"Battle Trance","floor":11},{"not_picked":["Pommel Strike","Shrug It Off"],"picked":"Feel No Pain","floor":12},{"not_picked":["Ghostly Armor","Twin Strike"],"picked":"Shockwave","floor":14},{"not_picked":["Berserk","Juggernaut"],"picked":"Demon Form","floor":16},{"not_picked":["Clash","True Grit"],"picked":"Pummel","floor":18},{"not_picked":["Reckless Charge","Combust"],"picked":"Feel No Pain","floor":19},{"not_picked":["Infernal Blade","Carnage"],"picked":"Disarm","floor":25},{"not_picked":["Dropkick","Clothesline"],"picked":"True Grit","floor":27},{"not_picked":["Bludgeon","Feed"],"picked":"Limit Break","floor":33},{"not_picked":["Intimidate","Burning Pact"],"picked":"Metallicize","floor":39},{"not_picked":["Evolve","Havoc"],"picked":"Uppercut","floor":44},{"not_picked":["Second Wind","Entrench"],"picked":"Shrug It Off","floor":46},{"not_picked":["Rupture","Sentinel"],"picked":"Shrug It Off","floor":47},{"not_picked":["Hemokinesis","Sword Boomerang"],"picked":"Warcry","floor":48}],"player_experience":387707,"potions_floor_usage":[10,14,21,25,27,47,50,50],"damage_taken":[{"damage":14,"enemies":"2 Louse","floor":1,"turns":3},{"damage":25,"enemies":"Lagavulin","floor":6,"turns":8},{"damage":1,"enemies":"Small Slimes","floor":7,"turns":4},{"damage":7,"enemies":"Jaw Worm","floor":8,"turns":3},{"damage":5,"enemies":"Looter","floor":10,"turns":4},{"damage":8,"enemies":"Blue Slaver","floor":11,"turns":4},{"damage":21,"enemies":"3 Sentries","floor":12,"turns":11},{"damage":13,"enemies":"Gremlin Nob","floor":14,"turns":4},{"damage":32,"enemies":"Slime Boss","floor":16,"turns":13},{"damage":0,"enemies":"Chosen","floor":18,"turns":4},{"damage":6,"enemies":"3 Byrds","floor":19,"turns":5},{"damage":8,"enemies":"Snecko","floor":20,"turns":5},{"damage":10,"enemies":"Cultist and Chosen","floor":21,"turns":6},{"damage":2,"enemies":"Centurion and Healer","floor":22,"turns":6},{"damage":56,"enemies":"Slavers","floor":23,"turns":8},{"damage":30,"enemies":"Gremlin Leader","floor":25,"turns":6},{"damage":11,"enemies":"Book of Stabbing","floor":27,"turns":5},{"damage":13,"enemies":"Champ","floor":33,"turns":11},{"damage":25,"enemies":"3 Darklings","floor":35,"turns":5},{"damage":33,"enemies":"Mysterious Sphere","floor":37,"turns":19},{"damage":23,"enemies":"3 Shapes","floor":39,"turns":15},{"damage":4,"enemies":"Giant Head","floor":44,"turns":7},{"damage":21,"enemies":"3 Darklings","floor":45,"turns":6},{"damage":20,"enemies":"Maw","floor":46,"turns":7},{"damage":8,"enemies":"2 Orb Walkers","floor":47,"turns":6},{"damage":0,"enemies":"Sphere and 2 Shapes","floor":48,"turns":6},{"damage":62,"enemies":"Awakened One","floor":50,"turns":9}],"event_choices":[{"event_name":"Liars Game","player_choice":"agreed","floor":2,"damage_taken":0},{"event_name":"Golden Wing","player_choice":"Card Removal","floor":3,"damage_taken":0},{"event_name":"Big Fish","player_choice":"Donut","floor":5,"damage_taken":0},{"event_name":"Ghosts","player_choice":"Ignored","floor":31,"damage_taken":0},{"event_name":"Winding Halls","player_choice":"Writhe","floor":36,"damage_taken":0},{"event_name":"Mysterious Sphere","player_choice":"Fight","floor":37,"damage_taken":0}],"boss_relics":[{"not_picked":["Runic Pyramid","Tiny House"],"picked":"Velvet Choker"},{"not_picked":["White Beast Statue","Philosopher\u0027s Stone"],"picked":"Mark of Pain"}],"potions_floor_spawned":[1,6,8,14,16,18,25,27,33,35,44,45,46],"seed_played":"4314973293062884638","ascension_level":15,"is_trial":false}