{"path_per_floor":["M","$","?","M","?","E","R","?","T","M","E","M","M","M","R","B",null,"M","?","$","?","$","E","R","E","T","R","?"],"character_chosen":"IRONCLAD","items_purchased":[],"gold_per_floor":[116,41,41,51,51,83,83,83,83,100,131,146,163,181,181,284,314,326,326,226,226,101,158,158,192,192,192,117,117],"floor_reached":29,"campfire_rested":2,"playtime":962,"current_hp_per_floor":[50,50,31,37,37,11,39,39,53,60,42,37,44,30,63,30,115,97,97,97,97,97,74,74,42,42,42,42,0],"items_purged":["Strike_R","Strike_R","Defend_R"],"gold":117,"score":319,"play_id":"035a04e9-7104-45ae-82f6-c3b1f76e9404","local_time":"20180412230900","is_prod":false,"is_daily":false,"is_ascension_mode":false,"campfire_upgraded":2,"timestamp":1523563740,"path_taken":["M","$","?","?","?","E","R","?","T","M","E","M","M","M","R","BOSS","M","?","$","?","?","E","R","E","T","R","?","E"],"build_version":"2018-04-05v2","purchased_purges":3,"victory":false,"master_deck":["Strike_R+1","Strike_R+1","Defend_R+1","Bash","Rampage+1","Demon Form+1","Reaper+1","Pummel+1","Disarm"],"max_hp_per_floor":[96,96,96,96,96,96,96,96,110,110,110,110,110,110,110,110,115,115,115,115,115,115,115,115,115,115,115,115,115],"relics":["Burning Blood","Du-Vu Doll","Blood Vial","Mango","Gremlin Horn","Tiny House","Tiny Chest","Ginger","Whetstone"],"card_choices":[{"not_picked":["Power Through","Blood for Blood"],"picked":"Rampage","floor":1.0},{"not_picked":["Flex","Perfected Strike"],"picked":"Demon Form","floor":10.0},{"not_picked":["Berserk","Immolate"],"picked":"Reaper","floor":16.0},{"not_picked":["Rage","Warcry"],"picked":"Pummel","floor":17.0},{"not_picked":["Warcry","Thunderclap"],"picked":"Disarm","floor":25.0}],"player_experience":372622,"potions_floor_usage":[29],"damage_taken":[{"damage":4.0,"enemies":"2 Louse","floor":1.0,"turns":4.0},{"damage":0.0,"enemies":"Small Slimes","floor":4.0,"turns":4.0},{"damage":32.0,"enemies":"Lagavulin","floor":6.0,"turns":8.0},{"damage":1.0,"enemies":"Jaw Worm","floor":10.0,"turns":3.0},{"damage":26.0,"enemies":"3 Sentries","floor":11.0,"turns":8.0},{"damage":13.0,"enemies":"Red Slaver","floor":12.0,"turns":3.0},{"damage":1.0,"enemies":"Exordium Wildlife","floor":13.0,"turns":2.0},{"damage":22.0,"enemies":"Exordium Thugs","floor":14.0,"turns":4.0},{"damage":41.0,"enemies":"Slime Boss","floor":16.0,"turns":10.0},{"damage":24.0,"enemies":"3 Byrds","floor":18.0,"turns":6.0},{"damage":66.0,"enemies":"Gremlin Leader","floor":23.0,"turns":6.0},{"damage":48.0,"enemies":"Book of Stabbing","floor":25.0,"turns":5.0},{"damage":64,"enemies":"Slavers","floor":29,"turns":4}],"event_choices":[{"event_name":"Shining Light","player_choice":"Entered Light","floor":3.0,"damage_taken":0.0},{"event_name":"Wheel of Change","player_choice":"Relic","floor":5.0,"damage_taken":0.0},{"event_name":"Bonfire Elementals","player_choice":"BASIC","floor":8.0,"damage_taken":0.0},{"event_name":"The Woman in Blue","player_choice":"Bought 0 Potions","floor":19.0,"damage_taken":0.0},{"event_name":"Purifier","player_choice":"One Purge","floor":21.0,"damage_taken":0.0},{"event_name":"Beggar","player_choice":"Gave Gold","floor":28.0,"damage_taken":0.0}],"boss_relics":[],"potions_floor_spawned":[1,6,10,14,16,18,25],"seed_played":"-3963153323960467764","killed_by":"Slavers","ascension_level":0,"is_trial":false}