{"path_per_floor":["M","M","M","M","M","E","R","?","T","?","M","E","R","T","R","B",null,"M","?","M","M","M","R","E","R","T","R","M","M","?","M","R"],"character_chosen":"IRONCLAD","items_purchased":[],"gold_per_floor":[115,135,155,170,181,208,208,238,264,264,275,307,307,307,307,404,404,421,346,365,385,401,401,432,432,457,457,468,483,583,596,596,596],"floor_reached":33,"campfire_rested":0,"playtime":1925,"current_hp_per_floor":[83,86,89,92,86,57,57,57,57,57,59,38,38,38,38,19,105,90,90,96,74,67,67,35,35,42,42,50,60,60,59,59,0],"items_purged":[],"gold":596,"score":331,"play_id":"6d376db5-dc48-4b07-ac27-1105bce1e223","local_time":"20180407234202","is_prod":false,"is_daily":false,"is_ascension_mode":false,"campfire_upgraded":4,"timestamp":1523133722,"path_taken":["M","M","M","M","M","E","R","?","T","?","M","E","R","?","R","BOSS","M","?","M","M","?","R","E","R","T","R","M","M","?","M","R","BOSS"],"build_version":"2018-04-05v2","purchased_purges":0,"victory":false,"master_deck":["Strike_R","Strike_R","Strike_R","Strike_R","Defend_R+1","Defend_R","Defend_R","Defend_R","Bash+1","Feed+1","Body Slam+1","Warcry","Flame Barrier+1","Inflame","Perfected Strike","Fiend Fire","Body Slam+1","Shrug It Off","Whirlwind+1","Ghostly Armor","Feel No Pain+1","Shrug It Off","Sentinel+1"],"max_hp_per_floor":[83,86,89,92,95,98,98,98,98,98,101,101,101,101,101,105,105,105,105,105,105,109,109,113,113,120,120,124,128,128,128,128,128],"relics":["Burning Blood","Bronze Scales","Ornamental Fan","War Paint","Lantern","Shovel","Shuriken","Mark of Pain","Kunai","Prayer Wheel","Strawberry","Calipers"],"card_choices":[{"not_picked":["Pommel Strike","Dropkick"],"picked":"Body Slam","floor":1},{"not_picked":["Sword Boomerang","Infernal Blade"],"picked":"Warcry","floor":2},{"not_picked":["Brutality","Cleave"],"picked":"Flame Barrier","floor":3},{"not_picked":["Dropkick","Clothesline"],"picked":"Inflame","floor":5},{"not_picked":["Clash","Anger"],"picked":"Perfected Strike","floor":12},{"not_picked":["Double Tap","Barricade"],"picked":"Fiend Fire","floor":16},{"not_picked":["Havoc","Dropkick"],"picked":"Body Slam","floor":18},{"not_picked":["Anger","Thunderclap"],"picked":"Shrug It Off","floor":21},{"not_picked":["Wild Strike","Blood for Blood"],"picked":"Whirlwind","floor":22},{"not_picked":["Sentinel","Havoc"],"picked":"Ghostly Armor","floor":24},{"not_picked":["Shrug It Off","Clothesline"],"picked":"Feel No Pain","floor":26},{"not_picked":["Perfected Strike","Sword Boomerang"],"picked":"Shrug It Off","floor":28},{"not_picked":["Dark Embrace","Havoc"],"picked":"Sentinel","floor":29}],"player_experience":315595,"potions_floor_usage":[33],"damage_taken":[{"damage":3,"enemies":"2 Louse","floor":1,"turns":3},{"damage":0,"enemies":"Small Slimes","floor":2,"turns":3},{"damage":5,"enemies":"Cultist","floor":3,"turns":4},{"damage":3,"enemies":"3 Louse","floor":4,"turns":4},{"damage":15,"enemies":"Looter","floor":5,"turns":4},{"damage":38,"enemies":"3 Sentries","floor":6,"turns":11},{"damage":7,"enemies":"Blue Slaver","floor":11,"turns":3},{"damage":27,"enemies":"Lagavulin","floor":12,"turns":5},{"damage":29,"enemies":"The Guardian","floor":16,"turns":13},{"damage":21,"enemies":"Spheric Guardian","floor":18,"turns":4},{"damage":0,"enemies":"3 Byrds","floor":20,"turns":2},{"damage":28,"enemies":"Slaver and Parasite","floor":21,"turns":5},{"damage":17,"enemies":"Chosen and Byrds","floor":22,"turns":7},{"damage":42,"enemies":"Slavers","floor":24,"turns":5},{"damage":2,"enemies":"3 Cultists","floor":28,"turns":3},{"damage":0,"enemies":"Centurion and Healer","floor":29,"turns":5},{"damage":7,"enemies":"Cultist and Chosen","floor":31,"turns":7},{"damage":62,"enemies":"Collector","floor":33,"turns":6}],"event_choices":[{"event_name":"Dead Adventurer","player_choice":"Searched \u00273\u0027 times","floor":8,"damage_taken":0},{"event_name":"Living Wall","player_choice":"Grow","floor":10,"damage_taken":0},{"event_name":"Beggar","player_choice":"Gave Gold","floor":19,"damage_taken":0},{"event_name":"Golden Shrine","player_choice":"Pray","floor":30,"damage_taken":0}],"boss_relics":[{"not_picked":["Cursed Key","Black Blood"],"picked":"Mark of Pain"}],"potions_floor_spawned":[2,4,6,12,20,21,28],"seed_played":"4786779739641186762","killed_by":"Collector","ascension_level":0,"is_trial":false}