{"path_per_floor":["M","M","$","?","M","R","E","M","T","?","?","R","M","T","R","B",null,"M","?","M","?","$","R","M","M","T","M","$","M","?","M","R","B",null,"M","$","?","?","M","R","E","M","T","$","R","M","M","E","R","B"],"character_chosen":"IRONCLAD","items_purchased":["Mummified Hand","Shuriken","Entrench","Flame Barrier","Apotheosis","Headbutt"],"gold_per_floor":[10,27,27,77,95,95,420,438,438,438,513,513,533,557,557,629,629,647,647,666,666,76,76,94,108,108,123,35,50,50,69,69,145,145,162,8,53,53,68,68,102,113,162,61,61,80,97,122,122,122],"floor_reached":51,"campfire_rested":6,"playtime":3797,"current_hp_per_floor":[74,75,75,75,75,75,65,39,46,46,35,35,20,20,59,12,65,38,38,14,14,14,53,49,51,51,54,54,37,37,20,59,60,77,79,79,31,31,16,55,24,42,42,42,81,82,60,47,82,38],"items_purged":["Strike_R","Writhe"],"gold":122,"score":1222,"play_id":"480f008f-cbfa-4eac-8372-59d733d41e67","local_time":"20180417191737","is_prod":false,"is_daily":false,"chose_seed":false,"is_ascension_mode":true,"campfire_upgraded":2,"timestamp":1523981857,"path_taken":["M","M","$","?","M","R","E","M","T","?","?","R","M","?","R","BOSS","M","?","M","?","$","R","M","M","T","M","?","?","?","?","R","BOSS","M","$","?","?","M","R","E","M","T","$","R","M","M","E","R","BOSS"],"build_version":"2018-04-12","seed_source_timestamp":199102797672068,"purchased_purges":2,"victory":true,"master_deck":["Strike_R","Defend_R","Defend_R","Defend_R","Defend_R","Bash+1","AscendersBane","True Grit+1","Infernal Blade","Rampage","Shrug It Off","Barricade","Impervious","Body Slam+1","Seeing Red","Seeing Red","Entrench","Flame Barrier","Headbutt","Evolve+1","Apotheosis","Feel No Pain","Headbutt","Whirlwind"],"max_hp_per_floor":[75,75,75,75,75,75,75,75,82,82,82,82,82,82,82,82,82,82,82,82,82,82,82,82,82,82,82,82,82,82,82,82,82,82,82,82,82,82,82,82,82,82,82,82,82,82,82,82,82,82],"relics":["Burning Blood","Ice Cream","Old Coin","Strawberry","Regal Pillow","Sozu","Mummified Hand","Shuriken","The Courier","Cursed Key","Calipers","Meat on the Bone","Ancient Tea Set","Anchor"],"card_choices":[{"not_picked":["Havoc","Pommel Strike"],"picked":"True Grit","floor":1.0},{"not_picked":["Perfected Strike","Power Through"],"picked":"Infernal Blade","floor":2.0},{"not_picked":["Sever Soul","Pummel"],"picked":"Rampage","floor":5.0},{"not_picked":["Second Wind","Cleave"],"picked":"Shrug It Off","floor":8.0},{"not_picked":["Exhume","Juggernaut"],"picked":"Barricade","floor":16},{"not_picked":["Havoc","Blood for Blood"],"picked":"Body Slam","floor":20},{"not_picked":["Clash","Heavy Blade"],"picked":"Seeing Red","floor":24},{"not_picked":["Reaper","True Grit"],"picked":"Seeing Red","floor":27},{"not_picked":["Twin Strike","Rampage"],"picked":"Headbutt","floor":31},{"not_picked":["Headbutt","Clothesline"],"picked":"Evolve","floor":35},{"not_picked":["Wild Strike","Flame Barrier"],"picked":"Feel No Pain","floor":41},{"not_picked":["Cleave","Headbutt"],"picked":"Whirlwind","floor":47}],"player_experience":398201,"potions_floor_usage":[16,16],"damage_taken":[{"damage":0.0,"enemies":"Small Slimes","floor":1.0,"turns":3.0},{"damage":5.0,"enemies":"Cultist","floor":2.0,"turns":4.0},{"damage":0.0,"enemies":"2 Louse","floor":5.0,"turns":2.0},{"damage":16.0,"enemies":"Gremlin Nob","floor":7.0,"turns":3.0},{"damage":32.0,"enemies":"Exordium Thugs","floor":8.0,"turns":6.0},{"damage":21.0,"enemies":"Red Slaver","floor":13.0,"turns":6.0},{"damage":57,"enemies":"Slime Boss","floor":16,"turns":13},{"damage":33,"enemies":"Shell Parasite","floor":18,"turns":11},{"damage":30,"enemies":"Spheric Guardian","floor":20,"turns":6},{"damage":10,"enemies":"Snake Plant","floor":24,"turns":6},{"damage":4,"enemies":"Centurion and Healer","floor":25,"turns":6},{"damage":3,"enemies":"3 Cultists","floor":27,"turns":7},{"damage":23,"enemies":"Snake Plant","floor":29,"turns":6},{"damage":31,"enemies":"Slaver and Parasite","floor":31,"turns":7},{"damage":5,"enemies":"Champ","floor":33,"turns":10},{"damage":4,"enemies":"3 Shapes","floor":35,"turns":8},{"damage":54,"enemies":"Mysterious Sphere","floor":37,"turns":8},{"damage":21,"enemies":"3 Darklings","floor":39,"turns":8},{"damage":37,"enemies":"2 Orb Walkers","floor":41,"turns":5},{"damage":0,"enemies":"Sphere and 2 Shapes","floor":42,"turns":9},{"damage":0,"enemies":"Maw","floor":46,"turns":8},{"damage":28,"enemies":"3 Darklings","floor":47,"turns":7},{"damage":31,"enemies":"Nemesis","floor":48,"turns":7},{"damage":62,"enemies":"Donu and Deca","floor":50,"turns":230}],"event_choices":[{"event_name":"Golden Shrine","player_choice":"Pray","floor":4.0,"damage_taken":0.0},{"event_name":"Bonfire Elementals","player_choice":"BASIC","floor":10.0,"damage_taken":0.0},{"event_name":"World of Goop","player_choice":"Gather Gold","floor":11.0,"damage_taken":0.0},{"event_name":"Match and Keep!","player_choice":"1 cards matched","floor":19,"damage_taken":0},{"event_name":"Purifier","player_choice":"One Purge","floor":21,"damage_taken":0},{"event_name":"Addict","player_choice":"Ignored","floor":30,"damage_taken":0},{"event_name":"Mysterious Sphere","player_choice":"Fight","floor":37,"damage_taken":0}],"boss_relics":[{"not_picked":["Philosopher\u0027s Stone","Pandora\u0027s Box"],"picked":"Sozu"},{"not_picked":["Snecko Eye","Astrolabe"],"picked":"Cursed Key"}],"potions_floor_spawned":[7,8,13,18,24,29,33,35,37,39,47],"seed_played":"-5568260490853086206","ascension_level":15,"is_trial":false}