{"path_per_floor":["M","?","M","$","M","E","$","R","T","E","R","M","M","E","R","B",null,"M","$","M","$","M","R","E","M","T","?","E","?","R","M","R","B",null,"M","M","?","?","$","R","E","R","T","R","M","$","R","?","R","B"],"character_chosen":"IRONCLAD","items_purchased":["Disarm","Shrug It Off","Ancient Tea Set","Feel No Pain","Paper Frog","War Paint"],"gold_per_floor":[215,215,235,200,218,246,246,246,246,279,279,298,309,334,334,405,405,423,398,411,183,200,200,232,244,271,271,298,298,298,309,309,380,410,430,441,441,441,125,125,160,160,213,213,226,71,71,71,71,71],"floor_reached":51,"campfire_rested":3,"playtime":2319,"current_hp_per_floor":[68,68,71,71,70,34,34,34,34,35,35,31,23,14,39,29,71,73,73,61,61,50,50,43,37,37,37,22,22,47,51,51,49,81,60,51,51,41,41,41,41,41,41,41,33,33,60,78,78,19],"items_purged":["Strike_R"],"gold":71,"score":1293,"play_id":"ec045c0e-3118-4522-9245-221402726bfc","local_time":"20180410144903","is_prod":false,"is_daily":false,"is_ascension_mode":true,"campfire_upgraded":8,"timestamp":1523360943,"path_taken":["M","?","M","$","M","E","$","R","T","E","R","M","?","E","R","BOSS","M","$","M","$","M","R","E","M","T","?","E","?","R","M","R","BOSS","M","M","?","?","$","R","E","R","T","R","?","$","R","?","R","BOSS"],"build_version":"2018-04-05v2","purchased_purges":1,"victory":true,"master_deck":["Strike_R+1","Strike_R+1","Strike_R+1","Strike_R+1","Defend_R+1","Defend_R+1","Defend_R+1","Defend_R+1","Bash","AscendersBane","Corruption+1","Whirlwind+1","Disarm+1","Armaments+1","Body Slam","Iron Wave","Clothesline","Demon Form+1","Offering+1","Ghostly Armor","Shrug It Off+1","Shrug It Off","Disarm+1","Offering+1","Decay","Thunderclap","Double Tap+1","Shrug It Off","Shrug It Off","Master of Strategy","Secret Technique","Enlightenment","Feel No Pain+1","Sentinel+1","True Grit","Sword Boomerang","Writhe"],"max_hp_per_floor":[75,75,75,75,75,75,75,75,75,85,85,85,85,85,85,85,85,85,85,85,85,85,85,85,85,85,85,85,85,85,85,85,85,90,90,90,90,90,90,90,90,90,90,90,90,90,90,90,90,90],"relics":["Black Blood","Oddly Smooth Stone","Charon\u0027s Ashes","Pear","Centennial Puzzle","Ancient Tea Set","Pen Nib","Dream Catcher","Art of War","Tiny House","Paper Frog","Orichalcum","Singing Bowl","War Paint"],"card_choices":[{"not_picked":["Thunderclap","Headbutt"],"picked":"Corruption","floor":1.0},{"not_picked":["Intimidate","Headbutt"],"picked":"Whirlwind","floor":3.0},{"not_picked":["Thunderclap","Bloodletting"],"picked":"Armaments","floor":5.0},{"not_picked":["Pummel","Corruption"],"picked":"Body Slam","floor":6.0},{"not_picked":["Wild Strike","Flex"],"picked":"Iron Wave","floor":12.0},{"not_picked":["Combust","Body Slam"],"picked":"Clothesline","floor":13.0},{"not_picked":["Hemokinesis","Flex"],"picked":"Demon Form","floor":14.0},{"not_picked":["Berserk","Impervious"],"picked":"Offering","floor":16.0},{"not_picked":["Dropkick","Heavy Blade"],"picked":"Ghostly Armor","floor":18.0},{"not_picked":["Carnage","Searing Blow"],"picked":"Shrug It Off","floor":20.0},{"not_picked":["Cleave","True Grit"],"picked":"Disarm","floor":24.0},{"not_picked":["Warcry","Anger"],"picked":"Offering","floor":28.0},{"not_picked":["Anger","Armaments"],"picked":"Thunderclap","floor":30.0},{"not_picked":["Brutality","Impervious"],"picked":"Double Tap","floor":33},{"not_picked":["Anger","Burning Pact"],"picked":"Shrug It Off","floor":35},{"not_picked":["Entrench","Sword Boomerang"],"picked":"Shrug It Off","floor":36},{"not_picked":["Panacea","Deep Breath"],"picked":"Master of Strategy","floor":38},{"not_picked":["Mind Blast","Trip"],"picked":"Secret Technique","floor":38},{"not_picked":["Deep Breath","Panacea"],"picked":"Enlightenment","floor":38},{"not_picked":["Bloodletting","Warcry"],"picked":"Sentinel","floor":41},{"not_picked":["Perfected Strike","Rage"],"picked":"True Grit","floor":45},{"not_picked":["Warcry","Perfected Strike"],"picked":"Sword Boomerang","floor":47}],"player_experience":335734,"potions_floor_usage":[35,50,50,50],"damage_taken":[{"damage":6.0,"enemies":"Jaw Worm","floor":1.0,"turns":5.0},{"damage":3.0,"enemies":"2 Louse","floor":3.0,"turns":4.0},{"damage":7.0,"enemies":"Small Slimes","floor":5.0,"turns":4.0},{"damage":42.0,"enemies":"Lagavulin","floor":6.0,"turns":9.0},{"damage":15.0,"enemies":"3 Sentries","floor":10.0,"turns":4.0},{"damage":10.0,"enemies":"Red Slaver","floor":12.0,"turns":4.0},{"damage":14.0,"enemies":"Exordium Wildlife","floor":13.0,"turns":6.0},{"damage":15.0,"enemies":"Lagavulin","floor":14.0,"turns":7.0},{"damage":16.0,"enemies":"Slime Boss","floor":16.0,"turns":9.0},{"damage":8.0,"enemies":"Shell Parasite","floor":18.0,"turns":3.0},{"damage":22.0,"enemies":"Spheric Guardian","floor":20.0,"turns":5.0},{"damage":21.0,"enemies":"3 Cultists","floor":22.0,"turns":4.0},{"damage":17.0,"enemies":"Gremlin Leader","floor":24.0,"turns":5.0},{"damage":16.0,"enemies":"Snake Plant","floor":25.0,"turns":4.0},{"damage":25.0,"enemies":"Slavers","floor":28.0,"turns":2.0},{"damage":6.0,"enemies":"Centurion and Healer","floor":31.0,"turns":4.0},{"damage":12,"enemies":"Collector","floor":33,"turns":3},{"damage":31,"enemies":"3 Darklings","floor":35,"turns":4},{"damage":19,"enemies":"Orb Walker","floor":36,"turns":3},{"damage":10,"enemies":"Giant Head","floor":41,"turns":5},{"damage":18,"enemies":"Maw","floor":45,"turns":5},{"damage":69,"enemies":"Awakened One","floor":50,"turns":11}],"event_choices":[{"event_name":"The Cleric","player_choice":"Leave","floor":2.0,"damage_taken":0.0},{"event_name":"Back to Basics","player_choice":"Simplicity","floor":27.0,"damage_taken":0.0},{"event_name":"Forgotten Altar","player_choice":"Smashed Altar","floor":29.0,"damage_taken":0.0},{"event_name":"SecretPortal","player_choice":"Rejected Portal.","floor":37,"damage_taken":0},{"event_name":"SensoryStone","player_choice":"Memory 3","floor":38,"damage_taken":0},{"event_name":"Winding Halls","player_choice":"Writhe","floor":48,"damage_taken":0}],"boss_relics":[{"not_picked":["White Beast Statue","Calling Bell"],"picked":"Tiny House"}],"potions_floor_spawned":[5,12,14,16,22,24,28,33,45],"seed_played":"-4577153714250454911","ascension_level":15,"is_trial":false}