{"path_per_floor":["M","M","?","$","M","E","M","R","T","M","M","M","R","E","R","B",null,"M","?","?","M","$","R","M","R","T","R","M","?","M","M","R"],"character_chosen":"IRONCLAD","items_purchased":["Vajra"],"gold_per_floor":[119,134,134,59,77,110,121,121,147,157,172,188,188,217,217,294,294,307,307,307,323,78,78,95,95,95,95,105,105,116,126,126,126],"floor_reached":33,"campfire_rested":2,"playtime":1410,"current_hp_per_floor":[61,52,52,52,52,49,38,38,38,34,17,16,39,16,39,15,63,69,69,69,55,55,55,48,48,48,48,52,52,58,54,54,0],"items_purged":["Strike_R","Strike_R"],"gold":126,"score":457,"play_id":"50889ca2-8dc6-4bad-b7a9-5804ac85baff","local_time":"20180414214548","is_prod":false,"is_daily":false,"chose_seed":true,"is_ascension_mode":true,"campfire_upgraded":5,"timestamp":1523731548,"path_taken":["M","M","?","$","M","E","M","R","T","?","M","M","R","E","R","BOSS","M","?","?","M","$","R","?","R","T","R","M","?","?","M","R","BOSS"],"build_version":"2018-04-12","seed_source_timestamp":261530077757716,"purchased_purges":2,"victory":false,"master_deck":["Strike_R","Strike_R+1","Strike_R+1","Defend_R","Defend_R","Defend_R","Defend_R","Bash+1","AscendersBane","Infernal Blade+1","Flex+1","Armaments+1","Whirlwind+1","Clothesline","Body Slam","Uppercut+1","Offering+1","Headbutt","Shrug It Off+1","Injury","Exhume","Offering"],"max_hp_per_floor":[75,75,75,75,75,75,75,75,75,77,77,77,77,79,79,79,79,79,79,79,81,81,81,81,81,81,81,83,83,83,85,85,85],"relics":["Burning Blood","Whetstone","Singing Bowl","Anchor","Cursed Key","Vajra","Toolbox"],"card_choices":[{"not_picked":["Pommel Strike","Clash"],"picked":"Infernal Blade","floor":1},{"not_picked":["Metallicize","True Grit"],"picked":"Flex","floor":2},{"not_picked":["Twin Strike","Iron Wave"],"picked":"Armaments","floor":5},{"not_picked":["Infernal Blade","Cleave"],"picked":"Whirlwind","floor":6},{"not_picked":["Clash","True Grit"],"picked":"Clothesline","floor":7},{"not_picked":["Pommel Strike","Armaments"],"picked":"Body Slam","floor":11},{"not_picked":["Warcry","Reckless Charge"],"picked":"Uppercut","floor":12},{"not_picked":["Immolate","Juggernaut"],"picked":"Offering","floor":16},{"not_picked":["Warcry","Fire Breathing"],"picked":"Headbutt","floor":18},{"not_picked":["Perfected Strike","Cleave"],"picked":"Shrug It Off","floor":24},{"not_picked":["Anger","Body Slam"],"picked":"Offering","floor":30}],"player_experience":379490,"potions_floor_usage":[14,14,24,30],"damage_taken":[{"damage":13,"enemies":"Jaw Worm","floor":1,"turns":4},{"damage":15,"enemies":"Small Slimes","floor":2,"turns":3},{"damage":6,"enemies":"Cultist","floor":5,"turns":3},{"damage":9,"enemies":"3 Sentries","floor":6,"turns":8},{"damage":17,"enemies":"Gremlin Gang","floor":7,"turns":3},{"damage":12,"enemies":"Exordium Wildlife","floor":10,"turns":3},{"damage":23,"enemies":"Large Slime","floor":11,"turns":5},{"damage":7,"enemies":"2 Fungi Beasts","floor":12,"turns":3},{"damage":31,"enemies":"Lagavulin","floor":14,"turns":6},{"damage":30,"enemies":"Slime Boss","floor":16,"turns":9},{"damage":0,"enemies":"3 Byrds","floor":18,"turns":2},{"damage":22,"enemies":"Shell Parasite","floor":21,"turns":4},{"damage":22,"enemies":"Chosen and Byrds","floor":24,"turns":5},{"damage":4,"enemies":"Snecko","floor":28,"turns":2},{"damage":4,"enemies":"Cultist and Chosen","floor":30,"turns":2},{"damage":12,"enemies":"Slaver and Parasite","floor":31,"turns":2},{"damage":64,"enemies":"Champ","floor":33,"turns":8}],"event_choices":[{"event_name":"Living Wall","player_choice":"Grow","floor":3,"damage_taken":0},{"event_name":"Ghosts","player_choice":"Ignored","floor":19,"damage_taken":0},{"event_name":"Vampires","player_choice":"Ignored","floor":20,"damage_taken":0},{"event_name":"Match and Keep!","player_choice":"1 cards matched","floor":29,"damage_taken":0}],"boss_relics":[{"not_picked":["Orrery","White Beast Statue"],"picked":"Cursed Key"}],"potions_floor_spawned":[1,5,11,12,18,28,30,31],"seed_played":"-1556541720904202870","killed_by":"Champ","ascension_level":15,"is_trial":false}