{"path_per_floor":["M","$","?","?","M","R","E","M","T","E","R","E","?","M","R","B",null,"M","?","$","M","M","E","R","?","T","M","?","M","R","$","R"],"character_chosen":"IRONCLAD","items_purchased":["Evolve","War Paint","Feel No Pain","Warcry","Body Slam"],"gold_per_floor":[114,38,38,113,126,126,152,168,168,201,201,229,229,242,242,319,349,320,320,170,190,209,242,242,242,242,253,253,272,272,53,53,53],"floor_reached":33,"campfire_rested":3,"playtime":2706,"current_hp_per_floor":[71,71,71,60,65,65,45,53,53,45,45,14,14,23,60,31,69,48,48,48,49,53,16,55,55,55,32,11,12,51,51,51,0],"items_purged":["Strike_R"],"gold":53,"score":495,"play_id":"f87a7637-54c6-4fa4-a33b-10bde754c529","local_time":"20180410114915","is_prod":false,"is_daily":false,"is_ascension_mode":true,"campfire_upgraded":3,"timestamp":1523350155,"path_taken":["M","$","?","?","M","R","E","M","T","E","R","E","?","M","R","BOSS","M","?","$","M","M","E","R","?","T","M","?","M","R","?","R","BOSS"],"build_version":"2018-04-05v2","purchased_purges":1,"victory":false,"master_deck":["Strike_R+1","Strike_R+1","Defend_R+1","Defend_R+1","Defend_R+1","Defend_R+1","Bash+1","AscendersBane","Shrug It Off+1","Evolve+1","Immolate","Infernal Blade+1","Power Through","True Grit+1","Blood for Blood","Flex","Infernal Blade","Flame Barrier+1","Spot Weakness","Battle Trance+1","Shrug It Off","True Grit+1","Necronomicurse","Berserk","Feel No Pain+1","Warcry+1","Body Slam"],"max_hp_per_floor":[75,75,75,75,75,75,75,75,75,75,75,75,75,75,75,75,80,80,80,80,80,83,83,83,83,83,83,83,83,83,83,83,83],"relics":["Burning Blood","Blood Vial","Regal Pillow","Juzu Bracelet","Magic Flower","Tiny House","War Paint","Toxic Egg 2","Dead Branch","Necronomicon"],"card_choices":[{"not_picked":["Bloodletting","Havoc"],"picked":"Shrug It Off","floor":1.0},{"not_picked":["Havoc","Armaments"],"picked":"Infernal Blade","floor":5.0},{"not_picked":["Intimidate","Headbutt"],"picked":"Power Through","floor":7.0},{"not_picked":["Body Slam","Thunderclap"],"picked":"True Grit","floor":8.0},{"not_picked":["Perfected Strike","Warcry"],"picked":"Blood for Blood","floor":10.0},{"not_picked":["Bludgeon","Sword Boomerang"],"picked":"Flex","floor":12.0},{"not_picked":["Flex","Twin Strike"],"picked":"Infernal Blade","floor":14.0},{"not_picked":["Cleave","Dual Wield"],"picked":"Flame Barrier","floor":17.0},{"not_picked":["Wild Strike","Battle Trance"],"picked":"Spot Weakness","floor":18.0},{"not_picked":["Seeing Red","Havoc"],"picked":"Battle Trance","floor":21.0},{"not_picked":["Thunderclap","Carnage"],"picked":"Shrug It Off","floor":22.0},{"not_picked":["Burning Pact","Fire Breathing"],"picked":"True Grit","floor":23.0},{"not_picked":["Combust","Warcry"],"picked":"Berserk","floor":29.0}],"player_experience":333028,"potions_floor_usage":[33],"damage_taken":[{"damage":3.0,"enemies":"Jaw Worm","floor":1.0,"turns":5.0},{"damage":1.0,"enemies":"Small Slimes","floor":5.0,"turns":6.0},{"damage":26.0,"enemies":"Gremlin Nob","floor":7.0,"turns":4.0},{"damage":0.0,"enemies":"2 Louse","floor":8.0,"turns":4.0},{"damage":16.0,"enemies":"3 Sentries","floor":10.0,"turns":10.0},{"damage":39.0,"enemies":"Lagavulin","floor":12.0,"turns":9.0},{"damage":3.0,"enemies":"Blue Slaver","floor":14.0,"turns":6.0},{"damage":41.0,"enemies":"Slime Boss","floor":16.0,"turns":14.0},{"damage":33.0,"enemies":"2 Thieves","floor":18.0,"turns":5.0},{"damage":11.0,"enemies":"Shell Parasite","floor":21.0,"turns":9.0},{"damage":13.0,"enemies":"Sentry and Sphere","floor":22.0,"turns":5.0},{"damage":49.0,"enemies":"Book of Stabbing","floor":23.0,"turns":7.0},{"damage":35.0,"enemies":"Snecko","floor":27.0,"turns":7.0},{"damage":11.0,"enemies":"Centurion and Healer","floor":29.0,"turns":8.0},{"damage":56,"enemies":"Collector","floor":33,"turns":6}],"event_choices":[{"event_name":"Living Wall","player_choice":"Change","floor":3.0,"damage_taken":0.0},{"event_name":"World of Goop","player_choice":"Gather Gold","floor":4.0,"damage_taken":0.0},{"event_name":"Purifier","player_choice":"One Purge","floor":13.0,"damage_taken":0.0},{"event_name":"Back to Basics","player_choice":"Simplicity","floor":19.0,"damage_taken":0.0},{"event_name":"The Mausoleum","player_choice":"No","floor":25.0,"damage_taken":0.0},{"event_name":"Cursed Tome","player_choice":"Obtained Book","floor":28.0,"damage_taken":0.0}],"boss_relics":[],"potions_floor_spawned":[1,5,12,21,22,29],"seed_played":"406920647782757618","killed_by":"Collector","ascension_level":15,"is_trial":false}