{"path_per_floor":["M","M","M","?","M","R","E","?","T","R","?","E","T","$","R"],"character_chosen":"IRONCLAD","items_purchased":["Lantern","Regen Potion"],"gold_per_floor":[111,130,142,217,228,228,254,278,304,304,304,332,402,207,207,207],"floor_reached":16,"campfire_rested":1,"playtime":970,"current_hp_per_floor":[73,75,71,60,49,49,43,34,34,34,34,17,17,17,39,0],"items_purged":[],"gold":207,"score":189,"play_id":"33bd5539-315c-4472-9ef4-e44345f85972","local_time":"20180419130112","is_prod":false,"is_daily":false,"chose_seed":false,"is_ascension_mode":true,"campfire_upgraded":2,"timestamp":1524132072,"path_taken":["M","M","M","?","?","R","E","?","T","R","?","E","?","$","R","BOSS"],"build_version":"2018-04-12","seed_source_timestamp":0,"purchased_purges":1,"victory":false,"master_deck":["Strike_R","Strike_R","Strike_R","Strike_R","Defend_R","Defend_R","Defend_R","Defend_R","Bash+1","AscendersBane","Shockwave+1","Headbutt","Ghostly Armor+1","Shrug It Off","Shrug It Off","Perfected Strike+1","Whirlwind","Power Through+1"],"max_hp_per_floor":[75,75,75,75,75,75,75,75,75,75,75,75,75,75,75,75],"relics":["Burning Blood","Gambling Chip","Odd Mushroom","Happy Flower","War Paint","Darkstone Periapt","Lantern"],"card_choices":[{"not_picked":["Rupture","Reckless Charge"],"picked":"Headbutt","floor":1.0},{"not_picked":["Reckless Charge","Warcry"],"picked":"Ghostly Armor","floor":2.0},{"not_picked":["Seeing Red","Iron Wave"],"picked":"Shrug It Off","floor":3.0},{"not_picked":["Wild Strike","Twin Strike"],"picked":"Shrug It Off","floor":5.0},{"not_picked":["Anger","Shrug It Off"],"picked":"Perfected Strike","floor":7.0},{"not_picked":["Juggernaut","Sentinel"],"picked":"Whirlwind","floor":8.0},{"not_picked":["Headbutt","Sword Boomerang"],"picked":"Power Through","floor":12.0}],"player_experience":407070,"potions_floor_usage":[16],"damage_taken":[{"damage":1.0,"enemies":"Small Slimes","floor":1.0,"turns":4.0},{"damage":0.0,"enemies":"2 Louse","floor":2.0,"turns":3.0},{"damage":10.0,"enemies":"Cultist","floor":3.0,"turns":4.0},{"damage":17.0,"enemies":"Gremlin Gang","floor":5.0,"turns":8.0},{"damage":12.0,"enemies":"3 Sentries","floor":7.0,"turns":17.0},{"damage":15.0,"enemies":"The Mushroom Lair","floor":8.0,"turns":4.0},{"damage":23.0,"enemies":"Lagavulin","floor":12.0,"turns":7.0},{"damage":58,"enemies":"Slime Boss","floor":16,"turns":16}],"event_choices":[{"event_name":"World of Goop","player_choice":"Gather Gold","floor":4.0,"damage_taken":0.0},{"event_name":"Mushrooms","player_choice":"Fought Mushrooms","floor":8.0,"damage_taken":0.0},{"event_name":"Living Wall","player_choice":"Grow","floor":11.0,"damage_taken":0.0}],"boss_relics":[],"potions_floor_spawned":[1,3,7],"seed_played":"-958919762830873193","killed_by":"Slime Boss","ascension_level":15,"is_trial":false}