{"path_per_floor":["M","?","M","M","?","R","E","R","T","E","$","M","M","M","R"],"character_chosen":"IRONCLAD","items_purchased":["Bag of Marbles"],"gold_per_floor":[115,115,133,147,147,147,174,174,247,276,52,70,83,102,102,102],"floor_reached":16,"campfire_rested":1,"playtime":498,"current_hp_per_floor":[26,26,32,31,31,31,7,29,29,8,8,14,20,26,26,0],"items_purged":["Bash"],"gold":102,"score":196,"play_id":"9e9e0b55-6dfb-4bdf-ac0d-1209d7fe6515","local_time":"20180420232610","is_prod":false,"is_daily":false,"chose_seed":false,"is_ascension_mode":true,"campfire_upgraded":2,"timestamp":1524255970,"path_taken":["M","?","M","M","?","R","E","R","T","E","?","M","M","M","R","BOSS"],"build_version":"2018-04-19","seed_source_timestamp":171935360912231,"purchased_purges":1,"victory":false,"master_deck":["Strike_R","Strike_R","Strike_R","Strike_R","Strike_R","Defend_R","Defend_R","Defend_R","Defend_R","AscendersBane","Carnage+1","Spot Weakness","Headbutt","Metallicize","Uppercut+1","True Grit","Reckless Charge","Evolve"],"max_hp_per_floor":[75,75,75,75,75,75,75,75,75,75,75,75,75,75,75,75],"relics":["Burning Blood","Champion Belt","Juzu Bracelet","Gremlin Horn","Anchor","Bag of Marbles"],"card_choices":[{"not_picked":["Entrench","True Grit"],"picked":"Carnage","floor":1.0},{"not_picked":["Second Wind","Heavy Blade"],"picked":"Spot Weakness","floor":3.0},{"not_picked":["Anger","Pommel Strike"],"picked":"Headbutt","floor":4.0},{"not_picked":["Sword Boomerang","Fire Breathing"],"picked":"Metallicize","floor":7.0},{"not_picked":["Fiend Fire","Carnage"],"picked":"Uppercut","floor":10.0},{"not_picked":["Carnage","Headbutt"],"picked":"True Grit","floor":12.0},{"not_picked":["Havoc","Searing Blow"],"picked":"Reckless Charge","floor":13.0},{"not_picked":["True Grit","Blood for Blood"],"picked":"Evolve","floor":14.0}],"player_experience":421383,"potions_floor_usage":[],"damage_taken":[{"damage":14.0,"enemies":"Small Slimes","floor":1.0,"turns":5.0},{"damage":0.0,"enemies":"2 Louse","floor":3.0,"turns":2.0},{"damage":7.0,"enemies":"Jaw Worm","floor":4.0,"turns":3.0},{"damage":30.0,"enemies":"Lagavulin","floor":7.0,"turns":6.0},{"damage":27.0,"enemies":"Gremlin Nob","floor":10.0,"turns":5.0},{"damage":0.0,"enemies":"Blue Slaver","floor":12.0,"turns":2.0},{"damage":0.0,"enemies":"Gremlin Gang","floor":13.0,"turns":4.0},{"damage":0.0,"enemies":"2 Fungi Beasts","floor":14.0,"turns":2.0},{"damage":27,"enemies":"Slime Boss","floor":16,"turns":5}],"event_choices":[{"event_name":"The Cleric","player_choice":"Leave","floor":2.0,"damage_taken":0.0},{"event_name":"Shining Light","player_choice":"Ignored","floor":5.0,"damage_taken":0.0}],"boss_relics":[],"potions_floor_spawned":[1,3,12],"seed_played":"530498475394413261","killed_by":"Slime Boss","ascension_level":15,"is_trial":false}