{"path_per_floor":["M","M","?","M","M","R","E","M","T","E","M","R","?","$","R","B",null,"M","M","$","M","M","R","?","E","T","M","R","M","M","T","R"],"character_chosen":"IRONCLAD","items_purchased":["Spot Weakness","Bottled Flame"],"gold_per_floor":[117,129,229,248,261,261,296,308,363,397,416,416,416,25,25,97,97,117,129,129,146,163,163,163,192,245,257,257,275,293,293,293,293],"floor_reached":33,"campfire_rested":2,"playtime":2612,"current_hp_per_floor":[70,72,72,72,66,66,51,55,55,46,45,45,45,45,45,23,64,48,27,27,29,23,46,46,35,35,35,58,60,62,62,62,0],"items_purged":["Doubt"],"gold":293,"score":492,"play_id":"cf470258-2595-4528-ad06-c026ca56e547","local_time":"20180419150203","is_prod":false,"is_daily":false,"chose_seed":false,"is_ascension_mode":true,"campfire_upgraded":4,"timestamp":1524139323,"path_taken":["M","M","?","M","M","R","E","?","T","E","M","R","?","?","R","BOSS","M","M","$","?","M","R","?","E","T","?","R","M","M","?","R","BOSS"],"build_version":"2018-04-12","seed_source_timestamp":594086770106489,"purchased_purges":1,"victory":false,"master_deck":["Strike_R","Strike_R","Strike_R","Strike_R","Strike_R","Defend_R","Defend_R","Defend_R","Defend_R","AscendersBane","Uppercut+1","Ghostly Armor","Headbutt","Offering+1","Seeing Red","Evolve","Spot Weakness+1","Limit Break+1","Heavy Blade","Havoc","Clothesline","Decay","Flame Barrier+1"],"max_hp_per_floor":[75,75,75,75,75,75,75,75,75,78,78,78,78,78,78,78,78,78,78,78,78,78,78,78,78,78,78,78,78,78,78,78,78],"relics":["Burning Blood","Dead Branch","Bird Faced Urn","Bag of Preparation","Blue Candle","Bottled Flame","Snecko Eye","Oddly Smooth Stone","Blood Vial","Smiling Mask"],"card_choices":[{"not_picked":["Anger","Body Slam"],"picked":"Uppercut","floor":1.0},{"not_picked":["Perfected Strike","Power Through"],"picked":"Ghostly Armor","floor":2.0},{"not_picked":["Wild Strike","Warcry"],"picked":"Headbutt","floor":4.0},{"not_picked":["Warcry","Anger"],"picked":"Offering","floor":5.0},{"not_picked":["Barricade","Blood for Blood"],"picked":"Seeing Red","floor":7.0},{"not_picked":["Cleave","Thunderclap"],"picked":"Evolve","floor":11.0},{"not_picked":["Exhume","Juggernaut"],"picked":"Limit Break","floor":16.0},{"not_picked":["Flex","Twin Strike"],"picked":"Heavy Blade","floor":18.0},{"not_picked":["Thunderclap","Fire Breathing"],"picked":"Havoc","floor":21.0},{"not_picked":["Thunderclap","Iron Wave"],"picked":"Clothesline","floor":22},{"not_picked":["Cleave","Body Slam"],"picked":"Flame Barrier","floor":27}],"player_experience":410490,"potions_floor_usage":[22,22,25,33,33],"damage_taken":[{"damage":4.0,"enemies":"2 Louse","floor":1.0,"turns":4.0},{"damage":4.0,"enemies":"Cultist","floor":2.0,"turns":3.0},{"damage":6.0,"enemies":"Jaw Worm","floor":4.0,"turns":6.0},{"damage":12.0,"enemies":"Lots of Slimes","floor":5.0,"turns":3.0},{"damage":21.0,"enemies":"Lagavulin","floor":7.0,"turns":8.0},{"damage":2.0,"enemies":"3 Louse","floor":8.0,"turns":5.0},{"damage":30.0,"enemies":"3 Sentries","floor":10.0,"turns":10.0},{"damage":9.0,"enemies":"Exordium Wildlife","floor":11.0,"turns":5.0},{"damage":32.0,"enemies":"Hexaghost","floor":16.0,"turns":8.0},{"damage":24.0,"enemies":"2 Thieves","floor":18.0,"turns":4.0},{"damage":27.0,"enemies":"Spheric Guardian","floor":19.0,"turns":4.0},{"damage":6.0,"enemies":"3 Cultists","floor":21.0,"turns":4.0},{"damage":12,"enemies":"Snecko","floor":22,"turns":4},{"damage":19,"enemies":"Book of Stabbing","floor":25,"turns":4},{"damage":12,"enemies":"Centurion and Healer","floor":27,"turns":5},{"damage":10,"enemies":"Snake Plant","floor":29,"turns":5},{"damage":8,"enemies":"Snecko","floor":30,"turns":4},{"damage":72,"enemies":"Collector","floor":33,"turns":5}],"event_choices":[{"event_name":"Wheel of Change","player_choice":"Gold","floor":3.0,"damage_taken":0.0},{"event_name":"Purifier","player_choice":"One Purge","floor":13.0,"damage_taken":0.0},{"event_name":"Forgotten Altar","player_choice":"Smashed Altar","floor":24,"damage_taken":0}],"boss_relics":[],"potions_floor_spawned":[2,4,8,11,16,18,21,22,25,30],"seed_played":"7997273348207881630","killed_by":"Collector","ascension_level":15,"is_trial":false}