{"path_per_floor":["M","?","?","M","M","E","R","E","T","M","$","R","?","$","R","B",null,"M","T","T","?","?","E","?","?","T","R","E","?","?","M","R","B",null,"M","?","?","?","$","M","R","$","T","M","M","R","M","M","R","B"],"character_chosen":"IRONCLAD","items_purchased":["Juzu Bracelet","Master of Strategy"],"gold_per_floor":[116,116,116,133,147,180,180,213,260,272,50,50,115,15,15,114,114,133,158,158,158,158,186,186,111,111,111,145,145,145,163,163,260,260,270,270,270,319,11,31,31,31,31,43,60,60,75,85,85,85],"floor_reached":51,"campfire_rested":3,"playtime":3520,"current_hp_per_floor":[80,80,85,73,77,54,79,66,66,72,72,72,68,68,68,63,85,85,85,85,70,70,35,35,35,35,62,32,32,32,34,61,20,90,90,80,80,70,70,78,78,78,78,81,81,81,89,97,97,57],"items_purged":["Strike_R","Strike_R","Defend_R"],"gold":85,"play_id":"c5852539-f68a-4256-8a8e-be989402a952","is_prod":false,"is_daily":false,"campfire_rituals":0,"campfire_upgraded":5,"is_hardmode":false,"path_taken":["M","?","?","M","M","E","R","E","T","?","$","R","?","$","R","BOSS","M","?","?","?","?","E","?","?","T","R","E","?","?","M","R","BOSS","M","?","?","?","?","M","R","$","T","M","M","R","M","M","R","BOSS"],"build_version":"2018-01-11-PROD2","purchased_purges":3,"victory":true,"master_deck":["Bash","Bludgeon","Bludgeon","Shrug It Off","Reckless Charge","Flame Barrier","Impervious","Double Tap","Rampage","Inflame","Flame Barrier","Iron Wave","Impervious","Pommel Strike","Madness","Madness","Headbutt","Master of Strategy"],"max_hp_per_floor":[80,80,85,85,85,85,85,85,85,85,85,85,85,85,85,85,85,85,85,85,90,90,90,90,90,90,90,90,90,90,90,90,90,90,90,90,90,104,104,104,104,104,104,104,104,104,104,104,104,104],"relics":["Burning Blood","Darkstone Periapt","Bag of Preparation","Bronze Scales","Juzu Bracelet","Ancient Tea Set","Astrolabe","Blood Vial","Frozen Eye","Nloth\u0027s Gift","Bottled Lightning","Vajra","Lantern","Sozu","Mango","Unceasing Top"],"campfire_meditates":0,"card_choices":[{"not_picked":["Body Slam","Rage"],"picked":"Bludgeon"},{"not_picked":["Heavy Blade","Metallicize"],"picked":"Shrug It Off"},{"not_picked":["Thunderclap","Anger"],"picked":"Reckless Charge"},{"not_picked":["Battle Trance","Clash"],"picked":"Flame Barrier"},{"not_picked":["Infernal Blade","Thunderclap"],"picked":"Impervious"},{"not_picked":["Juggernaut","Limit Break"],"picked":"Double Tap"},{"not_picked":["Sword Boomerang","Twin Strike"],"picked":"Iron Wave"},{"not_picked":["Reaper","Feed"],"picked":"Impervious"},{"not_picked":["Flex","Second Wind"],"picked":"Pommel Strike"},{"not_picked":["Clash","Fire Breathing"],"picked":"Headbutt"}],"player_experience":8945,"potions_floor_usage":[6,6,23,33],"damage_taken":[{"damage":1,"enemies":"Cultist","floor":1,"turns":3},{"damage":18,"enemies":"Blue Slaver","floor":4,"turns":6},{"damage":2,"enemies":"2 Louse","floor":5,"turns":3},{"damage":29,"enemies":"Lagavulin","floor":6,"turns":5},{"damage":19,"enemies":"Gremlin Nob","floor":8,"turns":4},{"damage":0,"enemies":"Large Slime","floor":10,"turns":4},{"damage":10,"enemies":"Lagavulin Event","floor":13,"turns":6},{"damage":11,"enemies":"Slime Boss","floor":16,"turns":6},{"damage":0,"enemies":"Spheric Guardian","floor":18,"turns":3},{"damage":43,"enemies":"Gremlin Leader","floor":23,"turns":9},{"damage":38,"enemies":"Slavers","floor":28,"turns":4},{"damage":6,"enemies":"3 Byrds","floor":31,"turns":2},{"damage":49,"enemies":"Collector","floor":33,"turns":10},{"damage":0,"enemies":"3 Darklings","floor":35,"turns":4},{"damage":32,"enemies":"Mysterious Sphere","floor":38,"turns":5},{"damage":0,"enemies":"Orb Walker","floor":40,"turns":3},{"damage":5,"enemies":"Sphere and 2 Shapes","floor":44,"turns":3},{"damage":8,"enemies":"4 Shapes","floor":45,"turns":5},{"damage":0,"enemies":"Maw","floor":47,"turns":4},{"damage":0,"enemies":"Sphere and 2 Shapes","floor":48,"turns":2},{"damage":48,"enemies":"Donu and Deca","floor":50,"turns":6}],"event_choices":[{"event_name":"Purifier","player_choice":"One Purge","floor":2,"damage_taken":0},{"event_name":"Big Fish","player_choice":"Donut","floor":3,"damage_taken":0},{"event_name":"Dead Adventurer","player_choice":"Searched \u00272\u0027 times","floor":13,"damage_taken":0},{"event_name":"Forgotten Altar","player_choice":"Shed Blood","floor":21,"damage_taken":0},{"event_name":"Back to Basics","player_choice":"Elegance","floor":22,"damage_taken":0},{"event_name":"N\u0027loth","player_choice":"Traded a Toolbox","floor":24,"damage_taken":0},{"event_name":"Beggar","player_choice":"Gave Gold","floor":25,"damage_taken":0},{"event_name":"Cursed Tome","player_choice":"Ignored","floor":29,"damage_taken":0},{"event_name":"The Mausoleum","player_choice":"Yes","floor":30,"damage_taken":0},{"event_name":"Winding Halls","player_choice":"Embrace Madness","floor":36,"damage_taken":0},{"event_name":"The Lab","player_choice":"Got Potions","floor":37,"damage_taken":0},{"event_name":"Mysterious Sphere","player_choice":"Fight","floor":38,"damage_taken":0}],"boss_relics":[{"not_picked":["Philosopher\u0027s Stone","Runic Pyramid"],"picked":"Astrolabe"},{"not_picked":["Cursed Key","Question Card"],"picked":"Sozu"}],"potions_floor_spawned":[4,5,13,31,38,40,48],"seed_played":"-6602076591292821604","is_trial":false}