{"path_per_floor":["M","$","?","?","T","M","?","M","T","M","?","M","R","E","R","B",null,"M","?","$","M","M","R","M","M","T","?","R","M","E","M","R","B",null,"M","M","M","T","$","R","M","T","T","M","M","?","M","M","R"],"character_chosen":"IRONCLAD","items_purchased":["Metallicize","Thread and Needle","Regen Potion"],"gold_per_floor":[117,42,42,42,42,58,58,75,75,89,89,104,104,165,165,262,262,276,201,65,76,95,95,108,128,128,128,128,146,173,189,189,293,323,335,348,364,364,6,6,24,24,47,65,81,81,101,116,116],"floor_reached":50,"campfire_rested":3,"playtime":4020,"current_hp_per_floor":[80,80,77,82,96,99,99,99,99,99,80,80,80,80,80,52,99,98,98,98,88,78,82,72,62,62,62,66,56,54,36,71,27,104,103,80,27,27,27,64,75,75,75,76,74,74,78,63,102],"items_purged":["Strike_R","Strike_R"],"gold":116,"play_id":"bc76e3a4-906e-4bd3-8540-e94fcab36418","is_prod":false,"is_daily":false,"campfire_rituals":0,"campfire_upgraded":4,"is_hardmode":false,"path_taken":["M","$","?","?","?","M","?","?","T","?","?","M","R","E","R","BOSS","M","?","$","?","M","R","M","M","T","?","R","M","E","M","R","BOSS","M","M","?","?","$","R","M","?","T","M","M","?","M","?","R","BOSS"],"build_version":"2018-01-11-PROD2","purchased_purges":2,"victory":false,"master_deck":["Strike_R","Defend_R","Defend_R","Defend_R","Defend_R","Bash","Burning Pact","Headbutt","True Grit","Cleave","Whirlwind","Offering","Metallicize","Spot Weakness","Disarm","Shrug It Off","Sentinel","Ghostly Armor"],"max_hp_per_floor":[80,80,80,85,99,99,99,99,99,99,99,99,99,99,99,99,99,99,99,99,99,99,99,99,99,99,99,99,99,99,99,99,99,104,104,104,104,104,104,104,104,104,104,106,106,106,108,110,110],"relics":["Burning Blood","Bag of Marbles","Mango","Blue Candle","Tiny Chest","Eternal Feather","Orichalcum","Pantograph","Tiny House","Ice Cream","Thread and Needle","Prayer Wheel","Singing Bowl"],"campfire_meditates":0,"card_choices":[{"not_picked":["Dual Wield","Seeing Red"],"picked":"Headbutt"},{"not_picked":["Flame Barrier","Perfected Strike"],"picked":"True Grit"},{"not_picked":["Clothesline","Warcry"],"picked":"Cleave"},{"not_picked":["Armaments","Inflame"],"picked":"Whirlwind"},{"not_picked":["Demon Form","Brutality"],"picked":"Offering"},{"not_picked":["Burning Pact","Bloodletting"],"picked":"Spot Weakness"},{"not_picked":["Uppercut","Sever Soul"],"picked":"Disarm"},{"not_picked":["True Grit","Inflame"],"picked":"Shrug It Off"},{"not_picked":["Rage","Fire Breathing"],"picked":"Sentinel"},{"not_picked":["Reckless Charge","Twin Strike"],"picked":"Ghostly Armor"}],"player_experience":154073,"potions_floor_usage":[16,25,25,29,41,48,50,50],"damage_taken":[{"damage":2,"enemies":"Small Slimes","floor":1,"turns":5},{"damage":0,"enemies":"2 Louse","floor":6,"turns":2},{"damage":2,"enemies":"Blue Slaver","floor":8,"turns":7},{"damage":0,"enemies":"3 Louse","floor":10,"turns":5},{"damage":6,"enemies":"Looter","floor":12,"turns":3},{"damage":6,"enemies":"Gremlin Nob","floor":14,"turns":3},{"damage":34,"enemies":"Slime Boss","floor":16,"turns":8},{"damage":7,"enemies":"Chosen","floor":18,"turns":4},{"damage":16,"enemies":"Spheric Guardian","floor":21,"turns":5},{"damage":16,"enemies":"3 Cultists","floor":22,"turns":3},{"damage":16,"enemies":"Slaver and Parasite","floor":24,"turns":11},{"damage":16,"enemies":"Snecko","floor":25,"turns":5},{"damage":16,"enemies":"Snake Plant","floor":29,"turns":4},{"damage":8,"enemies":"Gremlin Leader","floor":30,"turns":5},{"damage":24,"enemies":"Chosen and Byrds","floor":31,"turns":7},{"damage":75,"enemies":"Champ","floor":33,"turns":14},{"damage":7,"enemies":"3 Darklings","floor":35,"turns":3},{"damage":29,"enemies":"3 Shapes","floor":36,"turns":6},{"damage":59,"enemies":"Maw","floor":37,"turns":12},{"damage":7,"enemies":"4 Shapes","floor":41,"turns":5},{"damage":7,"enemies":"3 Darklings","floor":44,"turns":5},{"damage":8,"enemies":"Maw","floor":45,"turns":9},{"damage":4,"enemies":"4 Shapes","floor":47,"turns":1},{"damage":23,"enemies":"Sphere and 2 Shapes","floor":48,"turns":13},{"damage":115,"enemies":"Donu and Deca","floor":50,"turns":9}],"event_choices":[{"event_name":"Scrap Ooze","player_choice":"success","floor":3,"damage_taken":3},{"event_name":"Big Fish","player_choice":"Donut","floor":4,"damage_taken":0},{"event_name":"Upgrade Shrine","player_choice":"Upgraded","floor":7,"damage_taken":0},{"event_name":"Shining Light","player_choice":"Entered Light","floor":11,"damage_taken":0},{"event_name":"Beggar","player_choice":"Gave Gold","floor":19,"damage_taken":0},{"event_name":"The Woman in Blue","player_choice":"Bought 0 Potions","floor":27,"damage_taken":0},{"event_name":"Mysterious Sphere","player_choice":"Ignore","floor":46,"damage_taken":0}],"boss_relics":[{"not_picked":["Orrery","Runic Pyramid"],"picked":"Eternal Feather"},{"not_picked":["White Beast Statue","Runic Dome"],"picked":"Tiny House"}],"potions_floor_spawned":[6,12,14,24,25,33,41,44,48],"seed_played":"3386162358387147571","killed_by":"Donu and Deca","is_trial":false}