{"path_per_floor":["M","M","$","?","$","M","E","R","T","?","M","R","E","M","R","B",null,"M","?","$","M","$","R","E","M","T","R","M","R","E","M","R","B",null,"M","?","M","M","M","M","?","?","T","R","M","?","R","M","R","B"],"character_chosen":"IRONCLAD","items_purchased":["Rampage"],"gold_per_floor":[110,125,50,50,50,64,99,99,149,149,161,161,186,205,205,301,301,301,226,51,51,51,51,51,51,51,51,51,51,51,51,51,51,51,51,51,51,51,51,51,0,0,0,0,0,0,0,0,0,0],"floor_reached":51,"campfire_rested":2,"playtime":4378,"current_hp_per_floor":[80,80,80,64,64,70,60,60,60,57,62,62,63,59,59,44,94,94,94,94,94,94,94,77,83,83,83,88,88,70,77,77,23,94,92,92,94,84,72,78,78,78,78,78,70,60,88,86,94,66],"items_purged":["Strike_R","Strike_R"],"gold":0,"play_id":"98e87841-41cb-43f8-85ae-9f93fda996f8","is_prod":false,"is_daily":false,"campfire_rituals":0,"campfire_upgraded":8,"is_hardmode":false,"path_taken":["M","M","$","?","$","M","E","R","T","?","?","R","E","?","R","BOSS","M","?","$","?","?","R","E","M","T","R","M","R","E","?","R","BOSS","M","?","M","M","M","M","?","?","T","R","?","?","R","?","R","BOSS"],"build_version":"2018-01-11-PROD2","purchased_purges":2,"victory":true,"master_deck":["Strike_R","Strike_R","Defend_R","Defend_R","Defend_R","Defend_R","Bash","Pommel Strike","Rampage","Shrug It Off","Headbutt","Shrug It Off","Shrug It Off","Battle Trance","Shrug It Off","Madness","Madness","Metallicize"],"max_hp_per_floor":[80,80,80,80,80,80,80,80,80,80,80,80,94,94,94,94,94,94,94,94,94,94,94,94,94,94,94,94,94,94,94,94,94,94,94,94,94,94,94,94,94,94,94,94,94,94,94,94,94,94],"relics":["Burning Blood","Oddly Smooth Stone","Prayer Wheel","Pen Nib","Dodecahedron","Mango","Ectoplasm","Toolbox","Frozen Eye","Bottled Flame","Question Card","Red Mask","Champion Belt"],"campfire_meditates":0,"card_choices":[{"not_picked":["Warcry","Iron Wave"],"picked":"Pommel Strike"},{"not_picked":["Sword Boomerang","Clash"],"picked":"Pommel Strike"},{"not_picked":["Wild Strike","Sentinel"],"picked":"Shrug It Off"},{"not_picked":["Thunderclap","Armaments"],"picked":"Headbutt"},{"not_picked":["Bloodletting","Heavy Blade"],"picked":"Shrug It Off"},{"not_picked":["Pommel Strike","Whirlwind","True Grit"],"picked":"Shrug It Off"},{"not_picked":["Disarm","Pommel Strike","Cleave"],"picked":"Battle Trance"},{"not_picked":["Havoc","Fire Breathing","Uppercut"],"picked":"Metallicize"}],"player_experience":146069,"potions_floor_usage":[7,13,16,24,31,39,45,50,50,50],"damage_taken":[{"damage":0,"enemies":"Cultist","floor":1,"turns":4},{"damage":2,"enemies":"Jaw Worm","floor":2,"turns":4},{"damage":0,"enemies":"Blue Slaver","floor":6,"turns":4},{"damage":16,"enemies":"Gremlin Nob","floor":7,"turns":4},{"damage":1,"enemies":"Looter","floor":11,"turns":3},{"damage":19,"enemies":"3 Sentries","floor":13,"turns":8},{"damage":10,"enemies":"Exordium Thugs","floor":14,"turns":2},{"damage":21,"enemies":"The Guardian","floor":16,"turns":15},{"damage":6,"enemies":"3 Byrds","floor":18,"turns":6},{"damage":0,"enemies":"Chosen","floor":21,"turns":2},{"damage":23,"enemies":"Slavers","floor":24,"turns":6},{"damage":0,"enemies":"Centurion and Healer","floor":25,"turns":4},{"damage":1,"enemies":"Sentry and Sphere","floor":28,"turns":5},{"damage":24,"enemies":"Book of Stabbing","floor":30,"turns":4},{"damage":12,"enemies":"Snake Plant","floor":31,"turns":4},{"damage":60,"enemies":"Champ","floor":33,"turns":9},{"damage":8,"enemies":"3 Darklings","floor":35,"turns":5},{"damage":0,"enemies":"3 Shapes","floor":37,"turns":5},{"damage":16,"enemies":"Sphere and 2 Shapes","floor":38,"turns":5},{"damage":18,"enemies":"4 Shapes","floor":39,"turns":6},{"damage":0,"enemies":"3 Darklings","floor":40,"turns":5},{"damage":14,"enemies":"Maw","floor":45,"turns":8},{"damage":8,"enemies":"Sphere and 2 Shapes","floor":48,"turns":4},{"damage":34,"enemies":"Time Eater","floor":50,"turns":11}],"event_choices":[{"event_name":"Shining Light","player_choice":"Entered Light","floor":4,"damage_taken":0},{"event_name":"Scrap Ooze","player_choice":"success","floor":10,"damage_taken":3},{"event_name":"Beggar","player_choice":"Gave Gold","floor":19,"damage_taken":0},{"event_name":"Tomb of Lord Red Mask","player_choice":"Paid","floor":41,"damage_taken":0},{"event_name":"Duplicator","player_choice":"One dupe","floor":42,"damage_taken":0},{"event_name":"Winding Halls","player_choice":"Embrace Madness","floor":46,"damage_taken":0}],"boss_relics":[{"not_picked":["Lizard Tail","Pandora\u0027s Box"],"picked":"Ectoplasm"},{"not_picked":["Black Star","Snecko Eye"],"picked":"Question Card"}],"potions_floor_spawned":[2,11,14,21,24,25,37,38,39,48],"seed_played":"8160249602508201578","is_trial":false}