{"path_per_floor":["M","M","?","?","M","R","E","R","T","E","M","R","M","M","R","B",null,"M","$","?","?","?","R","?","R","T","R","E","M","T","M","R","B",null,"M","$","?","?","$","R","M","M","T","M","M","$","R","M","R"],"character_chosen":"IRONCLAD","items_purchased":["Singing Bowl","Happy Flower"],"gold_per_floor":[12,23,23,23,33,33,61,61,88,123,134,134,148,160,160,262,262,274,53,233,233,233,233,233,233,233,233,263,275,299,318,318,414,414,434,180,0,0,0,0,20,31,31,50,65,65,65,84,84],"floor_reached":50,"campfire_rested":2,"playtime":2876,"current_hp_per_floor":[80,80,80,80,80,80,66,66,66,52,57,57,57,57,57,36,80,68,68,44,44,29,69,69,69,69,69,40,40,40,30,70,61,85,70,70,70,70,70,70,67,66,66,74,82,82,82,81,81],"items_purged":["Defend_R","Entrench"],"gold":84,"play_id":"8bb765f4-70cf-4080-9444-07051fc567d6","is_prod":false,"is_daily":false,"campfire_rituals":0,"campfire_upgraded":2,"is_hardmode":false,"path_taken":["M","M","?","?","?","R","E","R","T","E","M","R","M","M","R","BOSS","M","$","?","?","?","R","?","R","T","R","E","M","?","M","R","BOSS","M","$","?","?","?","R","M","M","T","?","M","?","R","M","R","BOSS"],"build_version":"2018-01-11-PROD2","purchased_purges":2,"victory":false,"master_deck":["Defend_R","Defend_R","Inflame","Twin Strike","Twin Strike","Flame Barrier","Double Tap","Blood for Blood","Uppercut","Ghostly Armor","Inflame","Iron Wave","Impervious","Shrug It Off","Disarm"],"max_hp_per_floor":[80,80,80,80,80,80,80,80,80,80,80,80,80,80,80,80,80,80,80,80,80,85,85,85,85,85,85,85,85,85,85,85,85,85,85,85,85,85,85,85,85,87,87,89,91,91,91,93,93],"relics":["Burning Blood","Shovel","Ginger","War Paint","Oddly Smooth Stone","Regal Pillow","Frozen Eye","Astrolabe","Singing Bowl","Letter Opener","Ice Cream","Torii","Sundial","Dream Catcher","Sozu","Happy Flower","Red Mask","Prayer Wheel","Blue Candle","Pen Nib"],"campfire_meditates":0,"card_choices":[{"not_picked":["Fire Breathing","Cleave"],"picked":"Inflame"},{"not_picked":["True Grit","Armaments"],"picked":"Twin Strike"},{"not_picked":["Demon Form","Corruption"],"picked":"Twin Strike"},{"not_picked":["Inflame","Armaments"],"picked":"Flame Barrier"},{"not_picked":["Flex","Anger"],"picked":"Double Tap"},{"not_picked":["Reckless Charge","Immolate"],"picked":"Ghostly Armor"},{"not_picked":["Thunderclap","Sword Boomerang"],"picked":"Inflame"},{"not_picked":["Flex","Headbutt"],"picked":"Iron Wave"},{"not_picked":["Demon Form","Juggernaut"],"picked":"Impervious"},{"not_picked":["Clothesline","Cleave"],"picked":"Armaments"},{"not_picked":["Twin Strike","Armaments"],"picked":"Shrug It Off"},{"not_picked":["Uppercut","Blood for Blood"],"picked":"Disarm"}],"player_experience":327679,"potions_floor_usage":[7,18,33],"damage_taken":[{"damage":5,"enemies":"Cultist","floor":1,"turns":4},{"damage":0,"enemies":"Small Slimes","floor":2,"turns":4},{"damage":1,"enemies":"Jaw Worm","floor":5,"turns":3},{"damage":20,"enemies":"3 Sentries","floor":7,"turns":8},{"damage":20,"enemies":"Lagavulin","floor":10,"turns":6},{"damage":1,"enemies":"Looter","floor":11,"turns":3},{"damage":6,"enemies":"Exordium Thugs","floor":13,"turns":4},{"damage":6,"enemies":"Large Slime","floor":14,"turns":5},{"damage":27,"enemies":"The Guardian","floor":16,"turns":12},{"damage":18,"enemies":"Spheric Guardian","floor":18,"turns":6},{"damage":35,"enemies":"Book of Stabbing","floor":28,"turns":7},{"damage":6,"enemies":"3 Byrds","floor":29,"turns":5},{"damage":16,"enemies":"Snecko","floor":31,"turns":4},{"damage":15,"enemies":"Collector","floor":33,"turns":10},{"damage":21,"enemies":"Orb Walker","floor":35,"turns":4},{"damage":9,"enemies":"3 Shapes","floor":41,"turns":5},{"damage":9,"enemies":"Sphere and 2 Shapes","floor":42,"turns":6},{"damage":0,"enemies":"3 Darklings","floor":44,"turns":9},{"damage":0,"enemies":"Maw","floor":45,"turns":6},{"damage":9,"enemies":"4 Shapes","floor":48,"turns":7},{"damage":81,"enemies":"Donu and Deca","floor":50,"turns":6}],"event_choices":[{"event_name":"The Cleric","player_choice":"Leave","floor":3,"damage_taken":0},{"event_name":"Living Wall","player_choice":"Forget","floor":4,"damage_taken":0},{"event_name":"Knowing Skull","player_choice":"GOLD GOLD ","floor":20,"damage_taken":0},{"event_name":"Back to Basics","player_choice":"Elegance","floor":21,"damage_taken":0},{"event_name":"Forgotten Altar","player_choice":"Shed Blood","floor":22,"damage_taken":0},{"event_name":"Vampires","player_choice":"Ignored","floor":24,"damage_taken":0},{"event_name":"Tomb of Lord Red Mask","player_choice":"Paid","floor":37,"damage_taken":0}],"boss_relics":[{"not_picked":["Question Card","Pandora\u0027s Box"],"picked":"Astrolabe"},{"not_picked":["Runic Cube","Mark of Pain"],"picked":"Sozu"}],"potions_floor_spawned":[1,2,7,14,28,41,44],"seed_played":"450780504814703768","killed_by":"Donu and Deca","is_trial":false}