{"path_per_floor":["M","?","M","$","M","R","E","R","T","E","?","R","?","M","R","B",null,"M","?","?","?","?","R","M","R","T","?","M","$","M","M","R","B",null,"M","?","M","?","M","R","E","R","T","R","M","R","M","$","R","B"],"character_chosen":"IRONCLAD","items_purchased":["Anchor","Thread and Needle"],"gold_per_floor":[114,114,130,55,69,69,102,102,179,207,207,207,307,327,327,458,458,433,348,448,348,348,348,373,373,400,400,419,172,188,203,203,331,331,355,355,371,371,394,394,434,434,434,434,448,448,463,35,35,35],"floor_reached":51,"campfire_rested":2,"playtime":3473,"current_hp_per_floor":[72,72,76,76,80,80,54,54,54,56,36,36,36,42,66,19,80,78,78,78,78,78,78,80,80,80,80,75,75,73,70,70,43,80,79,79,78,78,66,66,57,57,57,57,56,80,80,80,80,55],"items_purged":["Strike_R","Defend_R","Defend_R"],"gold":35,"play_id":"9446f894-b421-4b38-b9e0-78bddf926fdd","is_prod":false,"is_daily":false,"campfire_rituals":0,"campfire_upgraded":7,"is_hardmode":false,"path_taken":["M","?","M","?","M","R","E","R","T","E","?","R","?","?","R","BOSS","M","?","?","?","?","R","M","R","T","?","?","$","?","M","R","BOSS","M","?","M","?","M","R","E","R","T","R","M","R","?","?","R","BOSS"],"build_version":"2018-01-11-PROD2","purchased_purges":3,"victory":true,"master_deck":["Strike_R","Strike_R","Strike_R","Defend_R","Flame Barrier","Battle Trance","Iron Wave","Impervious","Battle Trance","J.A.X.","Warcry","Offering","Pommel Strike","Twin Strike","Double Tap","Rampage","Shrug It Off"],"max_hp_per_floor":[80,80,80,80,80,80,80,80,80,80,80,80,80,80,80,80,80,80,80,80,80,80,80,80,80,80,80,80,80,80,80,80,80,80,80,80,80,80,80,80,80,80,80,80,80,80,80,80,80,80],"relics":["Burning Blood","Red Skull","Letter Opener","Golden Idol","Mark of Pain","Girya","Nloth\u0027s Gift","Lantern","Anchor","Philosopher\u0027s Stone","Kunai","Champion Belt","Thread and Needle"],"campfire_meditates":0,"card_choices":[{"not_picked":["Havoc","Bloodletting"],"picked":"Flame Barrier"},{"not_picked":["Sentinel","Wild Strike"],"picked":"Battle Trance"},{"not_picked":["Armaments","Reaper"],"picked":"Iron Wave"},{"not_picked":["Fiend Fire","Immolate"],"picked":"Impervious"},{"not_picked":["Clothesline","Thunderclap"],"picked":"Battle Trance"},{"not_picked":["Iron Wave","Anger"],"picked":"Warcry"},{"not_picked":["Dual Wield","Whirlwind"],"picked":"Pommel Strike"},{"not_picked":["Whirlwind","Cleave"],"picked":"Twin Strike"},{"not_picked":["Dark Embrace","Demon Form"],"picked":"Double Tap"},{"not_picked":["Second Wind","Perfected Strike"],"picked":"Rampage"},{"not_picked":["Armaments","Flex"],"picked":"Shrug It Off"}],"player_experience":109026,"potions_floor_usage":[10,16,30,33,41,45,50],"damage_taken":[{"damage":14,"enemies":"Jaw Worm","floor":1,"turns":5},{"damage":2,"enemies":"Blue Slaver","floor":3,"turns":7},{"damage":0,"enemies":"Small Slimes","floor":5,"turns":5},{"damage":32,"enemies":"Gremlin Nob","floor":7,"turns":6},{"damage":4,"enemies":"3 Sentries","floor":10,"turns":5},{"damage":0,"enemies":"Exordium Thugs","floor":14,"turns":3},{"damage":53,"enemies":"Slime Boss","floor":16,"turns":18},{"damage":8,"enemies":"2 Thieves","floor":18,"turns":5},{"damage":3,"enemies":"Shell Parasite","floor":24,"turns":5},{"damage":11,"enemies":"3 Cultists","floor":28,"turns":5},{"damage":8,"enemies":"Chosen and Byrds","floor":30,"turns":5},{"damage":9,"enemies":"Sentry and Sphere","floor":31,"turns":7},{"damage":33,"enemies":"Collector","floor":33,"turns":10},{"damage":7,"enemies":"3 Darklings","floor":35,"turns":3},{"damage":7,"enemies":"3 Shapes","floor":37,"turns":3},{"damage":18,"enemies":"Maw","floor":39,"turns":7},{"damage":15,"enemies":"Giant Head","floor":41,"turns":5},{"damage":7,"enemies":"4 Shapes","floor":45,"turns":2},{"damage":4,"enemies":"3 Darklings","floor":47,"turns":3},{"damage":31,"enemies":"Donu and Deca","floor":50,"turns":6}],"event_choices":[{"event_name":"Bonfire Elementals","player_choice":"BASIC","floor":2,"damage_taken":0},{"event_name":"Golden Idol","player_choice":"Take Damage","floor":11,"damage_taken":0},{"event_name":"Golden Shrine","player_choice":"Pray","floor":13,"damage_taken":0},{"event_name":"Addict","player_choice":"Obtained Relic","floor":19,"damage_taken":0},{"event_name":"Golden Shrine","player_choice":"Pray","floor":20,"damage_taken":0},{"event_name":"Drug Dealer","player_choice":"Got JAXXED","floor":21,"damage_taken":0},{"event_name":"N\u0027loth","player_choice":"Traded a Dead Branch","floor":22,"damage_taken":0},{"event_name":"The Library","player_choice":"Read","floor":27,"damage_taken":0},{"event_name":"The Lab","player_choice":"Got Potions","floor":36,"damage_taken":0}],"boss_relics":[{"not_picked":["Black Blood","Cursed Key"],"picked":"Mark of Pain"},{"not_picked":["Velvet Choker","Black Star"],"picked":"Philosopher\u0027s Stone"}],"potions_floor_spawned":[3,7,10,16,28,30,35,39,45],"seed_played":"-8076839389174077376","is_trial":false}