{"path_per_floor":["M","?","M","?","M","R","?","E","T","R","?","M","R","?","R","B",null,"M","$","?","M","$","R","?","R","T","M","M","R","M","M","R","B",null,"M","M","$","?","M","R","M","?","T","M","M","R","M","M","R","B"],"character_chosen":"IRONCLAD","items_purchased":["Molten Egg","Mercury Hourglass"],"gold_per_floor":[113,113,129,129,144,144,201,230,230,230,230,244,244,244,244,368,368,381,306,306,320,220,220,320,320,320,343,359,359,379,395,395,520,520,534,559,47,47,60,60,80,80,80,96,114,114,130,144,144,144],"floor_reached":51,"campfire_rested":2,"playtime":4150,"current_hp_per_floor":[80,80,80,64,66,66,46,32,32,56,49,54,54,34,58,42,80,80,80,80,80,80,80,80,80,80,73,73,73,74,78,78,64,80,78,79,79,79,57,57,77,67,67,67,80,80,80,80,80,76],"items_purged":["Strike_R","Strike_R","Heavy Blade"],"gold":144,"play_id":"11013d3e-e564-400c-9105-fba2c75c0c51","is_prod":false,"is_daily":false,"campfire_rituals":0,"campfire_upgraded":3,"is_hardmode":false,"path_taken":["M","?","?","?","M","R","?","E","T","R","?","M","R","?","R","BOSS","M","?","?","M","$","R","?","R","T","?","M","R","M","M","R","BOSS","M","M","$","?","M","R","?","?","T","M","M","R","M","M","R","BOSS"],"build_version":"2018-01-18-PROD4","purchased_purges":3,"victory":true,"master_deck":["Bash","Twin Strike","True Grit","True Grit","Pommel Strike","Shrug It Off","Impervious","Twin Strike","Feel No Pain","Rampage","Reaper","Wild Strike","Armaments","Flame Barrier","Warcry","Shockwave","Feel No Pain","Madness","Madness","Metallicize"],"max_hp_per_floor":[80,80,80,80,80,80,80,80,80,80,80,80,80,80,80,80,80,80,80,80,80,80,80,80,80,80,80,80,80,80,80,80,80,80,80,80,80,80,80,80,80,80,80,80,80,80,80,80,80,80],"relics":["Burning Blood","Omamori","Charon\u0027s Ashes","Pen Nib","Shovel","Art of War","Golden Idol","Sozu","Anchor","Lantern","Calipers","Magic Flower","Pandora\u0027s Box","Molten Egg","Mercury Hourglass","Gremlin Horn","Girya","The Courier"],"campfire_meditates":0,"card_choices":[{"not_picked":["Corruption","Clash"],"picked":"Twin Strike"},{"not_picked":["Heavy Blade","Cleave"],"picked":"True Grit"},{"not_picked":["Headbutt","Warcry"],"picked":"True Grit"},{"not_picked":["Combust","Anger"],"picked":"Pommel Strike"},{"not_picked":["Juggernaut","Thunderclap"],"picked":"Shrug It Off"},{"not_picked":["Bludgeon","Demon Form"],"picked":"Impervious"},{"not_picked":["Rupture","Havoc"],"picked":"Twin Strike"},{"not_picked":["Flex","Bloodletting"],"picked":"Feel No Pain"},{"not_picked":["Heavy Blade","Thunderclap"],"picked":"Rampage"},{"not_picked":["Limit Break","Brutality"],"picked":"Reaper"},{"not_picked":["Wild Strike","Second Wind"],"picked":"Shockwave"},{"not_picked":["Clash","Sword Boomerang"],"picked":"Feel No Pain"},{"not_picked":["Cleave","Immolate"],"picked":"Metallicize"}],"player_experience":522492,"potions_floor_usage":[7,8,16],"damage_taken":[{"damage":4,"enemies":"2 Louse","floor":1,"turns":4},{"damage":1,"enemies":"Cultist","floor":3,"turns":3},{"damage":4,"enemies":"Blue Slaver","floor":5,"turns":5},{"damage":26,"enemies":"3 Sentries","floor":7,"turns":7},{"damage":20,"enemies":"3 Sentries","floor":8,"turns":6},{"damage":1,"enemies":"Looter","floor":12,"turns":2},{"damage":22,"enemies":"The Guardian","floor":16,"turns":13},{"damage":1,"enemies":"Spheric Guardian","floor":18,"turns":4},{"damage":0,"enemies":"3 Byrds","floor":21,"turns":5},{"damage":13,"enemies":"Snecko","floor":27,"turns":5},{"damage":6,"enemies":"Snake Plant","floor":28,"turns":5},{"damage":8,"enemies":"3 Cultists","floor":30,"turns":6},{"damage":5,"enemies":"Slaver and Parasite","floor":31,"turns":9},{"damage":23,"enemies":"Collector","floor":33,"turns":12},{"damage":11,"enemies":"Orb Walker","floor":35,"turns":4},{"damage":8,"enemies":"3 Darklings","floor":36,"turns":6},{"damage":39,"enemies":"Maw","floor":39,"turns":8},{"damage":12,"enemies":"4 Shapes","floor":41,"turns":4},{"damage":27,"enemies":"3 Darklings","floor":44,"turns":4},{"damage":0,"enemies":"Maw","floor":45,"turns":8},{"damage":0,"enemies":"4 Shapes","floor":47,"turns":4},{"damage":0,"enemies":"3 Darklings","floor":48,"turns":5},{"damage":13,"enemies":"Donu and Deca","floor":50,"turns":14}],"event_choices":[{"event_name":"The Lab","player_choice":"Got Potions","floor":2,"damage_taken":0},{"event_name":"Shining Light","player_choice":"Entered Light","floor":4,"damage_taken":0},{"event_name":"Dead Adventurer","player_choice":"Searched \u00272\u0027 times","floor":7,"damage_taken":0},{"event_name":"Golden Wing","player_choice":"Card Removal","floor":11,"damage_taken":0},{"event_name":"Golden Idol","player_choice":"Take Damage","floor":14,"damage_taken":0},{"event_name":"Drug Dealer","player_choice":"Ignored","floor":20,"damage_taken":0},{"event_name":"Golden Shrine","player_choice":"Pray","floor":24,"damage_taken":0},{"event_name":"Winding Halls","player_choice":"Embrace Madness","floor":42,"damage_taken":0}],"boss_relics":[{"not_picked":["Calling Bell","Mark of Pain"],"picked":"Sozu"},{"not_picked":["Black Star","Snecko Eye"],"picked":"Pandora\u0027s Box"}],"potions_floor_spawned":[1,5,7,28,30,31,33,35,39,41,44,45],"seed_played":"4938603608706461929","is_trial":false}