{"path_per_floor":["M","M","M","?","?","R","E","R","T","M","E","$","M","M","R","B",null,"M","?","M","?","M","R","M","R","T","T","R","?","R","M","R","B",null,"M","?","?","M","M","R","M","$","T","M","M","R","?","M","R","B"],"character_chosen":"IRONCLAD","items_purchased":["Oddly Smooth Stone","Thread and Needle"],"gold_per_floor":[118,136,152,152,152,152,185,185,209,219,250,32,50,66,66,164,164,176,276,286,286,305,305,319,319,319,319,319,244,244,256,256,361,361,373,373,373,383,398,398,416,24,24,38,53,53,0,19,19,19],"floor_reached":51,"campfire_rested":1,"playtime":4019,"current_hp_per_floor":[80,80,80,80,85,85,80,80,87,92,70,70,74,80,80,64,92,82,82,82,73,72,72,76,76,76,76,76,76,76,82,82,82,92,92,92,92,90,88,88,92,92,92,92,92,92,92,92,92,76],"items_purged":["Strike_R","Twin Strike"],"gold":19,"play_id":"e74aa993-7b62-4d09-aafc-54db1b3e0b3f","is_prod":false,"is_daily":false,"campfire_rituals":0,"campfire_upgraded":10,"is_hardmode":false,"path_taken":["M","M","M","?","?","R","E","R","T","M","E","?","?","M","R","BOSS","M","?","M","?","M","R","M","R","T","?","R","?","R","M","R","BOSS","M","?","?","M","M","R","M","$","T","M","M","R","?","M","R","BOSS"],"build_version":"2018-01-18-PROD4","purchased_purges":2,"victory":true,"master_deck":["Defend_R","Defend_R","Defend_R","Metallicize","Whirlwind","Shrug It Off","True Grit","Pommel Strike","Double Tap","Iron Wave","Battle Trance","Barricade","Rupture","Warcry","Clash","Inflame","Uppercut","Spot Weakness"],"max_hp_per_floor":[80,80,80,80,85,85,85,85,92,92,92,92,92,92,92,92,92,92,92,92,92,92,92,92,92,92,92,92,92,92,92,92,92,92,92,92,92,92,92,92,92,92,92,92,92,92,92,92,92,92],"relics":["Burning Blood","Shuriken","Strawberry","Ancient Tea Set","Oddly Smooth Stone","Philosopher\u0027s Stone","Ice Cream","Juzu Bracelet","Astrolabe","Thread and Needle","Bird Faced Urn","Red Mask"],"campfire_meditates":0,"card_choices":[{"not_picked":["Sentinel","Seeing Red"],"picked":"Metallicize"},{"not_picked":["Rupture","Warcry"],"picked":"Twin Strike"},{"not_picked":["Pommel Strike","True Grit"],"picked":"Whirlwind"},{"not_picked":["Warcry","Disarm"],"picked":"Shrug It Off"},{"not_picked":["Twin Strike","Dual Wield"],"picked":"True Grit"},{"not_picked":["Intimidate","Seeing Red"],"picked":"Pommel Strike"},{"not_picked":["Brutality","Fiend Fire"],"picked":"Double Tap"},{"not_picked":["Dual Wield","Armaments"],"picked":"Iron Wave"},{"not_picked":["Pommel Strike","Flex"],"picked":"Battle Trance"},{"not_picked":["Fiend Fire","Demon Form"],"picked":"Barricade"},{"not_picked":["Perfected Strike","Twin Strike"],"picked":"Inflame"},{"not_picked":["Anger","Entrench"],"picked":"Uppercut"},{"not_picked":["Uppercut","Armaments"],"picked":"Spot Weakness"}],"player_experience":437697,"potions_floor_usage":[7,7,11,39,50,50,50],"damage_taken":[{"damage":2,"enemies":"2 Louse","floor":1,"turns":4},{"damage":2,"enemies":"Small Slimes","floor":2,"turns":4},{"damage":3,"enemies":"Jaw Worm","floor":3,"turns":3},{"damage":11,"enemies":"Gremlin Nob","floor":7,"turns":3},{"damage":0,"enemies":"Large Slime","floor":10,"turns":4},{"damage":28,"enemies":"Lagavulin","floor":11,"turns":5},{"damage":2,"enemies":"Exordium Wildlife","floor":13,"turns":4},{"damage":0,"enemies":"Lots of Slimes","floor":14,"turns":1},{"damage":22,"enemies":"Slime Boss","floor":16,"turns":11},{"damage":16,"enemies":"Spheric Guardian","floor":18,"turns":5},{"damage":6,"enemies":"Chosen","floor":20,"turns":5},{"damage":7,"enemies":"Centurion and Healer","floor":22,"turns":4},{"damage":2,"enemies":"Snecko","floor":24,"turns":5},{"damage":0,"enemies":"Chosen and Byrds","floor":31,"turns":2},{"damage":6,"enemies":"Collector","floor":33,"turns":9},{"damage":0,"enemies":"3 Darklings","floor":35,"turns":6},{"damage":8,"enemies":"Orb Walker","floor":38,"turns":4},{"damage":20,"enemies":"4 Shapes","floor":39,"turns":6},{"damage":0,"enemies":"Maw","floor":41,"turns":8},{"damage":8,"enemies":"3 Darklings","floor":44,"turns":4},{"damage":0,"enemies":"4 Shapes","floor":45,"turns":5},{"damage":0,"enemies":"Sphere and 2 Shapes","floor":48,"turns":7},{"damage":22,"enemies":"Awakened One","floor":50,"turns":13}],"event_choices":[{"event_name":"Liars Game","player_choice":"disagreed","floor":4,"damage_taken":0},{"event_name":"Big Fish","player_choice":"Donut","floor":5,"damage_taken":0},{"event_name":"Golden Shrine","player_choice":"Pray","floor":19,"damage_taken":0},{"event_name":"Wheel of Change","player_choice":"Damage","floor":21,"damage_taken":0},{"event_name":"Beggar","player_choice":"Gave Gold","floor":29,"damage_taken":0},{"event_name":"Upgrade Shrine","player_choice":"Upgraded","floor":37,"damage_taken":0},{"event_name":"Tomb of Lord Red Mask","player_choice":"Paid","floor":47,"damage_taken":0}],"boss_relics":[{"not_picked":["Tiny House","Cursed Key"],"picked":"Philosopher\u0027s Stone"},{"not_picked":["Snecko Eye","Black Blood"],"picked":"Astrolabe"}],"potions_floor_spawned":[1,2,3,14,18,24,35,38,44],"seed_played":"-5524500554258823186","is_trial":false}