{"path_per_floor":["M","?","?","M","?","E","M","R","T","M","R","T","M","M","R","B",null,"M","M","?","M","?","R","M","$","T","M","$","E","M","M","R","B",null,"M","?","M","M","?","E","R","E","T","M","M","?","R","M","R","B"],"character_chosen":"IRONCLAD","items_purchased":["Mummified Hand"],"gold_per_floor":[117,117,117,130,130,157,172,172,197,216,216,261,276,294,294,393,393,393,393,318,318,318,318,318,60,60,60,60,60,60,60,60,60,60,60,0,0,0,0,0,0,0,0,0,0,0,0,0,0,0],"floor_reached":51,"campfire_rested":4,"playtime":4154,"current_hp_per_floor":[80,64,57,51,44,25,31,31,31,37,61,61,69,77,77,70,80,76,65,65,55,39,63,61,61,61,69,69,75,78,69,69,56,87,87,87,82,77,77,58,84,58,58,53,55,55,55,59,85,58],"items_purged":[],"gold":0,"play_id":"7adba91c-7f12-4905-92c7-044a4ef8b0c5","is_prod":false,"is_daily":false,"campfire_rituals":0,"campfire_upgraded":4,"is_hardmode":false,"path_taken":["M","?","?","M","?","E","M","R","T","M","R","?","M","M","R","BOSS","M","M","?","M","?","R","M","$","T","M","?","E","M","M","R","BOSS","M","?","?","M","?","E","R","E","T","?","M","?","R","M","R","BOSS"],"build_version":"2018-01-11-PROD2","purchased_purges":0,"victory":true,"master_deck":["Strike_R","Strike_R","Strike_R","Defend_R","Defend_R","Defend_R","Defend_R","Bash","Juggernaut","Shrug It Off","Armaments","Body Slam","Fiend Fire","Shrug It Off","Jack Of All Trades","Metallicize","Metallicize","Fiend Fire","Flame Barrier","Offering","Impervious","Feel No Pain","Flame Barrier"],"max_hp_per_floor":[80,80,80,80,80,80,80,80,80,80,80,80,80,80,80,80,80,80,80,80,80,80,80,80,80,80,80,80,87,87,87,87,87,87,87,87,87,87,87,87,87,87,87,87,87,87,87,87,87,87],"relics":["Burning Blood","Paper Frog","War Paint","Blood Vial","Whetstone","Ectoplasm","Mummified Hand","Meat on the Bone","Strawberry","Sozu","Red Mask","Darkstone Periapt","Dodecahedron","Orichalcum"],"campfire_meditates":0,"card_choices":[{"not_picked":["Clothesline","Armaments"],"picked":"Shrug It Off"},{"not_picked":["Evolve","Warcry"],"picked":"Armaments"},{"not_picked":["Thunderclap","Double Tap"],"picked":"Body Slam"},{"not_picked":["Dark Embrace","Reaper"],"picked":"Fiend Fire"},{"not_picked":["Anger","Body Slam"],"picked":"Shrug It Off"},{"not_picked":["Armaments","Anger"],"picked":"Metallicize"},{"not_picked":["Bloodletting","Clash"],"picked":"Metallicize"},{"not_picked":["Brutality","Demon Form"],"picked":"Fiend Fire"},{"not_picked":["Anger","True Grit"],"picked":"Flame Barrier"},{"not_picked":["Battle Trance","Seeing Red"],"picked":"Impervious"},{"not_picked":["Warcry","Power Through"],"picked":"Feel No Pain"},{"not_picked":["Reckless Charge","Clash"],"picked":"Flame Barrier"}],"player_experience":49981,"potions_floor_usage":[16,27,29,29,29,33],"damage_taken":[{"damage":3,"enemies":"Cultist","floor":1,"turns":5},{"damage":12,"enemies":"Blue Slaver","floor":4,"turns":4},{"damage":25,"enemies":"Gremlin Nob","floor":6,"turns":5},{"damage":0,"enemies":"Small Slimes","floor":7,"turns":5},{"damage":2,"enemies":"Looter","floor":10,"turns":4},{"damage":0,"enemies":"Large Slime","floor":13,"turns":4},{"damage":0,"enemies":"3 Louse","floor":14,"turns":3},{"damage":30,"enemies":"Slime Boss","floor":16,"turns":9},{"damage":10,"enemies":"Chosen","floor":18,"turns":4},{"damage":19,"enemies":"3 Byrds","floor":19,"turns":5},{"damage":18,"enemies":"Centurion and Healer","floor":21,"turns":5},{"damage":10,"enemies":"3 Cultists","floor":24,"turns":5},{"damage":0,"enemies":"Snake Plant","floor":27,"turns":3},{"damage":9,"enemies":"Gremlin Leader","floor":29,"turns":6},{"damage":5,"enemies":"Snecko","floor":30,"turns":4},{"damage":17,"enemies":"Chosen and Byrds","floor":31,"turns":8},{"damage":21,"enemies":"Automaton","floor":33,"turns":11},{"damage":0,"enemies":"Orb Walker","floor":35,"turns":3},{"damage":11,"enemies":"3 Darklings","floor":37,"turns":6},{"damage":13,"enemies":"Maw","floor":38,"turns":10},{"damage":39,"enemies":"Nemesis","floor":40,"turns":10},{"damage":46,"enemies":"2 Orb Walkers","floor":42,"turns":6},{"damage":25,"enemies":"Sphere and 2 Shapes","floor":44,"turns":7},{"damage":6,"enemies":"3 Darklings","floor":45,"turns":5},{"damage":4,"enemies":"Maw","floor":48,"turns":6},{"damage":35,"enemies":"Time Eater","floor":50,"turns":13}],"event_choices":[{"event_name":"Shining Light","player_choice":"Entered Light","floor":2,"damage_taken":0},{"event_name":"Scrap Ooze","player_choice":"success","floor":3,"damage_taken":7},{"event_name":"Golden Wing","player_choice":"Card Removal","floor":5,"damage_taken":0},{"event_name":"Beggar","player_choice":"Gave Gold","floor":20,"damage_taken":0},{"event_name":"Knowing Skull","player_choice":"CARD ","floor":22,"damage_taken":0},{"event_name":"Tomb of Lord Red Mask","player_choice":"Paid","floor":36,"damage_taken":0},{"event_name":"Match and Keep!","player_choice":"1 cards matched","floor":39,"damage_taken":0},{"event_name":"Golden Shrine","player_choice":"Skipped","floor":46,"damage_taken":0}],"boss_relics":[{"not_picked":["Runic Pyramid","Philosopher\u0027s Stone"],"picked":"Ectoplasm"},{"not_picked":["Runic Dome","Runic Cube"],"picked":"Sozu"}],"potions_floor_spawned":[4,6,10,13,24,27,30,33,35,37,45],"seed_played":"-7506648217156207828","is_trial":false}