{"path_per_floor":["M","M","?","M","$","R","M","R","T","R","M","R","M","?","R","B",null,"M","M","?","M","$","R","?","M","T","?","$","R","?","M","R","B",null,"M","?","?","M","?","R","M","R","T","M","M","$","M","?","R","B"],"character_chosen":"IRONCLAD","items_purchased":["Evolve","Vajra","Shrug It Off","Pear"],"gold_per_floor":[112,125,125,139,64,64,75,75,75,75,90,90,102,102,102,203,203,223,239,164,184,84,84,84,99,99,99,63,63,63,80,80,181,181,193,193,493,512,512,512,527,527,551,571,583,41,51,0,0,0],"floor_reached":51,"campfire_rested":2,"playtime":2598,"current_hp_per_floor":[80,80,62,68,68,68,71,71,71,71,75,75,80,80,80,52,80,80,80,80,80,80,80,80,80,80,80,80,80,80,80,80,48,80,80,80,80,80,70,70,54,78,78,77,79,89,70,70,90,61],"items_purged":["Strike_R","Strike_R","Strike_R"],"gold":0,"play_id":"33731beb-10a4-4af2-9632-85ec357deeab","is_prod":false,"is_daily":false,"campfire_rituals":0,"campfire_upgraded":9,"is_hardmode":false,"path_taken":["M","M","?","M","$","R","M","R","T","R","M","R","M","?","R","BOSS","M","?","?","M","$","R","?","M","T","?","$","R","?","M","R","BOSS","M","?","?","M","?","R","M","R","T","M","M","$","M","?","R","BOSS"],"build_version":"2018-01-18-PROD4","purchased_purges":4,"victory":true,"master_deck":["Defend_R","Defend_R","Defend_R","Defend_R","Bash","Inflame","Shrug It Off","Heavy Blade","Double Tap","Cleave","Evolve","Uppercut","Madness","Madness","Pain","Flex","Shrug It Off","Flame Barrier"],"max_hp_per_floor":[80,80,80,80,80,80,80,80,80,80,80,80,80,80,80,80,80,80,80,80,80,80,80,80,80,80,80,80,80,80,80,80,80,80,80,80,80,80,80,80,80,80,80,80,80,90,90,90,90,90],"relics":["Burning Blood","Bag of Preparation","Bird Faced Urn","Philosopher\u0027s Stone","Sundial","Cursed Key","Whetstone","Vajra","Pear","Red Mask"],"campfire_meditates":0,"card_choices":[{"not_picked":["Power Through","Clothesline"],"picked":"Inflame"},{"not_picked":["Twin Strike","Thunderclap"],"picked":"Shrug It Off"},{"not_picked":["Inflame","Second Wind"],"picked":"Heavy Blade"},{"not_picked":["Bloodletting","Pommel Strike"],"picked":"Cleave"},{"not_picked":["Anger","Heavy Blade"],"picked":"Uppercut"},{"not_picked":["Dropkick","Clash"],"picked":"Flex"},{"not_picked":["Infernal Blade","Anger"],"picked":"Flame Barrier"}],"player_experience":420925,"potions_floor_usage":[19,33,33,44,45,50,50,50],"damage_taken":[{"damage":0,"enemies":"Small Slimes","floor":1,"turns":3},{"damage":0,"enemies":"Jaw Worm","floor":2,"turns":4},{"damage":0,"enemies":"2 Louse","floor":4,"turns":4},{"damage":3,"enemies":"Red Slaver","floor":7,"turns":7},{"damage":4,"enemies":"Gremlin Gang","floor":11,"turns":5},{"damage":0,"enemies":"Large Slime","floor":13,"turns":4},{"damage":34,"enemies":"Slime Boss","floor":16,"turns":10},{"damage":0,"enemies":"Chosen","floor":18,"turns":3},{"damage":5,"enemies":"2 Thieves","floor":19,"turns":2},{"damage":5,"enemies":"3 Cultists","floor":21,"turns":4},{"damage":5,"enemies":"Snecko","floor":25,"turns":4},{"damage":0,"enemies":"Centurion and Healer","floor":31,"turns":4},{"damage":50,"enemies":"Collector","floor":33,"turns":6},{"damage":0,"enemies":"3 Darklings","floor":35,"turns":4},{"damage":0,"enemies":"Orb Walker","floor":38,"turns":3},{"damage":26,"enemies":"4 Shapes","floor":41,"turns":6},{"damage":11,"enemies":"Sphere and 2 Shapes","floor":44,"turns":3},{"damage":8,"enemies":"3 Darklings","floor":45,"turns":3},{"damage":29,"enemies":"4 Shapes","floor":47,"turns":3},{"damage":50,"enemies":"Awakened One","floor":50,"turns":11}],"event_choices":[{"event_name":"Scrap Ooze","player_choice":"success","floor":3,"damage_taken":18},{"event_name":"Transmorgrifier","player_choice":"Transform","floor":14,"damage_taken":0},{"event_name":"Beggar","player_choice":"Gave Gold","floor":20,"damage_taken":0},{"event_name":"Vampires","player_choice":"Ignored","floor":24,"damage_taken":0},{"event_name":"Match and Keep!","player_choice":"0 cards matched","floor":27,"damage_taken":0},{"event_name":"Match and Keep!","player_choice":"0 cards matched","floor":27,"damage_taken":0},{"event_name":"The Mausoleum","player_choice":"No","floor":30,"damage_taken":0},{"event_name":"Upgrade Shrine","player_choice":"Upgraded","floor":36,"damage_taken":0},{"event_name":"Wheel of Change","player_choice":"Gold","floor":37,"damage_taken":0},{"event_name":"Winding Halls","player_choice":"Embrace Madness","floor":39,"damage_taken":0},{"event_name":"Tomb of Lord Red Mask","player_choice":"Paid","floor":48,"damage_taken":0}],"boss_relics":[{"not_picked":["Tiny House","Runic Cube"],"picked":"Philosopher\u0027s Stone"},{"not_picked":["White Beast Statue","Question Card"],"picked":"Cursed Key"}],"potions_floor_spawned":[4,7,13,16,31,33,38,44,45,47],"seed_played":"5240729264999790053","is_trial":false}