{"path_per_floor":["M","$","?","M","?","E","R","E","T","M","?","R","E","M","R","B",null,"M","?","?","$","M","R","$","?","T","M","M","M","E","?","R","B",null,"M","M","M","M","$","R","E","R","T","R","M","M","$","?","R","B"],"character_chosen":"IRONCLAD","items_purchased":["Bag of Marbles","Champion Belt","Fire Potion","Juzu Bracelet"],"gold_per_floor":[110,35,35,53,33,59,59,93,93,104,159,159,184,200,200,299,299,318,318,318,65,81,81,81,181,254,264,281,301,336,336,336,434,434,445,458,475,490,365,365,695,695,695,695,706,721,65,119,119,119],"floor_reached":51,"campfire_rested":1,"playtime":3418,"current_hp_per_floor":[80,80,80,80,80,80,80,80,80,80,74,74,80,80,80,45,80,80,80,80,80,80,80,80,80,80,80,80,78,90,75,75,9,95,95,95,95,73,73,73,47,75,96,96,106,108,108,110,110,48],"items_purged":["Defend_R","Injury","Defend_R","Defend_R"],"gold":119,"play_id":"a87dcd68-ff59-40cd-a562-5c8d7ab76781","is_prod":false,"is_daily":false,"campfire_rituals":0,"campfire_upgraded":8,"is_hardmode":false,"path_taken":["M","$","?","M","?","E","R","E","T","M","?","R","E","M","R","BOSS","M","?","?","$","M","R","$","?","T","M","?","M","E","?","R","BOSS","M","?","?","M","$","R","E","R","T","R","M","M","$","?","R","BOSS"],"build_version":"2018-01-11-PROD2","purchased_purges":4,"victory":true,"master_deck":["Strike_R","Strike_R","Strike_R","Strike_R","Defend_R","Bash","Clash","Dropkick","Clash","Dual Wield","Double Tap","Seeing Red","Impervious"],"max_hp_per_floor":[80,80,80,80,80,80,80,80,80,80,80,80,80,80,80,80,80,80,80,80,80,80,80,80,80,80,80,80,80,90,95,95,95,95,95,95,95,95,95,95,95,95,116,116,116,116,116,116,116,116],"relics":["Black Blood","Dream Catcher","Pen Nib","Centennial Puzzle","Charon\u0027s Ashes","Pantograph","Gambling Chip","Black Star","Bag of Marbles","Matryoshka","Pear","Bottled Lightning","Old Coin","Sundial","Strawberry","Mango","Champion Belt","Juzu Bracelet","Du-Vu Doll"],"campfire_meditates":0,"card_choices":[{"not_picked":["Pommel Strike","Warcry"],"picked":"Clash"},{"not_picked":["Reckless Charge","Sword Boomerang"],"picked":"Clash"},{"not_picked":["Dark Embrace","Warcry"],"picked":"Dual Wield"},{"not_picked":["Bludgeon","Reaper"],"picked":"Double Tap"},{"not_picked":["Rampage","Dropkick"],"picked":"Seeing Red"},{"not_picked":["Berserk","Reaper"],"picked":"Impervious"}],"player_experience":34102,"potions_floor_usage":[6,11,16,27,30,30,33,33,41,48,48],"damage_taken":[{"damage":6,"enemies":"Jaw Worm","floor":1,"turns":4},{"damage":1,"enemies":"Cultist","floor":4,"turns":3},{"damage":5,"enemies":"Gremlin Nob","floor":6,"turns":3},{"damage":0,"enemies":"Lagavulin","floor":8,"turns":3},{"damage":0,"enemies":"2 Louse","floor":10,"turns":1},{"damage":12,"enemies":"Gremlin Nob","floor":11,"turns":4},{"damage":0,"enemies":"Gremlin Nob","floor":13,"turns":2},{"damage":0,"enemies":"Large Slime","floor":14,"turns":2},{"damage":41,"enemies":"Slime Boss","floor":16,"turns":9},{"damage":0,"enemies":"Spheric Guardian","floor":18,"turns":1},{"damage":0,"enemies":"Chosen","floor":22,"turns":1},{"damage":0,"enemies":"Slaver and Parasite","floor":27,"turns":1},{"damage":0,"enemies":"Centurion and Healer","floor":28,"turns":1},{"damage":8,"enemies":"Chosen and Byrds","floor":29,"turns":3},{"damage":3,"enemies":"Slavers","floor":30,"turns":2},{"damage":92,"enemies":"Automaton","floor":33,"turns":10},{"damage":0,"enemies":"Orb Walker","floor":35,"turns":2},{"damage":3,"enemies":"3 Darklings","floor":36,"turns":6},{"damage":0,"enemies":"Maw","floor":37,"turns":6},{"damage":32,"enemies":"Sphere and 2 Shapes","floor":38,"turns":3},{"damage":36,"enemies":"2 Orb Walkers","floor":41,"turns":4},{"damage":0,"enemies":"3 Darklings","floor":45,"turns":1},{"damage":8,"enemies":"4 Shapes","floor":46,"turns":1},{"damage":8,"enemies":"Mysterious Sphere","floor":48,"turns":1},{"damage":78,"enemies":"Awakened One","floor":50,"turns":11}],"event_choices":[{"event_name":"Transmorgrifier","player_choice":"Transform","floor":3,"damage_taken":0},{"event_name":"The Woman in Blue","player_choice":"Bought 1 Potion","floor":5,"damage_taken":0},{"event_name":"Dead Adventurer","player_choice":"Searched \u00272\u0027 times","floor":11,"damage_taken":0},{"event_name":"Cursed Tome","player_choice":"Ignored","floor":19,"damage_taken":0},{"event_name":"Accursed Blacksmith","player_choice":"Forge","floor":20,"damage_taken":0},{"event_name":"Golden Shrine","player_choice":"Pray","floor":25,"damage_taken":0},{"event_name":"Forgotten Altar","player_choice":"Shed Blood","floor":31,"damage_taken":0},{"event_name":"Mysterious Sphere","player_choice":"Fight","floor":48,"damage_taken":0}],"boss_relics":[{"not_picked":["Cursed Key","Runic Cube"],"picked":"Black Star"},{"not_picked":["Runic Dome","Velvet Choker"],"picked":"Black Blood"}],"potions_floor_spawned":[10,11,11,13,22,28,29,30,35,36,45],"seed_played":"1946913482034251214","is_trial":false}