{"path_per_floor":["M","M","?","?","$","R","M","R","T","?","$","?","M","M","R","B",null,"M","?","?","$","M","R","E","R","T","R","M","$","M","M","R","B",null,"M","M","M","?","M","R","$","$","T","R"],"character_chosen":"IRONCLAD","items_purchased":["Shrug It Off","True Grit"],"gold_per_floor":[216,228,228,303,176,176,186,186,186,186,63,63,82,94,94,191,191,204,204,204,79,94,94,126,126,178,178,188,38,52,65,65,162,162,175,194,204,204,218,218,43,43,43,43],"floor_reached":45,"campfire_rested":0,"playtime":3102,"current_hp_per_floor":[63,66,59,48,48,48,54,54,54,46,46,46,52,58,58,52,80,73,73,73,73,69,69,64,64,71,71,65,65,67,65,65,36,87,87,87,75,65,68,68,68,68,68,68],"items_purged":["Strike_R","Strike_R","Bash","Dark Embrace","Pain"],"gold":43,"play_id":"2fff1fb3-bdbe-4ae5-98bd-32d20f20ed71","is_prod":false,"is_daily":false,"campfire_rituals":0,"campfire_upgraded":9,"is_hardmode":false,"path_taken":["M","M","?","?","$","R","?","R","T","?","$","?","?","M","R","BOSS","M","?","?","$","?","R","E","R","T","R","M","?","M","M","R","BOSS","M","?","M","?","M","R","?","$","T","R","E"],"build_version":"2018-01-18-PROD4","purchased_purges":5,"victory":false,"master_deck":["Defend_R","Defend_R","Defend_R","Defend_R","Pummel","Whirlwind","Shrug It Off","Battle Trance","True Grit","Pommel Strike","Rampage","Barricade","Ghostly Armor","Shockwave","Inflame","Flame Barrier","Impervious","Ghostly Armor","Shrug It Off","Madness","Madness","Decay"],"max_hp_per_floor":[80,80,80,80,80,80,80,80,80,80,80,80,80,80,80,80,80,80,80,80,80,80,80,80,80,87,87,87,87,87,87,87,87,87,87,87,87,87,87,87,87,87,87,87],"relics":["Burning Blood","Molten Egg","Cursed Key","Self Forming Clay","Strawberry","Sozu","Anchor"],"campfire_meditates":0,"card_choices":[{"not_picked":["Infernal Blade","Clash"],"picked":"Pummel"},{"not_picked":["Rupture","Clothesline"],"picked":"Whirlwind"},{"not_picked":["Heavy Blade","Thunderclap"],"picked":"Battle Trance"},{"not_picked":["Sentinel","Sword Boomerang"],"picked":"Rampage"},{"not_picked":["Dark Embrace","Fiend Fire"],"picked":"Barricade"},{"not_picked":["Thunderclap","Sword Boomerang"],"picked":"Ghostly Armor"},{"not_picked":["Power Through","Sword Boomerang"],"picked":"Shockwave"},{"not_picked":["Anger","Clothesline"],"picked":"Inflame"},{"not_picked":["Headbutt","Perfected Strike"],"picked":"Flame Barrier"},{"not_picked":["Brutality","Immolate"],"picked":"Impervious"},{"not_picked":["Twin Strike","Dropkick"],"picked":"Ghostly Armor"},{"not_picked":["Warcry","Cleave"],"picked":"Shrug It Off"}],"player_experience":441716,"potions_floor_usage":[14,22,33],"damage_taken":[{"damage":23,"enemies":"Blue Slaver","floor":1,"turns":8},{"damage":3,"enemies":"Small Slimes","floor":2,"turns":4},{"damage":0,"enemies":"2 Louse","floor":7,"turns":2},{"damage":0,"enemies":"2 Fungi Beasts","floor":13,"turns":2},{"damage":0,"enemies":"Exordium Thugs","floor":14,"turns":2},{"damage":12,"enemies":"Slime Boss","floor":16,"turns":8},{"damage":13,"enemies":"Spheric Guardian","floor":18,"turns":4},{"damage":10,"enemies":"2 Thieves","floor":22,"turns":3},{"damage":11,"enemies":"Book of Stabbing","floor":24,"turns":7},{"damage":12,"enemies":"Snake Plant","floor":28,"turns":5},{"damage":4,"enemies":"Snecko","floor":30,"turns":6},{"damage":8,"enemies":"Sentry and Sphere","floor":31,"turns":10},{"damage":35,"enemies":"Automaton","floor":33,"turns":9},{"damage":1,"enemies":"Orb Walker","floor":35,"turns":5},{"damage":3,"enemies":"3 Darklings","floor":36,"turns":4},{"damage":18,"enemies":"Maw","floor":37,"turns":8},{"damage":3,"enemies":"Sphere and 2 Shapes","floor":39,"turns":10},{"damage":73,"enemies":"2 Orb Walkers","floor":45,"turns":7}],"event_choices":[{"event_name":"Golden Wing","player_choice":"Card Removal","floor":3,"damage_taken":0},{"event_name":"World of Goop","player_choice":"Gather Gold","floor":4,"damage_taken":0},{"event_name":"Wheel of Change","player_choice":"Damage","floor":10,"damage_taken":0},{"event_name":"Transmorgrifier","player_choice":"Transform","floor":12,"damage_taken":0},{"event_name":"Transmorgrifier","player_choice":"Transform","floor":19,"damage_taken":0},{"event_name":"The Mausoleum","player_choice":"No","floor":20,"damage_taken":0},{"event_name":"Winding Halls","player_choice":"Embrace Madness","floor":38,"damage_taken":0}],"boss_relics":[{"not_picked":["Orrery","Snecko Eye"],"picked":"Cursed Key"},{"not_picked":["Velvet Choker","Philosopher\u0027s Stone"],"picked":"Sozu"}],"potions_floor_spawned":[1,7,13,18,30,33],"seed_played":"-7732808991685935392","killed_by":"2 Orb Walkers","is_trial":false}