{"path_per_floor":["M","?","M","M","$","R","$","?","T","M","M","R","$","M","R","B",null,"M","M","?","?","?","R","M","M","T","R","M","$","E","M","R","B",null,"M","M","T","M","M","R","E","R","T","?","$","M","R","$","R","B"],"character_chosen":"IRONCLAD","items_purchased":["Metallicize","Headbutt","Double Tap"],"gold_per_floor":[117,117,135,149,40,40,40,40,64,81,91,91,65,82,82,181,181,181,181,106,106,106,106,106,106,106,106,106,35,35,35,35,35,35,35,35,35,35,35,35,35,35,35,35,35,35,35,35,35,35],"floor_reached":51,"campfire_rested":0,"playtime":2876,"current_hp_per_floor":[80,64,70,75,75,75,75,68,68,62,65,65,65,69,69,45,80,76,77,77,77,77,77,79,80,80,80,80,80,80,77,77,65,80,70,66,66,64,68,76,75,80,80,61,61,56,64,64,72,46],"items_purged":["Strike_R"],"gold":35,"play_id":"a2da6606-160e-4721-8eea-a702165f9751","is_prod":false,"is_daily":false,"campfire_rituals":0,"campfire_upgraded":10,"is_hardmode":false,"path_taken":["M","?","M","?","$","R","?","?","T","M","M","R","?","M","R","BOSS","M","M","?","?","?","R","?","M","T","R","M","$","E","M","R","BOSS","M","M","?","M","M","R","E","R","T","?","?","M","R","$","R","BOSS"],"build_version":"2018-01-11-PROD2","purchased_purges":1,"victory":true,"master_deck":["Strike_R","Strike_R","Strike_R","Defend_R","Defend_R","Defend_R","Defend_R","Bash","Rampage","Metallicize","Pommel Strike","Metallicize","Headbutt","Offering","Warcry","Pommel Strike","Battle Trance","Double Tap","Rampage","Offering","Metallicize"],"max_hp_per_floor":[80,80,80,80,80,80,80,80,80,80,80,80,80,80,80,80,80,80,80,80,80,80,80,80,80,80,80,80,80,80,80,80,80,80,80,80,80,80,80,80,80,80,80,80,80,80,80,80,80,80],"relics":["Burning Blood","Vajra","Happy Flower","Ectoplasm","Prayer Wheel","Blue Candle","Eternal Feather","Thread and Needle","Blood Vial","Ice Cream"],"campfire_meditates":0,"card_choices":[{"not_picked":["Pommel Strike","Body Slam"],"picked":"Rampage"},{"not_picked":["Thunderclap","Sentinel"],"picked":"Metallicize"},{"not_picked":["Armaments","Fire Breathing"],"picked":"Pommel Strike"},{"not_picked":["Feel No Pain","Rampage"],"picked":"Offering"},{"not_picked":["Sword Boomerang","Flex"],"picked":"Pommel Strike"},{"not_picked":["Reckless Charge","Thunderclap"],"picked":"Battle Trance"},{"not_picked":["Cleave","Body Slam"],"picked":"Rampage"},{"not_picked":["Brutality","Juggernaut"],"picked":"Offering"},{"not_picked":["Evolve","Sword Boomerang"],"picked":"Metallicize"}],"player_experience":142173,"potions_floor_usage":[11,16,39,41,50],"damage_taken":[{"damage":1,"enemies":"Jaw Worm","floor":1,"turns":3},{"damage":0,"enemies":"Small Slimes","floor":3,"turns":3},{"damage":1,"enemies":"Cultist","floor":4,"turns":3},{"damage":12,"enemies":"Lots of Slimes","floor":10,"turns":4},{"damage":3,"enemies":"Exordium Wildlife","floor":11,"turns":4},{"damage":2,"enemies":"Looter","floor":14,"turns":2},{"damage":30,"enemies":"Hexaghost","floor":16,"turns":6},{"damage":10,"enemies":"Shell Parasite","floor":18,"turns":5},{"damage":5,"enemies":"Spheric Guardian","floor":19,"turns":3},{"damage":4,"enemies":"3 Cultists","floor":24,"turns":5},{"damage":5,"enemies":"Sentry and Sphere","floor":25,"turns":4},{"damage":6,"enemies":"Snake Plant","floor":28,"turns":4},{"damage":4,"enemies":"Book of Stabbing","floor":30,"turns":4},{"damage":9,"enemies":"Chosen and Byrds","floor":31,"turns":5},{"damage":18,"enemies":"Collector","floor":33,"turns":8},{"damage":16,"enemies":"3 Darklings","floor":35,"turns":3},{"damage":10,"enemies":"3 Shapes","floor":36,"turns":3},{"damage":8,"enemies":"Sphere and 2 Shapes","floor":38,"turns":3},{"damage":8,"enemies":"3 Darklings","floor":39,"turns":3},{"damage":13,"enemies":"2 Orb Walkers","floor":41,"turns":4},{"damage":25,"enemies":"Mysterious Sphere","floor":44,"turns":5},{"damage":13,"enemies":"4 Shapes","floor":46,"turns":6},{"damage":34,"enemies":"Time Eater","floor":50,"turns":7}],"event_choices":[{"event_name":"Shining Light","player_choice":"Entered Light","floor":2,"damage_taken":0},{"event_name":"Scrap Ooze","player_choice":"success","floor":8,"damage_taken":7},{"event_name":"Beggar","player_choice":"Gave Gold","floor":20,"damage_taken":0},{"event_name":"The Library","player_choice":"Read","floor":21,"damage_taken":0},{"event_name":"Back to Basics","player_choice":"Simplicity","floor":22,"damage_taken":0},{"event_name":"Mysterious Sphere","player_choice":"Fight","floor":44,"damage_taken":0}],"boss_relics":[{"not_picked":["Question Card","Lizard Tail"],"picked":"Ectoplasm"},{"not_picked":["Black Star","Velvet Choker"],"picked":"Eternal Feather"}],"potions_floor_spawned":[1,4,10,11,16,18,30,31,33,38],"seed_played":"-2025512817731597276","is_trial":false}