{"path_per_floor":["M","?","?","$","M","R","M","R","T","?","M","$","R","M","R","B",null,"M","?","M","?","M","R","M","?","T","R","M","$","R","E","R","B",null,"M","?","?","?","?","R","M","$","T","M","?","R","M","M","R","B"],"character_chosen":"IRONCLAD","items_purchased":["Lantern","War Paint"],"gold_per_floor":[112,112,112,37,50,50,65,65,89,89,108,108,108,124,124,247,247,261,261,286,286,304,304,329,329,329,329,354,151,151,184,184,303,303,317,317,317,317,317,317,336,112,112,130,463,463,474,487,487,487],"floor_reached":51,"campfire_rested":0,"playtime":2960,"current_hp_per_floor":[76,69,49,49,55,55,57,57,57,57,57,57,57,63,63,39,80,73,73,62,62,51,51,57,57,57,57,57,57,57,56,56,41,80,75,75,75,65,65,78,81,81,81,66,66,72,78,81,87,47],"items_purged":["Strike_R","Corruption","Defend_R"],"gold":487,"play_id":"57a30b91-70a8-4dad-8af8-b2a74823591e","is_prod":false,"is_daily":false,"campfire_rituals":0,"campfire_upgraded":6,"is_hardmode":false,"path_taken":["M","?","?","?","M","R","M","R","T","?","M","$","R","M","R","BOSS","M","?","M","?","M","R","M","?","T","R","M","$","R","E","R","BOSS","M","?","?","?","?","R","M","$","T","M","?","R","?","M","R","BOSS"],"build_version":"2018-01-18-PROD4","purchased_purges":3,"victory":true,"master_deck":["Defend_R","Defend_R","Shockwave","Inflame","Twin Strike","Body Slam","Whirlwind","Blood for Blood","Iron Wave","Body Slam","Flame Barrier","True Grit","Shrug It Off","Pommel Strike","Impervious","Madness","Madness","Metallicize"],"max_hp_per_floor":[80,80,80,80,80,80,80,80,80,80,80,80,80,80,80,80,80,80,80,80,80,80,80,80,80,80,80,80,80,80,80,80,80,80,80,80,80,80,80,87,87,87,87,87,87,87,87,87,87,87],"relics":["Burning Blood","Ancient Tea Set","Astrolabe","Shovel","The Courier","Lantern","Omamori","Bag of Preparation","Eternal Feather","Strawberry","War Paint","Ice Cream","Whetstone","Oddly Smooth Stone"],"campfire_meditates":0,"card_choices":[{"not_picked":["Blood for Blood","Headbutt"],"picked":"Shockwave"},{"not_picked":["Thunderclap","True Grit"],"picked":"Inflame"},{"not_picked":["Sword Boomerang","Clothesline"],"picked":"Twin Strike"},{"not_picked":["Havoc","Anger"],"picked":"Body Slam"},{"not_picked":["Perfected Strike","Havoc"],"picked":"Iron Wave"},{"not_picked":["Anger","Clash"],"picked":"Body Slam"},{"not_picked":["Wild Strike","Feel No Pain"],"picked":"True Grit"},{"not_picked":["Sword Boomerang","Heavy Blade"],"picked":"Shrug It Off"},{"not_picked":["Clothesline","Hemokinesis"],"picked":"Pommel Strike"},{"not_picked":["Juggernaut","Berserk"],"picked":"Impervious"},{"not_picked":["Armaments","Thunderclap"],"picked":"Metallicize"}],"player_experience":378585,"potions_floor_usage":[14,18,18,24,28,33,50,50,50],"damage_taken":[{"damage":10,"enemies":"Jaw Worm","floor":1,"turns":4},{"damage":0,"enemies":"2 Louse","floor":5,"turns":4},{"damage":4,"enemies":"Small Slimes","floor":7,"turns":4},{"damage":6,"enemies":"2 Fungi Beasts","floor":11,"turns":6},{"damage":0,"enemies":"Exordium Wildlife","floor":14,"turns":2},{"damage":30,"enemies":"Slime Boss","floor":16,"turns":10},{"damage":13,"enemies":"2 Thieves","floor":18,"turns":3},{"damage":17,"enemies":"Shell Parasite","floor":20,"turns":5},{"damage":17,"enemies":"3 Cultists","floor":22,"turns":4},{"damage":0,"enemies":"Snecko","floor":24,"turns":2},{"damage":15,"enemies":"Slaver and Parasite","floor":28,"turns":5},{"damage":7,"enemies":"Slavers","floor":31,"turns":2},{"damage":21,"enemies":"Collector","floor":33,"turns":6},{"damage":11,"enemies":"3 Darklings","floor":35,"turns":4},{"damage":3,"enemies":"Orb Walker","floor":41,"turns":2},{"damage":21,"enemies":"Maw","floor":44,"turns":8},{"damage":0,"enemies":"3 Darklings","floor":47,"turns":1},{"damage":3,"enemies":"Sphere and 2 Shapes","floor":48,"turns":9},{"damage":46,"enemies":"Donu and Deca","floor":50,"turns":9}],"event_choices":[{"event_name":"Golden Wing","player_choice":"Card Removal","floor":2,"damage_taken":0},{"event_name":"Golden Idol","player_choice":"Take Damage","floor":3,"damage_taken":0},{"event_name":"Living Wall","player_choice":"Forget","floor":10,"damage_taken":0},{"event_name":"The Mausoleum","player_choice":"No","floor":19,"damage_taken":0},{"event_name":"The Library","player_choice":"Read","floor":21,"damage_taken":0},{"event_name":"Drug Dealer","player_choice":"Ignored","floor":25,"damage_taken":0},{"event_name":"Mysterious Sphere","player_choice":"Ignore","floor":36,"damage_taken":0},{"event_name":"Tomb of Lord Red Mask","player_choice":"Ignored","floor":37,"damage_taken":0},{"event_name":"Winding Halls","player_choice":"Embrace Madness","floor":38,"damage_taken":0},{"event_name":"The Moai Head","player_choice":"Gave Idol","floor":45,"damage_taken":0}],"boss_relics":[{"not_picked":["Question Card","Pandora\u0027s Box"],"picked":"Astrolabe"},{"not_picked":["Black Star","Tiny House"],"picked":"Eternal Feather"}],"potions_floor_spawned":[1,7,11,16,20,22,24,31,41,44,48],"seed_played":"-7460064313848318010","is_trial":false}