{"path_per_floor":["M","M","$","?","?","E","R","M","T","R","?","$","R","E","R","B",null,"M","?","$","?","M","M","R","M","T","?","R","M","$","E","R","B",null,"M","M","M","M","M","R","?","R","T","R","$","?","$","E","R","B"],"character_chosen":"IRONCLAD","items_purchased":["Cleave","Shrug It Off","Madness","Offering"],"gold_per_floor":[110,122,47,47,47,73,73,83,83,83,183,60,60,92,92,197,197,212,212,35,35,47,64,64,84,110,380,380,394,244,269,269,365,365,375,391,405,423,440,440,440,440,440,440,176,176,26,51,51,51],"floor_reached":51,"campfire_rested":1,"playtime":3041,"current_hp_per_floor":[80,80,80,80,73,45,45,51,51,51,51,51,51,23,62,37,80,74,74,74,74,80,80,80,80,80,48,48,54,54,60,60,66,80,80,80,80,80,80,80,70,70,70,70,70,70,70,74,74,78],"items_purged":["Strike_R","Strike_R","Strike_R","Strike_R","Bash"],"gold":51,"play_id":"64ad1751-6a43-40e1-960d-bf2a5b5c93bd","is_prod":false,"is_daily":false,"campfire_rituals":0,"campfire_upgraded":10,"is_hardmode":false,"path_taken":["M","M","$","?","?","E","R","M","T","R","?","$","R","E","R","BOSS","M","?","$","?","M","M","R","?","T","?","R","?","?","E","R","BOSS","M","M","M","M","M","R","?","R","T","R","$","?","?","E","R","BOSS"],"build_version":"2018-01-11-PROD2","purchased_purges":5,"victory":true,"master_deck":["Defend_R","Defend_R","Defend_R","Defend_R","Uppercut","Battle Trance","Body Slam","Cleave","Barricade","Body Slam","Body Slam","Shrug It Off","Shrug It Off","Warcry","Madness","Madness","Madness","Offering","Shrug It Off"],"max_hp_per_floor":[80,80,80,80,80,80,80,80,80,80,80,80,80,80,80,80,80,80,80,80,80,80,80,80,80,80,80,80,80,80,80,80,80,80,80,80,80,80,80,80,80,80,80,80,80,80,80,80,80,80],"relics":["Burning Blood","Regal Pillow","Bag of Preparation","Ancient Tea Set","Sozu","Lantern","Torii","Question Card","Blood Vial","Calipers"],"campfire_meditates":0,"card_choices":[{"not_picked":["Twin Strike","Pummel"],"picked":"Uppercut"},{"not_picked":["Warcry","Body Slam"],"picked":"Battle Trance"},{"not_picked":["Warcry","Iron Wave"],"picked":"Body Slam"},{"not_picked":["Brutality","Exhume"],"picked":"Barricade"},{"not_picked":["Burning Pact","Sword Boomerang"],"picked":"Body Slam"},{"not_picked":["Fire Breathing","Shockwave","Havoc"],"picked":"Shrug It Off"},{"not_picked":["Flex","Iron Wave","Disarm"],"picked":"Warcry"},{"not_picked":["Infernal Blade","Metallicize","Twin Strike"],"picked":"Shrug It Off"}],"player_experience":167997,"potions_floor_usage":[6,16,16],"damage_taken":[{"damage":3,"enemies":"Small Slimes","floor":1,"turns":3},{"damage":1,"enemies":"2 Louse","floor":2,"turns":3},{"damage":34,"enemies":"Lagavulin","floor":6,"turns":6},{"damage":0,"enemies":"Blue Slaver","floor":8,"turns":5},{"damage":34,"enemies":"3 Sentries","floor":14,"turns":7},{"damage":31,"enemies":"Hexaghost","floor":16,"turns":11},{"damage":12,"enemies":"Chosen","floor":18,"turns":5},{"damage":0,"enemies":"Spheric Guardian","floor":22,"turns":3},{"damage":0,"enemies":"3 Cultists","floor":23,"turns":4},{"damage":0,"enemies":"Snecko","floor":25,"turns":3},{"damage":0,"enemies":"Centurion and Healer","floor":29,"turns":3},{"damage":0,"enemies":"Gremlin Leader","floor":31,"turns":4},{"damage":0,"enemies":"Collector","floor":33,"turns":5},{"damage":0,"enemies":"Orb Walker","floor":35,"turns":1},{"damage":0,"enemies":"3 Darklings","floor":36,"turns":3},{"damage":0,"enemies":"4 Shapes","floor":37,"turns":4},{"damage":1,"enemies":"Sphere and 2 Shapes","floor":38,"turns":4},{"damage":0,"enemies":"3 Darklings","floor":39,"turns":3},{"damage":4,"enemies":"2 Orb Walkers","floor":48,"turns":3},{"damage":4,"enemies":"Donu and Deca","floor":50,"turns":4}],"event_choices":[{"event_name":"Liars Game","player_choice":"disagreed","floor":4,"damage_taken":0},{"event_name":"Golden Wing","player_choice":"Card Removal","floor":5,"damage_taken":0},{"event_name":"Golden Shrine","player_choice":"Pray","floor":11,"damage_taken":0},{"event_name":"Duplicator","player_choice":"One dupe","floor":19,"damage_taken":0},{"event_name":"Addict","player_choice":"Ignored","floor":21,"damage_taken":0},{"event_name":"Knowing Skull","player_choice":"GOLD GOLD GOLD ","floor":27,"damage_taken":0},{"event_name":"Winding Halls","player_choice":"Embrace Madness","floor":41,"damage_taken":0},{"event_name":"The Lab","player_choice":"Got Potions","floor":46,"damage_taken":0}],"boss_relics":[{"not_picked":["Philosopher\u0027s Stone","Lizard Tail"],"picked":"Sozu"},{"not_picked":["Black Star","Black Blood"],"picked":"Question Card"}],"potions_floor_spawned":[1,2,8,22,23,29,31,39,48],"seed_played":"6544646856461986214","is_trial":false}