{"path_per_floor":["M","M","?","?","M","R","M","R","T","R","E","M","M","M","R","B",null,"M","M","M","$","M","R","M","E","T"],"character_chosen":"IRONCLAD","items_purchased":[],"gold_per_floor":[16,29,29,29,46,46,16,16,16,16,44,63,75,89,89,190,190,207,182,195,120,135,135,145,475,475],"floor_reached":27,"campfire_rested":0,"playtime":2913,"current_hp_per_floor":[80,80,85,85,85,85,84,84,84,84,56,62,41,47,47,52,85,78,73,65,65,71,71,41,38,38],"items_purged":["Barricade"],"gold":475,"play_id":"51798b7d-95f1-4d1e-bd08-bd289924ead1","is_prod":false,"is_daily":false,"campfire_rituals":0,"campfire_upgraded":5,"is_hardmode":false,"path_taken":["M","M","?","?","M","R","M","R","T","R","E","M","?","M","R","BOSS","M","M","M","$","?","R","M","E","T","E"],"build_version":"2018-01-11-PROD2","purchased_purges":1,"victory":false,"master_deck":["Strike_R","Strike_R","Strike_R","Strike_R","Strike_R","Defend_R","Defend_R","Defend_R","Defend_R","Bash","Barricade","Shrug It Off","Iron Wave","Body Slam"],"max_hp_per_floor":[80,80,85,85,85,85,85,85,85,85,85,85,85,85,85,85,85,85,85,85,85,85,85,85,85,85],"relics":["Burning Blood","Champion Belt","Bag of Marbles","Runic Dome","Old Coin","Torii"],"campfire_meditates":0,"card_choices":[{"not_picked":["Feed","Double Tap"],"picked":"Barricade"},{"not_picked":["Armaments","Anger"],"picked":"Shrug It Off"},{"not_picked":["Dual Wield","Clash"],"picked":"Iron Wave"},{"not_picked":["Feed","Double Tap"],"picked":"Barricade"},{"not_picked":["Shrug It Off","Hemokinesis"],"picked":"Body Slam"}],"player_experience":47068,"potions_floor_usage":[14,16,20,24,25],"damage_taken":[{"damage":0,"enemies":"Small Slimes","floor":1,"turns":3},{"damage":2,"enemies":"2 Louse","floor":2,"turns":4},{"damage":1,"enemies":"Jaw Worm","floor":5,"turns":8},{"damage":7,"enemies":"Looter","floor":7,"turns":4},{"damage":34,"enemies":"3 Sentries","floor":11,"turns":11},{"damage":0,"enemies":"Large Slime","floor":12,"turns":7},{"damage":27,"enemies":"Exordium Thugs","floor":13,"turns":9},{"damage":0,"enemies":"Gremlin Gang","floor":14,"turns":6},{"damage":1,"enemies":"Slime Boss","floor":16,"turns":33},{"damage":13,"enemies":"Spheric Guardian","floor":18,"turns":14},{"damage":11,"enemies":"2 Thieves","floor":19,"turns":5},{"damage":14,"enemies":"Centurion and Healer","floor":20,"turns":8},{"damage":0,"enemies":"Snecko","floor":22,"turns":6},{"damage":36,"enemies":"Sentry and Sphere","floor":24,"turns":10},{"damage":9,"enemies":"Slavers","floor":25,"turns":8},{"damage":41,"enemies":"Gremlin Leader","floor":27,"turns":11}],"event_choices":[{"event_name":"Big Fish","player_choice":"Donut","floor":3,"damage_taken":0},{"event_name":"The Cleric","player_choice":"Leave","floor":4,"damage_taken":0}],"boss_relics":[{"not_picked":["Black Star","Snecko Eye"],"picked":"Runic Dome"}],"potions_floor_spawned":[11,12,13,16,18,22],"seed_played":"8136933662894486647","killed_by":"Gremlin Leader","is_trial":false}