{"path_per_floor":["M","M","M","?","M","R","?","R","T","R","$","?","E","M","R","B",null,"M","?","?","M","$","R","M","R","T","$","T","M","$","M","R","B",null,"M","?","M","?","$","R","M","R","T","R","M","$","M","M","R","B"],"character_chosen":"IRONCLAD","items_purchased":["War Paint","Dexterity Potion"],"gold_per_floor":[111,128,144,219,233,233,183,183,183,183,108,108,140,156,156,261,261,279,279,279,289,45,45,56,56,108,108,133,145,20,34,34,138,138,154,154,168,168,18,18,37,37,37,37,52,1,16,33,33,33],"floor_reached":51,"campfire_rested":1,"playtime":29459,"current_hp_per_floor":[70,75,78,67,72,72,72,72,72,72,72,72,60,66,66,60,87,90,90,90,81,81,81,87,87,87,87,87,78,78,85,85,34,105,105,105,75,65,65,65,67,67,81,81,83,83,91,97,127,127],"items_purged":["Strike_R","Strike_R","Defend_R","Anger"],"gold":33,"play_id":"f2b6b3aa-507c-463b-aaf4-61707d48e986","is_prod":false,"is_daily":false,"campfire_rituals":0,"campfire_upgraded":10,"is_hardmode":false,"path_taken":["M","M","?","?","M","R","?","R","T","R","$","?","E","M","R","BOSS","M","?","?","?","$","R","M","R","T","?","?","M","$","M","R","BOSS","M","?","M","?","$","R","?","R","T","R","?","?","M","M","R","BOSS"],"build_version":"2018-01-18-PROD4","purchased_purges":4,"victory":true,"master_deck":["Defend_R","Defend_R","Defend_R","Bash","Shrug It Off","Pommel Strike","Pommel Strike","Pommel Strike","Intimidate","Feed","Shrug It Off","Shrug It Off","Double Tap","Madness","Madness","Shrug It Off"],"max_hp_per_floor":[80,80,80,80,80,80,80,80,80,80,80,80,87,87,87,87,87,90,90,90,93,93,93,97,97,97,97,97,101,101,105,105,105,105,105,105,105,105,105,105,105,105,119,119,123,123,127,127,127,127],"relics":["Burning Blood","Ginger","Strawberry","Lizard Tail","War Paint","Bag of Preparation","Lantern","Philosopher\u0027s Stone","Mango"],"campfire_meditates":0,"card_choices":[{"not_picked":["Cleave","Inflame"],"picked":"Shrug It Off"},{"not_picked":["Sword Boomerang","Wild Strike"],"picked":"Pommel Strike"},{"not_picked":["Heavy Blade","Sentinel"],"picked":"Pommel Strike"},{"not_picked":["Clothesline","Dual Wield"],"picked":"Pommel Strike"},{"not_picked":["Infernal Blade","Body Slam"],"picked":"Intimidate"},{"not_picked":["Demon Form","Juggernaut"],"picked":"Feed"},{"not_picked":["Heavy Blade","Dual Wield"],"picked":"Shrug It Off"},{"not_picked":["Spot Weakness","Feel No Pain"],"picked":"Shrug It Off"},{"not_picked":["Reaper","Juggernaut"],"picked":"Double Tap"},{"not_picked":["Headbutt","Warcry"],"picked":"Anger"},{"not_picked":["Entrench","Heavy Blade"],"picked":"Shrug It Off"}],"player_experience":381545,"potions_floor_usage":[13,33,33,33,45,50,50,50],"damage_taken":[{"damage":16,"enemies":"Blue Slaver","floor":1,"turns":7},{"damage":1,"enemies":"Cultist","floor":2,"turns":3},{"damage":3,"enemies":"Small Slimes","floor":3,"turns":4},{"damage":1,"enemies":"3 Louse","floor":5,"turns":5},{"damage":25,"enemies":"Lagavulin","floor":13,"turns":4},{"damage":0,"enemies":"2 Fungi Beasts","floor":14,"turns":4},{"damage":12,"enemies":"Slime Boss","floor":16,"turns":11},{"damage":6,"enemies":"Shell Parasite","floor":18,"turns":13},{"damage":18,"enemies":"3 Byrds","floor":21,"turns":6},{"damage":4,"enemies":"Centurion and Healer","floor":24,"turns":9},{"damage":19,"enemies":"3 Cultists","floor":29,"turns":9},{"damage":3,"enemies":"Slaver and Parasite","floor":31,"turns":24},{"damage":124,"enemies":"Automaton","floor":33,"turns":20},{"damage":0,"enemies":"Orb Walker","floor":35,"turns":3},{"damage":36,"enemies":"3 Darklings","floor":37,"turns":10},{"damage":4,"enemies":"Maw","floor":41,"turns":7},{"damage":8,"enemies":"4 Shapes","floor":45,"turns":5},{"damage":2,"enemies":"Sphere and 2 Shapes","floor":47,"turns":9},{"damage":0,"enemies":"Maw","floor":48,"turns":6},{"damage":1,"enemies":"Awakened One","floor":50,"turns":14}],"event_choices":[{"event_name":"World of Goop","player_choice":"Gather Gold","floor":4,"damage_taken":0},{"event_name":"The Cleric","player_choice":"Card Removal","floor":7,"damage_taken":0},{"event_name":"Living Wall","player_choice":"Forget","floor":12,"damage_taken":0},{"event_name":"The Lab","player_choice":"Got Potions","floor":19,"damage_taken":0},{"event_name":"The Mausoleum","player_choice":"No","floor":20,"damage_taken":0},{"event_name":"Mysterious Sphere","player_choice":"Ignore","floor":36,"damage_taken":0},{"event_name":"Winding Halls","player_choice":"Embrace Madness","floor":38,"damage_taken":0}],"boss_relics":[{"not_picked":["Pandora\u0027s Box","Runic Pyramid"],"picked":"Lizard Tail"},{"not_picked":["Cursed Key","Question Card"],"picked":"Philosopher\u0027s Stone"}],"potions_floor_spawned":[3,5,14,21,29,31,33,41,47,48],"seed_played":"4655479798822643899","is_trial":false}