{"path_per_floor":["M","?","M","M","?","E","M","R","T","E","?","?","M","?","R","B",null,"M","$","?","M","?","R","E","R","T","M","?","M","M","E","R","B",null,"M","M","M","M","?","R","M","?","T","R","M","M","$","?","R"],"character_chosen":"IRONCLAD","items_purchased":["Self Forming Clay","Torii","Regen Potion"],"gold_per_floor":[109,59,77,93,93,134,147,147,147,178,178,178,191,222,222,341,341,365,42,42,67,67,67,108,108,108,121,121,145,164,199,199,325,325,350,363,388,406,406,406,427,427,427,427,446,465,29,29,29],"floor_reached":50,"campfire_rested":3,"playtime":3577,"current_hp_per_floor":[75,75,80,73,53,39,35,59,59,56,53,46,50,51,51,32,80,70,70,70,68,68,68,69,69,69,56,56,57,59,43,67,72,80,78,79,80,55,45,69,70,70,70,70,52,49,49,70,70],"items_purged":["Strike_R","Defend_R"],"gold":29,"play_id":"74b5c894-89ce-44da-bed6-a24690981059","is_prod":false,"is_daily":false,"campfire_rituals":0,"campfire_upgraded":5,"is_hardmode":false,"path_taken":["M","?","M","?","?","E","M","R","T","E","?","?","M","?","R","BOSS","M","$","?","M","?","R","E","R","T","M","?","M","M","E","R","BOSS","M","M","M","M","?","R","M","?","T","R","M","M","$","?","R","BOSS"],"build_version":"2018-01-11-PROD2","purchased_purges":2,"victory":false,"master_deck":["Strike_R","Strike_R","Defend_R","Defend_R","Defend_R","Bash","Demon Form","Twin Strike","Metallicize","Sword Boomerang","Heavy Blade","Offering","Inflame","Heavy Blade","Inflame","Shrug It Off","Shrug It Off","Inflame","Metallicize","Inflame","Madness","Madness","Heavy Blade"],"max_hp_per_floor":[80,80,80,80,80,80,80,80,80,80,80,80,80,80,80,80,80,80,80,80,80,80,80,80,80,80,80,80,80,80,80,80,80,80,80,80,80,80,80,80,80,80,80,80,80,80,80,70,70],"relics":["Burning Blood","Golden Idol","Gremlin Horn","Whetstone","Juzu Bracelet","Mercury Hourglass","Odd Mushroom","Velvet Choker","Self Forming Clay","Centennial Puzzle","Dodecahedron","Pen Nib","White Beast Statue","Bronze Scales","Torii"],"campfire_meditates":0,"card_choices":[{"not_picked":["Blood for Blood","Iron Wave"],"picked":"Twin Strike"},{"not_picked":["Rage","Perfected Strike"],"picked":"Metallicize"},{"not_picked":["Shockwave","Clothesline"],"picked":"Sword Boomerang"},{"not_picked":["Metallicize","Sword Boomerang"],"picked":"Heavy Blade"},{"not_picked":["Brutality","Feed"],"picked":"Offering"},{"not_picked":["Headbutt","Flex"],"picked":"Inflame"},{"not_picked":["Headbutt","Wild Strike"],"picked":"Heavy Blade"},{"not_picked":["Dual Wield","Anger"],"picked":"Shrug It Off"},{"not_picked":["Juggernaut","Sword Boomerang"],"picked":"Shrug It Off"},{"not_picked":["Rampage","Battle Trance"],"picked":"Inflame"},{"not_picked":["Burning Pact","Body Slam"],"picked":"Metallicize"},{"not_picked":["Fire Breathing","Bloodletting"],"picked":"Inflame"},{"not_picked":["Headbutt","Barricade"],"picked":"Heavy Blade"}],"player_experience":60065,"potions_floor_usage":[6,10,10,16,24,31,33,35,37,38,38,46,50,50],"damage_taken":[{"damage":11,"enemies":"Jaw Worm","floor":1,"turns":3},{"damage":1,"enemies":"Cultist","floor":3,"turns":3},{"damage":13,"enemies":"Blue Slaver","floor":4,"turns":5},{"damage":20,"enemies":"Gremlin Nob","floor":6,"turns":4},{"damage":10,"enemies":"Looter","floor":7,"turns":4},{"damage":9,"enemies":"3 Sentries","floor":10,"turns":6},{"damage":2,"enemies":"2 Fungi Beasts","floor":13,"turns":3},{"damage":5,"enemies":"The Mushroom Lair","floor":14,"turns":4},{"damage":25,"enemies":"Hexaghost","floor":16,"turns":7},{"damage":16,"enemies":"2 Thieves","floor":18,"turns":3},{"damage":8,"enemies":"Shell Parasite","floor":21,"turns":5},{"damage":5,"enemies":"Gremlin Leader","floor":24,"turns":4},{"damage":19,"enemies":"Snake Plant","floor":27,"turns":3},{"damage":5,"enemies":"3 Cultists","floor":29,"turns":3},{"damage":4,"enemies":"Snecko","floor":30,"turns":2},{"damage":22,"enemies":"Book of Stabbing","floor":31,"turns":4},{"damage":1,"enemies":"Collector","floor":33,"turns":5},{"damage":8,"enemies":"3 Darklings","floor":35,"turns":3},{"damage":5,"enemies":"3 Shapes","floor":36,"turns":3},{"damage":10,"enemies":"Sphere and 2 Shapes","floor":37,"turns":5},{"damage":31,"enemies":"4 Shapes","floor":38,"turns":4},{"damage":5,"enemies":"Maw","floor":41,"turns":5},{"damage":24,"enemies":"3 Darklings","floor":45,"turns":3},{"damage":9,"enemies":"Sphere and 2 Shapes","floor":46,"turns":3},{"damage":89,"enemies":"Awakened One","floor":50,"turns":5}],"event_choices":[{"event_name":"The Cleric","player_choice":"Card Removal","floor":2,"damage_taken":0},{"event_name":"Golden Idol","player_choice":"Take Damage","floor":5,"damage_taken":0},{"event_name":"Scrap Ooze","player_choice":"success","floor":11,"damage_taken":3},{"event_name":"Golden Wing","player_choice":"Card Removal","floor":12,"damage_taken":0},{"event_name":"Mushrooms","player_choice":"Fought Mushrooms","floor":14,"damage_taken":0},{"event_name":"Cursed Tome","player_choice":"Ignored","floor":20,"damage_taken":0},{"event_name":"The Library","player_choice":"Read","floor":22,"damage_taken":0},{"event_name":"The Lab","player_choice":"Got Potions","floor":28,"damage_taken":0},{"event_name":"Winding Halls","player_choice":"Embrace Madness","floor":39,"damage_taken":0},{"event_name":"Upgrade Shrine","player_choice":"Upgraded","floor":42,"damage_taken":0},{"event_name":"The Moai Head","player_choice":"Heal","floor":48,"damage_taken":0}],"boss_relics":[{"not_picked":["Question Card","Mark of Pain"],"picked":"Velvet Choker"},{"not_picked":["Calling Bell","Black Star"],"picked":"White Beast Statue"}],"potions_floor_spawned":[1,6,7,10,13,18,27,31,35,36,37,38,41,45,46],"seed_played":"-8008501551347232674","killed_by":"Awakened One","is_trial":false}