{"path_per_floor":["M","?","M","M","?","E","R","?","T","R","?","E","R","M","R","B",null,"M","?","$","M","?","$","R","?","T","R","E","?","M","M","R"],"character_chosen":"IRONCLAD","items_purchased":["Matryoshka","Blood Vial"],"gold_per_floor":[14,189,205,217,217,243,243,193,241,241,241,276,276,293,293,393,393,407,407,0,14,14,14,14,14,14,14,41,41,58,72,72],"floor_reached":33,"campfire_rested":5,"playtime":2416,"current_hp_per_floor":[80,80,80,80,68,46,46,46,46,70,54,44,44,37,61,43,80,44,44,44,28,28,28,52,37,37,62,15,15,19,23,48],"items_purged":[],"gold":72,"play_id":"4e3ff561-8674-4acd-8041-0812104efd12","is_prod":false,"is_daily":false,"campfire_rituals":0,"campfire_upgraded":2,"is_hardmode":false,"path_taken":["M","?","M","?","?","E","R","?","T","R","?","E","R","M","R","BOSS","M","?","$","M","?","$","R","?","T","R","E","?","M","M","R","BOSS"],"build_version":"2018-01-11-PROD2","purchased_purges":0,"victory":false,"master_deck":["Strike_R","Strike_R","Strike_R","Defend_R","Defend_R","Defend_R","Bash","Feel No Pain","Doubt","Infernal Blade","Exhume","Sentinel","Seeing Red","Feel No Pain","Offering","Sentinel","Battle Trance","Writhe","Infernal Blade"],"max_hp_per_floor":[80,80,80,80,80,80,80,80,80,80,80,80,80,80,80,80,80,80,80,80,80,80,80,80,85,85,85,85,85,85,85,85],"relics":["Burning Blood","Bag of Marbles","Art of War","Toxic Egg","Sozu","Matryoshka","Blood Vial","Nloth\u0027s Gift","Ancient Tea Set","Whetstone","Vajra","Red Skull"],"campfire_meditates":0,"card_choices":[{"not_picked":["Flex","Shockwave"],"picked":"Feel No Pain"},{"not_picked":["Power Through","Headbutt"],"picked":"Infernal Blade"},{"not_picked":["Dual Wield","Cleave"],"picked":"Exhume"},{"not_picked":["Wild Strike","Flex"],"picked":"Sentinel"},{"not_picked":["Demon Form","Pummel"],"picked":"Seeing Red"},{"not_picked":["Sword Boomerang","Blood for Blood"],"picked":"Feel No Pain"},{"not_picked":["Exhume","Brutality"],"picked":"Offering"},{"not_picked":["Perfected Strike","Shrug It Off"],"picked":"Sentinel"},{"not_picked":["Corruption","Dual Wield"],"picked":"Battle Trance"},{"not_picked":["Headbutt","Cleave"],"picked":"Infernal Blade"}],"player_experience":83981,"potions_floor_usage":[4,12],"damage_taken":[{"damage":0,"enemies":"2 Louse","floor":1,"turns":3},{"damage":6,"enemies":"Small Slimes","floor":3,"turns":7},{"damage":6,"enemies":"Cultist","floor":4,"turns":4},{"damage":28,"enemies":"3 Sentries","floor":6,"turns":10},{"damage":31,"enemies":"Lagavulin","floor":12,"turns":6},{"damage":13,"enemies":"Lots of Slimes","floor":14,"turns":6},{"damage":24,"enemies":"Slime Boss","floor":16,"turns":8},{"damage":42,"enemies":"Spheric Guardian","floor":18,"turns":6},{"damage":24,"enemies":"2 Thieves","floor":21,"turns":4},{"damage":55,"enemies":"Book of Stabbing","floor":28,"turns":7},{"damage":4,"enemies":"Centurion and Healer","floor":30,"turns":4},{"damage":4,"enemies":"Snake Plant","floor":31,"turns":2},{"damage":65,"enemies":"Automaton","floor":33,"turns":6}],"event_choices":[{"event_name":"Liars Game","player_choice":"agreed","floor":2,"damage_taken":0},{"event_name":"Scrap Ooze","player_choice":"success","floor":5,"damage_taken":12},{"event_name":"The Cleric","player_choice":"Card Removal","floor":8,"damage_taken":0},{"event_name":"Shining Light","player_choice":"Entered Light","floor":11,"damage_taken":0},{"event_name":"Back to Basics","player_choice":"Simplicity","floor":19,"damage_taken":0},{"event_name":"N\u0027loth","player_choice":"Traded a Dodecahedron","floor":22,"damage_taken":0},{"event_name":"Forgotten Altar","player_choice":"Shed Blood","floor":25,"damage_taken":0},{"event_name":"The Mausoleum","player_choice":"Yes","floor":29,"damage_taken":0}],"boss_relics":[{"not_picked":["Snecko Eye","Tiny House"],"picked":"Sozu"}],"potions_floor_spawned":[3,6,16,18,21],"seed_played":"-3260186901134201445","killed_by":"Automaton","is_trial":false}