{"path_per_floor":["M","M","?","M","?","R","E","R","T","$","M","M","?","E","R","B",null,"M","M","?","M","?","E","$","R","T","M","M","M","R","M","R","B",null,"M","?","?","M","M","R","?","R","T","M","M","?","M","$","R","B"],"character_chosen":"IRONCLAD","items_purchased":["Oddly Smooth Stone"],"gold_per_floor":[112,123,123,136,136,136,169,169,169,14,32,45,45,73,73,172,172,192,212,137,147,147,179,104,104,131,148,163,180,180,191,191,287,287,306,306,306,322,334,334,334,334,334,344,360,0,19,19,19,19],"floor_reached":51,"campfire_rested":0,"playtime":2933,"current_hp_per_floor":[80,80,64,61,61,61,53,53,53,53,55,57,50,51,51,13,94,84,78,78,78,78,59,59,59,59,66,78,88,88,94,94,31,94,92,82,82,85,74,74,74,74,74,92,94,94,93,93,93,58],"items_purged":["Strike_R"],"gold":19,"play_id":"c5384f77-772e-41b0-8135-092f68090000","is_prod":false,"is_daily":false,"is_ascension_mode":false,"campfire_upgraded":9,"path_taken":["M","M","?","M","?","R","E","R","T","$","M","?","?","E","R","BOSS","M","M","?","M","?","E","$","R","T","M","?","M","R","M","R","BOSS","M","?","?","?","M","R","?","R","T","M","M","?","M","?","R","BOSS"],"build_version":"2018-02-01-PROD3","purchased_purges":1,"victory":true,"master_deck":["Strike_R+1","Defend_R+1","Defend_R+1","Defend_R","Defend_R","Bash+1","Headbutt+1","Offering","Body Slam+1","Reaper","Shrug It Off+1","Fire Breathing+1","Clothesline+1","Flame Barrier+1","Ghostly Armor+1","Whirlwind+1","Offering","Body Slam+1","Madness","Madness","Shrug It Off+1"],"max_hp_per_floor":[80,80,80,80,80,80,80,80,80,80,80,80,80,94,94,94,94,94,94,94,94,94,94,94,94,94,94,94,94,94,94,94,94,94,94,94,94,94,94,94,94,94,94,94,94,94,94,94,94,94],"relics":["Burning Blood","Regal Pillow","Vajra","Bottled Lightning","Oddly Smooth Stone","Mango","White Beast Statue","Ginger","Art of War","Lizard Tail","Matryoshka","Red Mask"],"card_choices":[{"not_picked":["Corruption","Flex"],"picked":"Headbutt"},{"not_picked":["Sentinel","Iron Wave"],"picked":"Offering"},{"not_picked":["Sentinel","Armaments"],"picked":"Body Slam"},{"not_picked":["Immolate","Bludgeon"],"picked":"Reaper"},{"not_picked":["Thunderclap","Inflame"],"picked":"Shrug It Off"},{"not_picked":["Clash","Heavy Blade"],"picked":"Fire Breathing"},{"not_picked":["Thunderclap","Flex"],"picked":"Clothesline"},{"not_picked":["Anger","Pummel"],"picked":"Flame Barrier"},{"not_picked":["Perfected Strike","Impervious"],"picked":"Ghostly Armor"},{"not_picked":["Sword Boomerang","Clothesline"],"picked":"Whirlwind"},{"not_picked":["Fiend Fire","Juggernaut"],"picked":"Offering"},{"not_picked":["Sword Boomerang","Perfected Strike"],"picked":"Body Slam"},{"not_picked":["Body Slam","Cleave"],"picked":"Shrug It Off"}],"player_experience":886033,"potions_floor_usage":[7,16,16,23,28,33,33,44,50,50,50],"damage_taken":[{"damage":5,"enemies":"Small Slimes","floor":1,"turns":4},{"damage":3,"enemies":"Jaw Worm","floor":2,"turns":3},{"damage":9,"enemies":"Blue Slaver","floor":4,"turns":3},{"damage":14,"enemies":"3 Sentries","floor":7,"turns":10},{"damage":4,"enemies":"Looter","floor":11,"turns":2},{"damage":4,"enemies":"2 Fungi Beasts","floor":12,"turns":2},{"damage":19,"enemies":"Lagavulin","floor":14,"turns":5},{"damage":44,"enemies":"The Guardian","floor":16,"turns":8},{"damage":19,"enemies":"3 Byrds","floor":18,"turns":7},{"damage":17,"enemies":"Shell Parasite","floor":19,"turns":5},{"damage":16,"enemies":"Centurion and Healer","floor":21,"turns":7},{"damage":25,"enemies":"Book of Stabbing","floor":23,"turns":7},{"damage":6,"enemies":"Snecko","floor":27,"turns":4},{"damage":4,"enemies":"Cultist and Chosen","floor":28,"turns":5},{"damage":8,"enemies":"Centurion and Healer","floor":29,"turns":6},{"damage":4,"enemies":"Snecko","floor":31,"turns":4},{"damage":73,"enemies":"Automaton","floor":33,"turns":14},{"damage":8,"enemies":"3 Darklings","floor":35,"turns":1},{"damage":8,"enemies":"Orb Walker","floor":38,"turns":1},{"damage":17,"enemies":"4 Shapes","floor":39,"turns":2},{"damage":5,"enemies":"3 Darklings","floor":44,"turns":3},{"damage":8,"enemies":"Maw","floor":45,"turns":6},{"damage":11,"enemies":"Sphere and 2 Shapes","floor":47,"turns":6},{"damage":56,"enemies":"Time Eater","floor":50,"turns":13}],"event_choices":[{"event_name":"Shining Light","player_choice":"Entered Light","floor":3,"damage_taken":0},{"event_name":"Liars Game","player_choice":"disagreed","floor":5,"damage_taken":0},{"event_name":"Golden Wing","player_choice":"Card Removal","floor":13,"damage_taken":0},{"event_name":"Beggar","player_choice":"Gave Gold","floor":20,"damage_taken":0},{"event_name":"The Mausoleum","player_choice":"No","floor":22,"damage_taken":0},{"event_name":"Winding Halls","player_choice":"Embrace Madness","floor":36,"damage_taken":0},{"event_name":"Mysterious Sphere","player_choice":"Ignore","floor":41,"damage_taken":0},{"event_name":"Tomb of Lord Red Mask","player_choice":"Paid","floor":46,"damage_taken":0}],"boss_relics":[{"not_picked":["Runic Dome","Calling Bell"],"picked":"White Beast Statue"},{"not_picked":["Orrery","Question Card"],"picked":"Lizard Tail"}],"potions_floor_spawned":[4,12,14,18,19,21,23,27,28,29,31,33,35,38,39,44,45,47],"seed_played":"-1378167605289234908","ascension_level":0,"is_trial":false}