{"path_per_floor":["M","M","T","$","M","R","M","E","T","R","E","M","M","M","R","B",null,"M","M","?","M","$","R","M","R","T","M","R","M","R","M","R","B",null,"M","?","$","?","M","R","E","R","T","R","?","M","M","M","R","B"],"character_chosen":"IRONCLAD","items_purchased":["Darkstone Periapt","Block Potion"],"gold_per_floor":[112,125,152,77,96,96,106,137,137,137,170,186,206,216,216,314,314,328,346,446,459,107,107,120,120,120,138,138,148,148,161,161,264,264,283,283,107,0,10,10,37,37,37,37,37,48,60,73,73,73],"floor_reached":51,"campfire_rested":1,"playtime":3871,"current_hp_per_floor":[70,74,81,81,87,87,85,51,51,51,25,28,32,46,72,42,76,73,85,85,87,87,87,63,63,69,87,87,93,93,93,93,93,93,93,93,93,93,93,93,76,76,82,82,72,85,97,99,99,99],"items_purged":["Strike_R","Defend_R","Strike_R"],"gold":73,"play_id":"03413be8-884b-4e72-935b-aeb5187eee56","is_prod":false,"is_daily":false,"is_ascension_mode":true,"campfire_upgraded":6,"path_taken":["M","?","?","?","?","R","M","E","T","R","E","?","M","M","R","BOSS","M","M","?","M","?","R","M","R","T","M","R","M","R","M","R","BOSS","M","?","$","?","M","R","E","R","T","R","?","M","M","?","R","BOSS"],"build_version":"2018-01-25-PROD3","purchased_purges":3,"victory":true,"master_deck":["Strike_R","Strike_R","Defend_R+1","Bash+1","Shrug It Off+1","True Grit+1","Inflame+1","Shrug It Off+1","Reaper","Pummel","Shrug It Off+1","Clothesline","Reaper","Iron Wave+1","Seeing Red","Iron Wave+1","Demon Form+1","Madness","Madness","Heavy Blade+1","Warcry+1","Shrug It Off+1"],"max_hp_per_floor":[80,80,87,87,87,87,87,87,87,87,87,87,87,87,87,87,87,87,87,87,87,87,87,87,87,93,93,93,93,93,93,93,93,93,93,93,93,93,93,93,93,93,99,99,99,99,99,99,99,99],"relics":["Burning Blood","Strawberry","Self Forming Clay","Gambling Chip","Molten Egg","Cursed Key","Darkstone Periapt","Peace Pipe","Lizard Tail","Red Mask","Dodecahedron","Vajra"],"card_choices":[{"not_picked":["Sentinel","Iron Wave"],"picked":"Shrug It Off"},{"not_picked":["Twin Strike","Corruption"],"picked":"True Grit"},{"not_picked":["Corruption","True Grit"],"picked":"Inflame"},{"not_picked":["Battle Trance","Clash"],"picked":"Shrug It Off"},{"not_picked":["Armaments","Iron Wave"],"picked":"Reaper"},{"not_picked":["Anger","Combust"],"picked":"Pummel"},{"not_picked":["Pummel","Headbutt"],"picked":"Shrug It Off"},{"not_picked":["Bloodletting","Searing Blow"],"picked":"Clothesline"},{"not_picked":["Exhume","Juggernaut"],"picked":"Reaper"},{"not_picked":["Armaments","Infernal Blade"],"picked":"Iron Wave"},{"not_picked":["Pommel Strike","Armaments"],"picked":"Seeing Red"},{"not_picked":["Pummel","Wild Strike"],"picked":"Iron Wave"},{"not_picked":["Dropkick","Shrug It Off"],"picked":"Demon Form"},{"not_picked":["Shockwave","Armaments"],"picked":"Heavy Blade"},{"not_picked":["Clothesline","Reckless Charge"],"picked":"Warcry"},{"not_picked":["Sentinel","Cleave"],"picked":"Shrug It Off"}],"player_experience":685712,"potions_floor_usage":[7,12,16,21,27,27,31,39,41,50,50],"damage_taken":[{"damage":8,"enemies":"Blue Slaver","floor":1,"turns":7},{"damage":2,"enemies":"Cultist","floor":2,"turns":4},{"damage":0,"enemies":"Small Slimes","floor":5,"turns":4},{"damage":8,"enemies":"Gremlin Gang","floor":7,"turns":7},{"damage":40,"enemies":"Lagavulin","floor":8,"turns":9},{"damage":32,"enemies":"3 Sentries","floor":11,"turns":10},{"damage":3,"enemies":"Looter","floor":12,"turns":3},{"damage":16,"enemies":"Exordium Thugs","floor":13,"turns":8},{"damage":6,"enemies":"2 Fungi Beasts","floor":14,"turns":3},{"damage":63,"enemies":"Slime Boss","floor":16,"turns":15},{"damage":9,"enemies":"Spheric Guardian","floor":18,"turns":7},{"damage":11,"enemies":"Chosen","floor":19,"turns":4},{"damage":10,"enemies":"Snecko","floor":21,"turns":5},{"damage":30,"enemies":"Sentry and Sphere","floor":24,"turns":8},{"damage":14,"enemies":"Chosen and Byrds","floor":27,"turns":8},{"damage":7,"enemies":"Snecko","floor":29,"turns":6},{"damage":5,"enemies":"Sentry and Sphere","floor":31,"turns":5},{"damage":9,"enemies":"Champ","floor":33,"turns":10},{"damage":13,"enemies":"Orb Walker","floor":35,"turns":4},{"damage":30,"enemies":"3 Shapes","floor":39,"turns":6},{"damage":69,"enemies":"2 Orb Walkers","floor":41,"turns":6},{"damage":28,"enemies":"Sphere and 2 Shapes","floor":46,"turns":5},{"damage":44,"enemies":"4 Shapes","floor":47,"turns":7},{"damage":28,"enemies":"3 Darklings","floor":48,"turns":5},{"damage":42,"enemies":"Awakened One","floor":50,"turns":11}],"event_choices":[{"event_name":"Golden Shrine","player_choice":"Pray","floor":20,"damage_taken":0},{"event_name":"Mysterious Sphere","player_choice":"Ignore","floor":36,"damage_taken":0},{"event_name":"Tomb of Lord Red Mask","player_choice":"Paid","floor":38,"damage_taken":0},{"event_name":"Winding Halls","player_choice":"Embrace Madness","floor":45,"damage_taken":0}],"boss_relics":[{"not_picked":["Calling Bell","Runic Cube"],"picked":"Cursed Key"},{"not_picked":["Mark of Pain","Tiny House"],"picked":"Lizard Tail"}],"potions_floor_spawned":[1,5,11,12,16,18,21,24,27,35,47,48],"seed_played":"-3333457841233168245","ascension_level":6,"is_trial":false}