{"path_per_floor":["M","?","?","M","?","R","M","E","T","?","R","M","R","M","R","B",null,"M","?","T","$","?","R","M","M","T","?","M","R","$","M","R","B",null,"M","?","$","M","?","R","M","R","T","$","?","R","?","M","R","B"],"character_chosen":"IRONCLAD","items_purchased":[],"gold_per_floor":[114,64,139,153,153,153,171,201,201,201,201,212,212,230,230,326,326,336,336,336,261,186,186,204,217,267,267,284,284,184,201,201,302,302,317,317,192,206,206,206,224,224,224,74,74,74,74,89,89,89],"floor_reached":51,"campfire_rested":2,"playtime":2692,"current_hp_per_floor":[88,88,77,83,88,88,87,64,64,57,57,57,57,62,62,35,93,93,93,93,93,93,93,79,34,34,34,12,39,39,47,47,29,97,101,101,101,101,91,91,59,59,59,59,59,90,90,103,103,93],"items_purged":["Strike_R","Bash","Strike_R","Feed"],"gold":89,"play_id":"f6a23aaf-2cb5-464d-8717-fbaf6a25e1b2","is_prod":false,"is_daily":false,"is_ascension_mode":true,"campfire_upgraded":9,"path_taken":["M","?","?","M","?","R","M","E","T","?","R","M","R","M","R","BOSS","M","?","?","$","?","R","?","M","T","?","M","R","?","M","R","BOSS","M","?","$","M","?","R","M","R","T","$","?","R","?","M","R","BOSS"],"build_version":"2018-01-25-PROD3","purchased_purges":5,"victory":true,"master_deck":["Defend_R+1","Defend_R+1","Defend_R+1","Defend_R+1","Shockwave+1","Flame Barrier+1","Iron Wave+1","Flame Barrier+1","Body Slam+1","Body Slam+1","Inflame+1","Barricade+1","Madness+1","Madness","Warcry+1","Shrug It Off+1"],"max_hp_per_floor":[88,88,88,88,93,93,93,93,93,93,93,93,93,93,93,93,93,93,93,93,93,93,93,93,93,93,93,93,93,93,97,97,97,97,101,101,101,101,101,101,105,105,105,105,105,105,105,105,105,105],"relics":["Burning Blood","Dream Catcher","Charon\u0027s Ashes","Mark of Pain","Magic Flower","Vajra","Lizard Tail","Bird Faced Urn"],"card_choices":[{"not_picked":["Cleave","Perfected Strike"],"picked":"Shockwave"},{"not_picked":["Iron Wave","Havoc"],"picked":"Flame Barrier"},{"not_picked":["Rupture","Headbutt"],"picked":"Iron Wave"},{"not_picked":["Pommel Strike","Clothesline"],"picked":"Flame Barrier"},{"not_picked":["Berserk","Double Tap"],"picked":"Feed"},{"not_picked":["Iron Wave","Sword Boomerang"],"picked":"Body Slam"},{"not_picked":["Blood for Blood","Clash"],"picked":"Body Slam"},{"not_picked":["Heavy Blade","Rampage"],"picked":"Whirlwind"},{"not_picked":["Feel No Pain","Headbutt"],"picked":"Inflame"},{"not_picked":["Double Tap","Bludgeon"],"picked":"Barricade"},{"not_picked":["Havoc","Clothesline"],"picked":"Warcry"},{"not_picked":["Rupture","Perfected Strike"],"picked":"Shrug It Off"}],"player_experience":583234,"potions_floor_usage":[8,25,33,50,50,50],"damage_taken":[{"damage":6,"enemies":"Cultist","floor":1,"turns":4},{"damage":0,"enemies":"2 Louse","floor":4,"turns":4},{"damage":7,"enemies":"Small Slimes","floor":7,"turns":4},{"damage":29,"enemies":"Lagavulin","floor":8,"turns":10},{"damage":6,"enemies":"2 Fungi Beasts","floor":12,"turns":4},{"damage":1,"enemies":"Exordium Wildlife","floor":14,"turns":4},{"damage":33,"enemies":"The Guardian","floor":16,"turns":17},{"damage":5,"enemies":"3 Byrds","floor":18,"turns":3},{"damage":23,"enemies":"Spheric Guardian","floor":24,"turns":5},{"damage":54,"enemies":"3 Cultists","floor":25,"turns":8},{"damage":31,"enemies":"Snake Plant","floor":28,"turns":5},{"damage":7,"enemies":"Centurion and Healer","floor":31,"turns":6},{"damage":27,"enemies":"Automaton","floor":33,"turns":10},{"damage":0,"enemies":"3 Shapes","floor":35,"turns":7},{"damage":4,"enemies":"Orb Walker","floor":38,"turns":5},{"damage":47,"enemies":"Sphere and 2 Shapes","floor":41,"turns":8},{"damage":2,"enemies":"Maw","floor":48,"turns":5},{"damage":21,"enemies":"Time Eater","floor":50,"turns":9}],"event_choices":[{"event_name":"The Cleric","player_choice":"Card Removal","floor":2,"damage_taken":0},{"event_name":"World of Goop","player_choice":"Gather Gold","floor":3,"damage_taken":0},{"event_name":"Big Fish","player_choice":"Donut","floor":5,"damage_taken":0},{"event_name":"Golden Wing","player_choice":"Card Removal","floor":10,"damage_taken":0},{"event_name":"Drug Dealer","player_choice":"Ignored","floor":19,"damage_taken":0},{"event_name":"Beggar","player_choice":"Gave Gold","floor":22,"damage_taken":0},{"event_name":"Back to Basics","player_choice":"Simplicity","floor":27,"damage_taken":0},{"event_name":"Tomb of Lord Red Mask","player_choice":"Ignored","floor":36,"damage_taken":0},{"event_name":"Winding Halls","player_choice":"Embrace Madness","floor":39,"damage_taken":0},{"event_name":"Mysterious Sphere","player_choice":"Ignore","floor":47,"damage_taken":0}],"boss_relics":[{"not_picked":["Philosopher\u0027s Stone","Eternal Feather"],"picked":"Mark of Pain"},{"not_picked":["Snecko Eye","Pandora\u0027s Box"],"picked":"Lizard Tail"}],"potions_floor_spawned":[1,12,25,31,35,41,48],"seed_played":"3141254575292183364","ascension_level":2,"is_trial":false}