{"path_per_floor":["M","$","?","M","?","R","M","R","T","E","?","?","M","?","R","B",null,"M","?","?","?","$","R","M","R","T","R","$","R","M","M","R","B",null,"M","?","$","?","M","R","?","M","T","M","R","M","R","M","R","B"],"character_chosen":"IRONCLAD","items_purchased":["Matryoshka","True Grit","Shrug It Off","Battle Trance"],"gold_per_floor":[364,18,18,41,41,41,60,60,85,129,158,108,129,129,129,257,257,282,282,282,282,182,182,171,171,171,171,52,52,66,90,90,219,219,238,238,188,188,212,212,545,560,560,570,570,585,585,603,603,603],"floor_reached":51,"campfire_rested":0,"playtime":4760,"current_hp_per_floor":[43,43,43,38,84,84,84,84,84,84,78,78,73,61,61,52,84,87,87,87,87,87,87,87,87,87,87,87,87,74,84,84,69,98,94,94,94,94,89,89,89,99,99,106,106,106,106,106,106,97],"items_purged":["Strike_R","Strike_R","Strike_R","Strike_R"],"gold":603,"play_id":"3fcbb67f-75c1-4738-a441-4f2737e128bb","is_prod":false,"is_daily":false,"is_ascension_mode":false,"campfire_upgraded":12,"path_taken":["M","$","?","M","?","R","M","R","T","E","?","?","M","?","R","BOSS","M","?","?","?","?","R","M","R","T","R","$","R","M","M","R","BOSS","M","?","$","?","M","R","?","M","T","M","R","M","R","M","R","BOSS"],"build_version":"2018-02-01-PROD3","purchased_purges":4,"victory":true,"master_deck":["Defend_R","Defend_R","Defend_R","Defend_R","Bash","True Grit+1","Metallicize+1","Body Slam+1","Metallicize+1","Iron Wave+1","Feed+1","Seeing Red","Rampage+1","Shrug It Off+1","Battle Trance+1","Shrug It Off+1","Barricade+1","Juggernaut+1","Bash","Impervious+1","Entrench+1"],"max_hp_per_floor":[80,80,74,74,84,84,84,84,84,84,84,84,84,84,84,84,84,87,87,87,87,87,87,90,90,90,90,90,90,94,98,98,98,98,98,98,98,98,98,98,98,102,102,106,106,106,106,106,106,106],"relics":["Burning Blood","Matryoshka","Juzu Bracelet","Dream Catcher","Unceasing Top","Odd Mushroom","Smiling Mask","Philosopher\u0027s Stone","Anchor","Pen Nib","Lantern","Mark of Pain","Frozen Eye"],"card_choices":[{"not_picked":["Anger","Shockwave"],"picked":"Offering"},{"not_picked":["Armaments","Twin Strike"],"picked":"Metallicize"},{"not_picked":["Armaments","Havoc"],"picked":"Body Slam"},{"not_picked":["Cleave","Sever Soul"],"picked":"Metallicize"},{"not_picked":["Pommel Strike","Headbutt"],"picked":"Iron Wave"},{"not_picked":["Demon Form","Reaper"],"picked":"Feed"},{"not_picked":["Cleave","Uppercut"],"picked":"Seeing Red"},{"not_picked":["Warcry","Sword Boomerang"],"picked":"Shrug It Off"},{"not_picked":["Reaper","Limit Break"],"picked":"Barricade"},{"not_picked":["Perfected Strike","Whirlwind"],"picked":"Impervious"},{"not_picked":["Shrug It Off","Wild Strike"],"picked":"Entrench"}],"player_experience":892569,"potions_floor_usage":[10,18,35,46,48,50,50,50],"damage_taken":[{"damage":3,"enemies":"Small Slimes","floor":1,"turns":3},{"damage":11,"enemies":"Blue Slaver","floor":4,"turns":4},{"damage":0,"enemies":"2 Louse","floor":7,"turns":3},{"damage":5,"enemies":"3 Sentries","floor":10,"turns":13},{"damage":12,"enemies":"The Mushroom Lair","floor":11,"turns":6},{"damage":11,"enemies":"Exordium Thugs","floor":13,"turns":7},{"damage":15,"enemies":"The Guardian","floor":16,"turns":18},{"damage":4,"enemies":"Shell Parasite","floor":18,"turns":11},{"damage":9,"enemies":"2 Thieves","floor":24,"turns":4},{"damage":23,"enemies":"Snake Plant","floor":30,"turns":5},{"damage":0,"enemies":"Centurion and Healer","floor":31,"turns":6},{"damage":21,"enemies":"Collector","floor":33,"turns":9},{"damage":10,"enemies":"3 Darklings","floor":35,"turns":6},{"damage":11,"enemies":"Orb Walker","floor":39,"turns":3},{"damage":0,"enemies":"Sphere and 2 Shapes","floor":42,"turns":6},{"damage":0,"enemies":"4 Shapes","floor":44,"turns":6},{"damage":1,"enemies":"3 Darklings","floor":46,"turns":7},{"damage":2,"enemies":"Maw","floor":48,"turns":6},{"damage":15,"enemies":"Time Eater","floor":50,"turns":12}],"event_choices":[{"event_name":"Golden Idol","player_choice":"Lose Max HP","floor":3,"damage_taken":0},{"event_name":"Bonfire Elementals","player_choice":"RARE","floor":5,"damage_taken":0},{"event_name":"Mushrooms","player_choice":"Fought Mushrooms","floor":11,"damage_taken":0},{"event_name":"The Cleric","player_choice":"Card Removal","floor":12,"damage_taken":0},{"event_name":"Scrap Ooze","player_choice":"success","floor":14,"damage_taken":12},{"event_name":"The Library","player_choice":"Read","floor":19,"damage_taken":0},{"event_name":"The Mausoleum","player_choice":"No","floor":20,"damage_taken":0},{"event_name":"Wheel of Change","player_choice":"Relic","floor":21,"damage_taken":0},{"event_name":"Match and Keep!","player_choice":"2 cards matched","floor":36,"damage_taken":0},{"event_name":"Upgrade Shrine","player_choice":"Upgraded","floor":38,"damage_taken":0},{"event_name":"The Moai Head","player_choice":"Gave Idol","floor":41,"damage_taken":0}],"boss_relics":[{"not_picked":["White Beast Statue","Lizard Tail"],"picked":"Philosopher\u0027s Stone"},{"not_picked":["Snecko Eye","Astrolabe"],"picked":"Mark of Pain"}],"potions_floor_spawned":[4,10,13,30,31,33,39,46,48],"seed_played":"-3365015297490026035","ascension_level":0,"is_trial":false}