{"path_per_floor":["M","M","M","?","M","R","E","R","T","$","M","M","R","M","R","B",null,"M","$","?","?","?","R","M","R","T","R","$","M","M","E","R","B",null,"M","?","?","?","M","R","M","M","T","R","$","R","$","M","R","B"],"character_chosen":"IRONCLAD","items_purchased":["Shrug It Off","Happy Flower","Shrug It Off","Offering","Purity"],"gold_per_floor":[111,127,139,139,159,159,194,194,244,169,184,204,204,216,216,313,313,325,23,23,23,23,23,42,42,120,120,95,106,119,154,154,249,249,268,268,268,268,281,281,301,315,315,315,190,190,16,33,33,33],"floor_reached":51,"campfire_rested":0,"playtime":2519,"current_hp_per_floor":[80,80,80,80,78,78,59,59,59,59,65,71,71,73,73,36,80,80,80,80,80,80,80,80,80,80,80,80,80,80,80,80,80,80,80,80,80,80,80,80,80,80,80,80,80,80,80,80,80,75],"items_purged":["Strike_R","Strike_R","Strike_R"],"gold":33,"play_id":"125ecdee-4573-437c-95f7-97c45c2d0701","is_prod":false,"is_daily":false,"is_ascension_mode":false,"campfire_upgraded":12,"path_taken":["M","M","M","?","M","R","E","R","T","$","M","M","R","M","R","BOSS","M","$","?","?","?","R","M","R","T","R","$","M","M","E","R","BOSS","M","?","?","?","M","R","M","M","T","R","$","R","$","M","R","BOSS"],"build_version":"2018-02-01-PROD3","purchased_purges":3,"victory":true,"master_deck":["Defend_R+1","Defend_R+1","Defend_R+1","Defend_R","Bash+1","Clothesline+1","True Grit+1","Bludgeon+1","Disarm","Body Slam+1","Shrug It Off+1","Shrug It Off+1","Flame Barrier+1","Battle Trance+1","Barricade+1","Entrench+1","Offering+1","Purity"],"max_hp_per_floor":[80,80,80,80,80,80,80,80,80,80,80,80,80,80,80,80,80,80,80,80,80,80,80,80,80,80,80,80,80,80,80,80,80,80,80,80,80,80,80,80,80,80,80,80,80,80,80,80,80,80],"relics":["Burning Blood","War Paint","Mercury Hourglass","Prayer Wheel","Sozu","Happy Flower","Letter Opener","Oddly Smooth Stone","Mark of Pain","Girya"],"card_choices":[{"not_picked":["True Grit","Sword Boomerang"],"picked":"Clothesline"},{"not_picked":["Cleave","Havoc"],"picked":"True Grit"},{"not_picked":["Rupture","Warcry"],"picked":"Body Slam"},{"not_picked":["Cleave","Dropkick"],"picked":"Flame Barrier"},{"not_picked":["Heavy Blade","Anger"],"picked":"Battle Trance"},{"not_picked":["Immolate","Reaper"],"picked":"Barricade"},{"not_picked":["True Grit","Flex"],"picked":"Entrench"}],"player_experience":880604,"potions_floor_usage":[7,16,16],"damage_taken":[{"damage":0,"enemies":"Cultist","floor":1,"turns":3},{"damage":5,"enemies":"Blue Slaver","floor":2,"turns":5},{"damage":0,"enemies":"2 Louse","floor":3,"turns":3},{"damage":8,"enemies":"Large Slime","floor":5,"turns":8},{"damage":25,"enemies":"Lagavulin","floor":7,"turns":7},{"damage":0,"enemies":"Looter","floor":11,"turns":3},{"damage":0,"enemies":"2 Fungi Beasts","floor":12,"turns":3},{"damage":4,"enemies":"Large Slime","floor":14,"turns":3},{"damage":43,"enemies":"Hexaghost","floor":16,"turns":9},{"damage":3,"enemies":"Shell Parasite","floor":18,"turns":3},{"damage":0,"enemies":"3 Byrds","floor":24,"turns":4},{"damage":0,"enemies":"Snake Plant","floor":29,"turns":3},{"damage":0,"enemies":"3 Cultists","floor":30,"turns":4},{"damage":0,"enemies":"Gremlin Leader","floor":31,"turns":6},{"damage":0,"enemies":"Champ","floor":33,"turns":10},{"damage":0,"enemies":"3 Shapes","floor":35,"turns":5},{"damage":0,"enemies":"3 Darklings","floor":39,"turns":5},{"damage":0,"enemies":"Maw","floor":41,"turns":5},{"damage":0,"enemies":"Sphere and 2 Shapes","floor":42,"turns":5},{"damage":0,"enemies":"4 Shapes","floor":48,"turns":4},{"damage":11,"enemies":"Awakened One","floor":50,"turns":7}],"event_choices":[{"event_name":"Match and Keep!","player_choice":"2 cards matched","floor":4,"damage_taken":0},{"event_name":"Back to Basics","player_choice":"Elegance","floor":20,"damage_taken":0},{"event_name":"Drug Dealer","player_choice":"Ignored","floor":21,"damage_taken":0},{"event_name":"Vampires","player_choice":"Ignored","floor":22,"damage_taken":0},{"event_name":"Tomb of Lord Red Mask","player_choice":"Ignored","floor":37,"damage_taken":0},{"event_name":"Accursed Blacksmith","player_choice":"Forge","floor":38,"damage_taken":0}],"boss_relics":[{"not_picked":["White Beast Statue","Cursed Key"],"picked":"Sozu"},{"not_picked":["Calling Bell","Snecko Eye"],"picked":"Mark of Pain"}],"potions_floor_spawned":[2,3,7,14,16,24,30,33,42],"seed_played":"-7729731591027690295","ascension_level":0,"is_trial":false}