{"path_per_floor":["M","?","M","M","?","R","M","$","T","R","?","?","R","M","R","B",null,"M"],"character_chosen":"IRONCLAD","items_purchased":["Shrug It Off"],"gold_per_floor":[109,109,128,145,95,95,109,10,10,10,74,74,74,93,93,197,197,197],"floor_reached":19,"campfire_rested":0,"playtime":1735,"current_hp_per_floor":[75,75,80,80,80,80,79,79,79,79,73,73,73,77,77,29,80,79],"items_purged":["Strike_R"],"gold":197,"play_id":"8f969d10-6f4c-4e9a-9cdf-1449e507f52c","is_prod":false,"is_daily":false,"is_ascension_mode":false,"campfire_upgraded":4,"path_taken":["M","?","M","M","?","R","M","$","T","R","?","?","R","M","R","BOSS","M","M"],"build_version":"2018-01-25-PROD3","purchased_purges":1,"victory":false,"master_deck":["Strike_R","Strike_R","Strike_R","Strike_R","Defend_R","Defend_R","Defend_R","Defend_R","Bash","Pommel Strike+1","Shrug It Off+1","Evolve+1","Headbutt","Shrug It Off+1","True Grit+1","Deep Breath","Barricade","Iron Wave+1"],"max_hp_per_floor":[80,80,80,80,80,80,80,80,80,80,80,80,80,80,80,80,80,80],"relics":["Burning Blood","Gremlin Horn","Omamori","Ectoplasm"],"card_choices":[{"not_picked":["Flex","Perfected Strike"],"picked":"Pommel Strike"},{"not_picked":["Hemokinesis","Intimidate"],"picked":"Shrug It Off"},{"not_picked":["Twin Strike","Havoc"],"picked":"Evolve"},{"not_picked":["Warcry","Sever Soul"],"picked":"Headbutt"},{"not_picked":["Body Slam","Wild Strike"],"picked":"True Grit"},{"not_picked":["Double Tap","Reaper"],"picked":"Barricade"},{"not_picked":["Wild Strike","Pommel Strike"],"picked":"Iron Wave"}],"player_experience":760346,"potions_floor_usage":[11],"damage_taken":[{"damage":11,"enemies":"Blue Slaver","floor":1,"turns":6},{"damage":1,"enemies":"Jaw Worm","floor":3,"turns":4},{"damage":1,"enemies":"Cultist","floor":4,"turns":3},{"damage":7,"enemies":"Looter","floor":7,"turns":3},{"damage":12,"enemies":"3 Sentries","floor":11,"turns":8},{"damage":2,"enemies":"Exordium Thugs","floor":14,"turns":5},{"damage":54,"enemies":"The Guardian","floor":16,"turns":16},{"damage":7,"enemies":"Shell Parasite","floor":18,"turns":13},{"damage":14,"enemies":"Spheric Guardian","floor":19,"turns":4}],"event_choices":[{"event_name":"Accursed Blacksmith","player_choice":"Forge","floor":2,"damage_taken":0},{"event_name":"The Cleric","player_choice":"Card Removal","floor":5,"damage_taken":0},{"event_name":"Dead Adventurer","player_choice":"Searched \u00272\u0027 times","floor":11,"damage_taken":0},{"event_name":"Match and Keep!","player_choice":"1 cards matched","floor":12,"damage_taken":0}],"boss_relics":[{"not_picked":["Lizard Tail","Question Card"],"picked":"Ectoplasm"}],"potions_floor_spawned":[7,14,16],"seed_played":"-272655831767061856","killed_by":"Spheric Guardian","ascension_level":0,"is_trial":false}