{"path_per_floor":["M","M","M","?","M","R","M","$","T","E","R","M","R","M","R","B",null,"M","?","$","M","M","R","M","E","T","R","?","M","R","E","R","B",null,"M","M","?","M","$","R","?","M","T","R","?","R","T","M","R","B"],"character_chosen":"IRONCLAD","items_purchased":[],"gold_per_floor":[111,125,142,92,111,111,131,56,81,115,115,132,132,142,142,244,244,199,199,99,99,99,99,99,99,99,99,99,99,99,99,99,99,99,99,99,0,0,0,0,0,0,0,0,0,0,0,0,0,0],"floor_reached":51,"campfire_rested":0,"playtime":3062,"current_hp_per_floor":[80,80,80,80,80,80,80,80,80,60,60,61,61,66,66,57,80,76,61,61,68,50,50,55,47,47,47,75,70,70,61,61,32,85,85,83,83,84,84,84,84,85,85,85,85,85,85,85,85,42],"items_purged":["Strike_R","Strike_R"],"gold":0,"play_id":"c3af5bd6-8cb5-4250-bec4-a9d2ba5d6746","is_prod":false,"is_daily":false,"is_ascension_mode":false,"campfire_upgraded":12,"path_taken":["M","M","M","?","M","R","M","$","T","E","R","M","R","M","R","BOSS","M","?","$","M","M","R","M","E","T","R","?","M","R","E","R","BOSS","M","M","?","M","$","R","?","M","T","R","?","R","?","M","R","BOSS"],"build_version":"2018-02-01-PROD3","purchased_purges":2,"victory":true,"master_deck":["Strike_R+1","Strike_R+1","Defend_R+1","Bash+1","Headbutt+1","Spot Weakness+1","Twin Strike+1","Iron Wave+1","Heavy Blade+1","Iron Wave+1","Fiend Fire+1","Metallicize+1","Ghostly Armor+1","Intimidate+1","Shrug It Off+1","Reaper+1","Iron Wave+1","Whirlwind+1","Battle Trance+1","Shrug It Off+1"],"max_hp_per_floor":[80,80,80,80,80,80,80,80,80,80,80,80,80,80,80,80,80,80,85,85,85,85,85,85,85,85,85,85,85,85,85,85,85,85,85,85,85,85,85,85,85,85,85,85,85,85,85,85,85,85],"relics":["Burning Blood","Regal Pillow","Pantograph","Ectoplasm","Tiny Chest","Darkstone Periapt","Whetstone","Astrolabe","Red Mask","Molten Egg 2","Juzu Bracelet"],"card_choices":[{"not_picked":["Hemokinesis","Wild Strike"],"picked":"Headbutt"},{"not_picked":["Warcry","Twin Strike"],"picked":"Spot Weakness"},{"not_picked":["Havoc","Blood for Blood"],"picked":"Twin Strike"},{"not_picked":["Havoc","Clash"],"picked":"Iron Wave"},{"not_picked":["Shockwave","Brutality"],"picked":"Heavy Blade"},{"not_picked":["Flex","Armaments"],"picked":"Iron Wave"},{"not_picked":["Brutality","Bludgeon"],"picked":"Fiend Fire"},{"not_picked":["Anger","Thunderclap"],"picked":"Metallicize"},{"not_picked":["Warcry","Dual Wield"],"picked":"Ghostly Armor"},{"not_picked":["Fiend Fire","Combust"],"picked":"Intimidate"},{"not_picked":["Metallicize","Flex"],"picked":"Shrug It Off"},{"not_picked":["Berserk","Feed"],"picked":"Reaper"},{"not_picked":["Whirlwind","Ghostly Armor"],"picked":"Shrug It Off"}],"player_experience":874036,"potions_floor_usage":[5,18,21,22,25,25,31,50,50,50],"damage_taken":[{"damage":6,"enemies":"Jaw Worm","floor":1,"turns":5},{"damage":1,"enemies":"Cultist","floor":2,"turns":3},{"damage":0,"enemies":"Small Slimes","floor":3,"turns":3},{"damage":5,"enemies":"2 Fungi Beasts","floor":5,"turns":4},{"damage":5,"enemies":"Exordium Wildlife","floor":7,"turns":5},{"damage":26,"enemies":"Lagavulin","floor":10,"turns":7},{"damage":5,"enemies":"Looter","floor":12,"turns":3},{"damage":1,"enemies":"3 Louse","floor":14,"turns":2},{"damage":29,"enemies":"The Guardian","floor":16,"turns":7},{"damage":10,"enemies":"2 Thieves","floor":18,"turns":3},{"damage":5,"enemies":"Spheric Guardian","floor":21,"turns":3},{"damage":24,"enemies":"Snake Plant","floor":22,"turns":3},{"damage":1,"enemies":"Centurion and Healer","floor":24,"turns":5},{"damage":14,"enemies":"Book of Stabbing","floor":25,"turns":5},{"damage":11,"enemies":"Cultist and Chosen","floor":29,"turns":5},{"damage":15,"enemies":"Slavers","floor":31,"turns":8},{"damage":59,"enemies":"Automaton","floor":33,"turns":9},{"damage":0,"enemies":"3 Shapes","floor":35,"turns":6},{"damage":8,"enemies":"Orb Walker","floor":36,"turns":4},{"damage":5,"enemies":"Sphere and 2 Shapes","floor":38,"turns":5},{"damage":3,"enemies":"3 Darklings","floor":42,"turns":4},{"damage":3,"enemies":"4 Shapes","floor":48,"turns":7},{"damage":49,"enemies":"Time Eater","floor":50,"turns":11}],"event_choices":[{"event_name":"The Cleric","player_choice":"Card Removal","floor":4,"damage_taken":0},{"event_name":"Forgotten Altar","player_choice":"Shed Blood","floor":19,"damage_taken":0},{"event_name":"The Library","player_choice":"Heal","floor":28,"damage_taken":0},{"event_name":"Tomb of Lord Red Mask","player_choice":"Paid","floor":37,"damage_taken":0},{"event_name":"Mysterious Sphere","player_choice":"Ignore","floor":41,"damage_taken":0},{"event_name":"The Lab","player_choice":"Got Potions","floor":45,"damage_taken":0}],"boss_relics":[{"not_picked":["Eternal Feather","Snecko Eye"],"picked":"Ectoplasm"},{"not_picked":["Tiny House","Black Blood"],"picked":"Astrolabe"}],"potions_floor_spawned":[1,3,12,14,16,18,21,24,33,35,38,48],"seed_played":"4530543743546319137","ascension_level":0,"is_trial":false}