{"path_per_floor":["M","M","$","?","?","R","T","M","T","R","M","E","R","?","R","B",null,"M","M","?","?","T","E","R","M","T","R","E","?","M","$","R","B",null,"M","$","M","M","M","?","?","?","T","M","?","T","M","M","R","B"],"character_chosen":"IRONCLAD","items_purchased":["Offering","Pantograph"],"gold_per_floor":[117,131,56,131,131,131,184,194,194,194,214,241,241,241,241,340,340,356,367,367,367,367,397,397,415,469,469,504,504,519,347,347,451,451,464,96,108,127,139,139,0,0,0,16,16,97,117,129,129,129],"floor_reached":51,"campfire_rested":0,"playtime":3721,"current_hp_per_floor":[88,88,88,77,88,88,88,88,102,102,102,92,92,92,92,65,102,102,102,71,71,71,71,71,71,71,71,65,65,71,71,71,55,73,75,75,75,77,79,79,79,79,79,79,69,69,81,83,83,77],"items_purged":["Strike_R","Reaper","Defend_R"],"gold":129,"play_id":"2fe794fd-76cf-441a-a3fe-235f660baa7c","is_prod":false,"is_daily":false,"is_ascension_mode":false,"campfire_upgraded":8,"path_taken":["M","M","$","?","?","R","?","M","T","R","M","E","R","?","R","BOSS","M","?","?","?","?","E","R","M","T","R","E","?","?","$","R","BOSS","M","$","M","M","M","?","?","?","T","M","?","?","M","M","R","BOSS"],"build_version":"2018-02-01-PROD3","purchased_purges":3,"victory":true,"master_deck":["Defend_R+1","Defend_R+1","Shrug It Off+1","Battle Trance+1","Headbutt+1","Barricade+1","Whirlwind+1","Shrug It Off+1","Bite+1","Bite+1","Bite+1","Bite+1","Bite+1","Body Slam+1","Warcry+1","Shrug It Off+1","Metallicize+1","Offering+1","Shrug It Off+1","Flame Barrier+1","Madness","Madness"],"max_hp_per_floor":[88,88,88,88,88,88,88,88,102,102,102,102,102,102,102,102,102,102,102,71,71,71,71,71,71,71,71,71,71,71,71,71,73,73,75,75,75,77,79,79,79,79,79,79,79,79,81,83,83,83],"relics":["Burning Blood","Oddly Smooth Stone","Mango","Molten Egg 2","Velvet Choker","Orichalcum","Gremlin Horn","Whetstone","Singing Bowl","Question Card","Pantograph","Red Mask","Frozen Eye","Tiny Chest"],"card_choices":[{"not_picked":["Twin Strike","Reckless Charge"],"picked":"Shrug It Off"},{"not_picked":["Clash","Clothesline"],"picked":"Battle Trance"},{"not_picked":["Iron Wave","Sword Boomerang"],"picked":"Headbutt"},{"not_picked":["Armaments","Sword Boomerang"],"picked":"Reaper"},{"not_picked":["Juggernaut","Reaper"],"picked":"Barricade"},{"not_picked":["Combust","Battle Trance"],"picked":"Whirlwind"},{"not_picked":["Pommel Strike","Flex"],"picked":"Shrug It Off"},{"not_picked":["Headbutt","Inflame"],"picked":"Body Slam"},{"not_picked":["Combust","Cleave"],"picked":"Warcry"},{"not_picked":["Intimidate","Perfected Strike"],"picked":"Shrug It Off"},{"not_picked":["Dark Embrace","Perfected Strike"],"picked":"Metallicize"},{"not_picked":["True Grit","Evolve","Thunderclap"],"picked":"Shrug It Off"},{"not_picked":["Anger","Second Wind","Double Tap"],"picked":"Flame Barrier"}],"player_experience":852598,"potions_floor_usage":[12,23,23,50,50,50],"damage_taken":[{"damage":2,"enemies":"Small Slimes","floor":1,"turns":4},{"damage":0,"enemies":"Cultist","floor":2,"turns":5},{"damage":0,"enemies":"2 Louse","floor":8,"turns":3},{"damage":1,"enemies":"Red Slaver","floor":11,"turns":4},{"damage":16,"enemies":"3 Sentries","floor":12,"turns":7},{"damage":38,"enemies":"The Guardian","floor":16,"turns":15},{"damage":0,"enemies":"Shell Parasite","floor":18,"turns":8},{"damage":0,"enemies":"3 Byrds","floor":19,"turns":4},{"damage":9,"enemies":"Slavers","floor":23,"turns":4},{"damage":0,"enemies":"Snecko","floor":25,"turns":5},{"damage":21,"enemies":"Book of Stabbing","floor":28,"turns":8},{"damage":0,"enemies":"Cultist and Chosen","floor":30,"turns":6},{"damage":24,"enemies":"Collector","floor":33,"turns":7},{"damage":4,"enemies":"3 Shapes","floor":35,"turns":5},{"damage":4,"enemies":"3 Darklings","floor":37,"turns":4},{"damage":4,"enemies":"Maw","floor":38,"turns":7},{"damage":0,"enemies":"Sphere and 2 Shapes","floor":39,"turns":6},{"damage":4,"enemies":"4 Shapes","floor":44,"turns":6},{"damage":4,"enemies":"3 Darklings","floor":47,"turns":5},{"damage":0,"enemies":"Sphere and 2 Shapes","floor":48,"turns":8},{"damage":29,"enemies":"Awakened One","floor":50,"turns":11}],"event_choices":[{"event_name":"World of Goop","player_choice":"Gather Gold","floor":4,"damage_taken":0},{"event_name":"Wheel of Change","player_choice":"Full Heal","floor":5,"damage_taken":0},{"event_name":"Accursed Blacksmith","player_choice":"Forge","floor":14,"damage_taken":0},{"event_name":"Vampires","player_choice":"Became a vampire","floor":20,"damage_taken":0},{"event_name":"Transmorgrifier","player_choice":"Transform","floor":21,"damage_taken":0},{"event_name":"Back to Basics","player_choice":"Elegance","floor":29,"damage_taken":0},{"event_name":"Mysterious Sphere","player_choice":"Ignore","floor":40,"damage_taken":0},{"event_name":"Tomb of Lord Red Mask","player_choice":"Paid","floor":41,"damage_taken":0},{"event_name":"Winding Halls","player_choice":"Embrace Madness","floor":45,"damage_taken":0}],"boss_relics":[{"not_picked":["Pandora\u0027s Box","Orrery"],"picked":"Velvet Choker"},{"not_picked":["Cursed Key","Mark of Pain"],"picked":"Question Card"}],"potions_floor_spawned":[2,11,18,30,33,35,39,44],"seed_played":"-1597737840308905303","ascension_level":0,"is_trial":false}