{"path_per_floor":["M","$","M","?","?","R","M","R","T","M","R","M","$","?","R","B",null,"M","M","?","?","M","E","R","$","T","R","M","M","E","M","R","B",null,"M","?","$","M","M","R","M","R","T","M","T","M","?","M","R","B"],"character_chosen":"IRONCLAD","items_purchased":["Strength Potion"],"gold_per_floor":[117,42,54,129,79,79,91,91,117,129,129,146,46,46,46,147,147,163,182,182,182,193,223,223,49,49,49,65,80,107,117,117,214,214,226,226,76,93,107,107,126,126,126,136,136,154,154,170,170,170],"floor_reached":51,"campfire_rested":0,"playtime":5183,"current_hp_per_floor":[75,75,80,69,69,69,70,70,70,63,63,69,69,69,69,32,80,80,80,80,80,74,78,78,78,78,78,80,80,80,80,80,77,80,80,80,80,80,80,80,80,80,80,80,80,80,70,76,76,80],"items_purged":["Strike_R","Strike_R","Bash","Strike_R"],"gold":170,"play_id":"3ba078cc-90d9-4b68-8575-b8ebeb1f6583","is_prod":false,"is_daily":false,"is_ascension_mode":false,"campfire_upgraded":10,"path_taken":["M","$","?","?","?","R","M","R","T","M","R","M","?","?","R","BOSS","M","M","?","?","?","E","R","$","T","R","M","M","E","M","R","BOSS","M","?","$","?","M","R","M","R","T","M","?","M","?","M","R","BOSS"],"build_version":"2018-02-01-PROD3","purchased_purges":4,"victory":true,"master_deck":["Strike_R+1","Defend_R+1","Defend_R+1","Defend_R+1","Defend_R+1","Cleave+1","Shrug It Off+1","Intimidate+1","Twin Strike+1","Body Slam+1","Shrug It Off+1","Spot Weakness+1","Body Slam+1","Shrug It Off+1","Barricade+1","Ghostly Armor+1","Madness","Madness"],"max_hp_per_floor":[80,80,80,80,80,80,80,80,80,80,80,80,80,80,80,80,80,80,80,80,80,80,80,80,80,80,80,80,80,80,80,80,80,80,80,80,80,80,80,80,80,80,80,80,80,80,80,80,80,80],"relics":["Burning Blood","Ancient Tea Set","Velvet Choker","Dodecahedron","Thread and Needle","Matryoshka","Orrery","Bag of Preparation","Ice Cream","Meat on the Bone","Sundial"],"card_choices":[{"not_picked":["Havoc","Armaments"],"picked":"Cleave"},{"not_picked":["Hemokinesis","Battle Trance"],"picked":"Shrug It Off"},{"not_picked":["Thunderclap","Blood for Blood"],"picked":"Intimidate"},{"not_picked":["Clash","Perfected Strike"],"picked":"Twin Strike"},{"not_picked":["Thunderclap","Feel No Pain"],"picked":"Body Slam"},{"not_picked":["Hemokinesis","Clothesline"],"picked":"Shrug It Off"},{"not_picked":["Armaments","Havoc"],"picked":"Spot Weakness"},{"not_picked":["Uppercut","Pommel Strike"],"picked":"Body Slam"},{"not_picked":["Pummel","Body Slam"],"picked":"Shrug It Off"},{"not_picked":["Offering","Berserk"],"picked":"Barricade"},{"not_picked":["Iron Wave","Battle Trance"],"picked":"Ghostly Armor"}],"player_experience":865857,"potions_floor_usage":[22,23,23,23,30,30,50],"damage_taken":[{"damage":11,"enemies":"Blue Slaver","floor":1,"turns":6},{"damage":0,"enemies":"Cultist","floor":3,"turns":3},{"damage":5,"enemies":"2 Louse","floor":7,"turns":2},{"damage":13,"enemies":"Large Slime","floor":10,"turns":6},{"damage":0,"enemies":"2 Fungi Beasts","floor":12,"turns":2},{"damage":43,"enemies":"The Guardian","floor":16,"turns":13},{"damage":2,"enemies":"3 Byrds","floor":18,"turns":6},{"damage":3,"enemies":"2 Thieves","floor":19,"turns":4},{"damage":12,"enemies":"Cultist and Chosen","floor":22,"turns":5},{"damage":2,"enemies":"Book of Stabbing","floor":23,"turns":4},{"damage":0,"enemies":"Slaver and Parasite","floor":28,"turns":4},{"damage":1,"enemies":"Snecko","floor":29,"turns":5},{"damage":0,"enemies":"Slavers","floor":30,"turns":4},{"damage":2,"enemies":"Centurion and Healer","floor":31,"turns":6},{"damage":9,"enemies":"Collector","floor":33,"turns":13},{"damage":0,"enemies":"3 Darklings","floor":35,"turns":4},{"damage":0,"enemies":"3 Shapes","floor":38,"turns":4},{"damage":0,"enemies":"Maw","floor":39,"turns":6},{"damage":0,"enemies":"3 Darklings","floor":41,"turns":4},{"damage":0,"enemies":"Sphere and 2 Shapes","floor":44,"turns":4},{"damage":0,"enemies":"4 Shapes","floor":46,"turns":4},{"damage":0,"enemies":"3 Darklings","floor":48,"turns":7},{"damage":0,"enemies":"Awakened One","floor":50,"turns":9}],"event_choices":[{"event_name":"World of Goop","player_choice":"Gather Gold","floor":4,"damage_taken":0},{"event_name":"The Cleric","player_choice":"Card Removal","floor":5,"damage_taken":0},{"event_name":"Liars Game","player_choice":"disagreed","floor":14,"damage_taken":0},{"event_name":"Vampires","player_choice":"Ignored","floor":20,"damage_taken":0},{"event_name":"Back to Basics","player_choice":"Simplicity","floor":21,"damage_taken":0},{"event_name":"Mysterious Sphere","player_choice":"Ignore","floor":36,"damage_taken":0},{"event_name":"Winding Halls","player_choice":"Embrace Madness","floor":47,"damage_taken":0}],"boss_relics":[{"not_picked":["Calling Bell","Question Card"],"picked":"Velvet Choker"},{"not_picked":["Pandora\u0027s Box","Runic Cube"],"picked":"Orrery"}],"potions_floor_spawned":[1,16,19,22,23,29,30,35,41],"seed_played":"8735095859726832699","ascension_level":0,"is_trial":false}