{"path_per_floor":["M","?","M","$","M","E","R","M","T","R","$","R","?","M","R","B",null,"M","?","M","?","T","R","E","?","T","$","M","R","M","E","R","B",null,"M","?","?","$","M","R","M","R","T","M","$","M","R","M","R","B"],"character_chosen":"IRONCLAD","items_purchased":["Rampage"],"gold_per_floor":[365,365,384,309,325,353,353,372,372,372,192,192,192,204,204,302,302,302,302,302,302,302,302,302,302,302,177,177,177,177,177,177,177,177,177,177,177,27,27,27,27,27,27,27,27,27,27,27,27,27],"floor_reached":51,"campfire_rested":0,"playtime":2996,"current_hp_per_floor":[64,64,69,69,72,58,58,61,61,61,61,61,61,67,67,65,74,75,75,78,62,62,62,71,71,71,71,77,77,84,84,84,63,86,88,88,88,88,90,90,92,92,92,94,94,96,96,98,98,98],"items_purged":["Strike_R","Strike_R","Strike_R","Strike_R"],"gold":27,"play_id":"6bf914eb-1894-4d9f-bcdb-b0d3008d0d10","is_prod":false,"is_daily":false,"is_ascension_mode":false,"campfire_upgraded":11,"path_taken":["M","?","M","$","M","E","R","M","T","R","$","R","?","M","R","BOSS","M","?","?","?","?","R","E","?","T","$","M","R","M","E","R","BOSS","M","?","?","?","M","R","M","R","T","?","$","M","R","M","R","BOSS"],"build_version":"2018-02-01-PROD3","purchased_purges":4,"victory":true,"master_deck":["Defend_R+1","Defend_R+1","Defend_R+1","Defend_R","Bash+1","Battle Trance+1","Body Slam+1","Metallicize+1","Pommel Strike+1","Rampage+1","Shrug It Off+1","Fiend Fire+1","Shrug It Off+1","Shrug It Off+1","Metallicize+1"],"max_hp_per_floor":[72,72,72,72,72,74,74,74,74,74,74,74,74,74,74,74,74,76,76,78,78,78,78,82,82,82,82,82,82,84,84,84,86,86,88,88,88,88,90,90,92,92,92,94,94,96,96,98,98,98],"relics":["Burning Blood","Singing Bowl","War Paint","Ectoplasm","Nilry\u0027s Codex","Centennial Puzzle","Shuriken","Bag of Preparation","Lantern","Mark of Pain","Self Forming Clay"],"card_choices":[{"not_picked":["Dual Wield","Iron Wave"],"picked":"Battle Trance"},{"not_picked":["Cleave","Limit Break"],"picked":"Body Slam"},{"not_picked":["Iron Wave","Heavy Blade"],"picked":"Metallicize"},{"not_picked":["Searing Blow","Hemokinesis"],"picked":"Pommel Strike"},{"not_picked":["Perfected Strike","Clash"],"picked":"Shrug It Off"},{"not_picked":["Brutality","Limit Break"],"picked":"Fiend Fire"},{"not_picked":["Rampage","Sword Boomerang"],"picked":"Shrug It Off"},{"not_picked":["Wild Strike","Perfected Strike"],"picked":"Metallicize"}],"player_experience":871040,"potions_floor_usage":[31,50,50,50],"damage_taken":[{"damage":14,"enemies":"Blue Slaver","floor":1,"turns":4},{"damage":1,"enemies":"Cultist","floor":3,"turns":3},{"damage":0,"enemies":"Small Slimes","floor":5,"turns":3},{"damage":22,"enemies":"Gremlin Nob","floor":6,"turns":5},{"damage":3,"enemies":"Exordium Wildlife","floor":8,"turns":5},{"damage":0,"enemies":"Red Slaver","floor":14,"turns":3},{"damage":8,"enemies":"The Guardian","floor":16,"turns":8},{"damage":7,"enemies":"Spheric Guardian","floor":18,"turns":3},{"damage":4,"enemies":"Chosen","floor":20,"turns":3},{"damage":1,"enemies":"Book of Stabbing","floor":24,"turns":5},{"damage":0,"enemies":"Snake Plant","floor":28,"turns":2},{"damage":0,"enemies":"Cultist and Chosen","floor":30,"turns":5},{"damage":5,"enemies":"Slavers","floor":31,"turns":5},{"damage":29,"enemies":"Collector","floor":33,"turns":8},{"damage":0,"enemies":"3 Shapes","floor":35,"turns":5},{"damage":0,"enemies":"Orb Walker","floor":39,"turns":3},{"damage":0,"enemies":"4 Shapes","floor":41,"turns":5},{"damage":0,"enemies":"Sphere and 2 Shapes","floor":44,"turns":3},{"damage":0,"enemies":"3 Darklings","floor":46,"turns":5},{"damage":0,"enemies":"Maw","floor":48,"turns":5},{"damage":4,"enemies":"Awakened One","floor":50,"turns":6}],"event_choices":[{"event_name":"Accursed Blacksmith","player_choice":"Forge","floor":2,"damage_taken":0},{"event_name":"The Lab","player_choice":"Got Potions","floor":13,"damage_taken":0},{"event_name":"Back to Basics","player_choice":"Elegance","floor":19,"damage_taken":0},{"event_name":"Cursed Tome","player_choice":"Obtained Book","floor":21,"damage_taken":0},{"event_name":"The Library","player_choice":"Read","floor":25,"damage_taken":0},{"event_name":"Mysterious Sphere","player_choice":"Ignore","floor":36,"damage_taken":0},{"event_name":"Tomb of Lord Red Mask","player_choice":"Ignored","floor":37,"damage_taken":0}],"boss_relics":[{"not_picked":["Black Blood","Runic Dome"],"picked":"Ectoplasm"},{"not_picked":["Snecko Eye","Pandora\u0027s Box"],"picked":"Mark of Pain"}],"potions_floor_spawned":[1,6,14,16,20,28,30,39,41],"seed_played":"6916534086263661295","ascension_level":0,"is_trial":false}