{"path_per_floor":["M","?","M","$","T","E","M","R","T","R","$","M","R","M","R","B",null,"M","T","?","$","M","R","E","M","T","R","T","M","$","M","R","B",null,"M","T","?","M","T","?","?","?","T","R","M","M","R","M","R","B"],"character_chosen":"IRONCLAD","items_purchased":["Inflame","Juzu Bracelet","War Paint"],"gold_per_floor":[217,217,230,119,200,256,267,267,313,313,58,70,70,81,81,178,178,190,190,390,265,285,285,317,327,351,351,351,361,61,79,79,184,184,199,247,247,264,264,264,264,364,364,364,380,390,390,402,402,402],"floor_reached":51,"campfire_rested":1,"playtime":2910,"current_hp_per_floor":[80,73,72,72,72,47,52,52,52,52,52,58,58,61,61,49,80,64,64,64,64,65,65,56,61,61,61,61,69,69,76,76,46,80,75,75,75,80,80,70,62,62,62,62,47,56,56,64,80,64],"items_purged":["Strike_R","Strike_R","Bash","Clothesline"],"gold":402,"play_id":"c8b30404-e442-4a3c-aa84-0d8ce4dd708f","is_prod":false,"is_daily":false,"is_ascension_mode":false,"campfire_upgraded":9,"path_taken":["M","?","M","$","?","E","M","R","T","R","?","M","R","M","R","BOSS","M","?","?","?","M","R","E","M","T","R","?","M","$","M","R","BOSS","M","?","?","M","?","?","?","?","T","R","M","M","R","M","R","BOSS"],"build_version":"2018-02-01-PROD3","purchased_purges":6,"victory":true,"master_deck":["Iron Wave+1","Inflame+1","Iron Wave","Rampage+1","Shrug It Off+1","Shockwave+1","Inflame","Heavy Blade+1","Flame Barrier+1","Whirlwind+1","Battle Trance+1","Body Slam+1","Intimidate+1","Madness","Madness","Shrug It Off+1"],"max_hp_per_floor":[80,80,80,80,80,80,80,80,80,80,80,80,80,80,80,80,80,80,80,80,80,80,80,80,80,80,80,80,80,80,80,80,80,80,80,80,80,80,80,80,80,80,80,80,80,80,80,80,80,80],"relics":["Burning Blood","Bottled Tornado","Tiny Chest","Regal Pillow","Juzu Bracelet","Pandora\u0027s Box","Centennial Puzzle","Anchor","Blood Vial","Ice Cream","War Paint","Black Star","Prayer Wheel","Dream Catcher","Sundial"],"card_choices":[{"not_picked":["Heavy Blade","Clothesline"],"picked":"Iron Wave"},{"not_picked":["Reckless Charge","Sever Soul"],"picked":"Iron Wave"},{"not_picked":["Cleave","Armaments"],"picked":"Rampage"},{"not_picked":["Thunderclap","Feel No Pain"],"picked":"Shrug It Off"},{"not_picked":["Thunderclap","Flex"],"picked":"Battle Trance"},{"not_picked":["Sever Soul","Wild Strike"],"picked":"Body Slam"},{"not_picked":["Iron Wave","Infernal Blade"],"picked":"Intimidate"},{"not_picked":["Rage","Dark Embrace"],"picked":"Shrug It Off"}],"player_experience":883123,"potions_floor_usage":[18,33,46,48,50,50],"damage_taken":[{"damage":5,"enemies":"Jaw Worm","floor":1,"turns":5},{"damage":7,"enemies":"Blue Slaver","floor":3,"turns":6},{"damage":31,"enemies":"Lagavulin","floor":6,"turns":6},{"damage":1,"enemies":"Cultist","floor":7,"turns":3},{"damage":0,"enemies":"Exordium Wildlife","floor":12,"turns":3},{"damage":3,"enemies":"Red Slaver","floor":14,"turns":4},{"damage":18,"enemies":"Slime Boss","floor":16,"turns":11},{"damage":22,"enemies":"2 Thieves","floor":18,"turns":3},{"damage":5,"enemies":"3 Byrds","floor":22,"turns":4},{"damage":15,"enemies":"Gremlin Leader","floor":24,"turns":5},{"damage":1,"enemies":"Snake Plant","floor":25,"turns":5},{"damage":0,"enemies":"Centurion and Healer","floor":29,"turns":7},{"damage":1,"enemies":"Slaver and Parasite","floor":31,"turns":7},{"damage":38,"enemies":"Automaton","floor":33,"turns":8},{"damage":11,"enemies":"Orb Walker","floor":35,"turns":3},{"damage":1,"enemies":"3 Shapes","floor":38,"turns":4},{"damage":23,"enemies":"Sphere and 2 Shapes","floor":45,"turns":4},{"damage":11,"enemies":"4 Shapes","floor":46,"turns":5},{"damage":0,"enemies":"3 Darklings","floor":48,"turns":3},{"damage":22,"enemies":"Time Eater","floor":50,"turns":9}],"event_choices":[{"event_name":"Golden Wing","player_choice":"Card Removal","floor":2,"damage_taken":0},{"event_name":"Wheel of Change","player_choice":"Gold","floor":20,"damage_taken":0},{"event_name":"Tomb of Lord Red Mask","player_choice":"Ignored","floor":37,"damage_taken":0},{"event_name":"Winding Halls","player_choice":"Embrace Madness","floor":40,"damage_taken":0},{"event_name":"Wheel of Change","player_choice":"Damage","floor":41,"damage_taken":0},{"event_name":"Golden Shrine","player_choice":"Pray","floor":42,"damage_taken":0}],"boss_relics":[{"not_picked":["Question Card","Orrery"],"picked":"Pandora\u0027s Box"},{"not_picked":["Runic Cube","Cursed Key"],"picked":"Black Star"}],"potions_floor_spawned":[3,6,12,24,25,31,45,46],"seed_played":"8198116358147728736","ascension_level":0,"is_trial":false}