{"path_per_floor":["M","M","?","$","M","R","E","M","T","R","M","?","M","E","R","B",null,"M","$","?","?","M","R","E","$","T","M","E","R","?","M","R","B",null,"M","?","M","$","?","R","T","R","T","M","M","M","R","M","R","B"],"character_chosen":"IRONCLAD","items_purchased":["Rampage","True Grit"],"gold_per_floor":[109,129,229,154,167,167,196,216,216,216,232,232,249,281,281,382,382,382,204,204,204,204,204,204,25,25,25,25,25,25,25,25,25,25,25,25,25,25,25,25,25,25,25,25,25,25,25,25,25,25],"floor_reached":51,"campfire_rested":0,"playtime":4277,"current_hp_per_floor":[79,80,80,80,80,80,56,62,62,62,68,73,79,69,69,28,85,82,82,82,82,79,79,85,85,85,80,67,67,67,68,68,62,85,85,85,77,77,77,77,79,79,88,96,100,102,102,104,104,46],"items_purged":["Strike_R","Strike_R","Strike_R"],"gold":25,"play_id":"0f3c0c9a-2782-45fd-b90b-9726d51d5872","is_prod":false,"is_daily":false,"is_ascension_mode":false,"campfire_upgraded":10,"path_taken":["M","M","?","$","?","R","E","M","T","R","M","?","M","E","R","BOSS","M","$","?","?","M","R","E","?","T","M","E","R","?","M","R","BOSS","M","?","M","$","?","R","?","R","T","M","M","M","R","M","R","BOSS"],"build_version":"2018-02-01-PROD3","purchased_purges":3,"victory":true,"master_deck":["Strike_R","Defend_R","Defend_R","Defend_R","Defend_R+1","Bash+1","Shrug It Off+1","Shrug It Off+1","Cleave+1","Clothesline+1","Shrug It Off+1","Juggernaut+1","Shrug It Off+1","Rampage+1","Body Slam+1","True Grit+1"],"max_hp_per_floor":[80,80,80,80,80,80,80,80,80,80,80,85,85,85,85,85,85,85,85,85,85,85,85,85,85,85,85,85,85,85,85,85,85,85,85,85,85,85,85,85,87,87,96,98,100,102,102,104,104,104],"relics":["Burning Blood","Bag of Marbles","Ancient Tea Set","Paper Frog","Ectoplasm","Regal Pillow","Gambling Chip","Prayer Wheel","War Paint","Sozu","Ginger","Singing Bowl","Strawberry"],"card_choices":[{"not_picked":["Corruption","Wild Strike"],"picked":"Shrug It Off"},{"not_picked":["Dual Wield","Clash"],"picked":"Shrug It Off"},{"not_picked":["Sever Soul","Warcry"],"picked":"Pommel Strike"},{"not_picked":["Havoc","Bloodletting"],"picked":"Cleave"},{"not_picked":["Second Wind","Corruption"],"picked":"Clothesline"},{"not_picked":["Flex","Thunderclap"],"picked":"Shrug It Off"},{"not_picked":["Brutality","Dark Embrace"],"picked":"Juggernaut"},{"not_picked":["Reckless Charge","Infernal Blade"],"picked":"Shrug It Off"}],"player_experience":915411,"potions_floor_usage":[14,18,24,24,33],"damage_taken":[{"damage":7,"enemies":"2 Louse","floor":1,"turns":3},{"damage":4,"enemies":"Blue Slaver","floor":2,"turns":7},{"damage":0,"enemies":"Cultist","floor":5,"turns":5},{"damage":30,"enemies":"Lagavulin","floor":7,"turns":10},{"damage":0,"enemies":"Looter","floor":8,"turns":3},{"damage":0,"enemies":"3 Louse","floor":11,"turns":1},{"damage":0,"enemies":"Large Slime","floor":13,"turns":8},{"damage":16,"enemies":"Gremlin Nob","floor":14,"turns":4},{"damage":47,"enemies":"Slime Boss","floor":16,"turns":14},{"damage":9,"enemies":"Spheric Guardian","floor":18,"turns":6},{"damage":9,"enemies":"3 Byrds","floor":22,"turns":7},{"damage":1,"enemies":"Book of Stabbing","floor":24,"turns":6},{"damage":11,"enemies":"Centurion and Healer","floor":27,"turns":6},{"damage":19,"enemies":"Gremlin Leader","floor":28,"turns":8},{"damage":5,"enemies":"Slaver and Parasite","floor":31,"turns":6},{"damage":12,"enemies":"Champ","floor":33,"turns":10},{"damage":0,"enemies":"Orb Walker","floor":35,"turns":3},{"damage":0,"enemies":"Mysterious Sphere","floor":36,"turns":4},{"damage":14,"enemies":"3 Darklings","floor":37,"turns":6},{"damage":0,"enemies":"Maw","floor":44,"turns":5},{"damage":4,"enemies":"4 Shapes","floor":45,"turns":5},{"damage":0,"enemies":"3 Darklings","floor":46,"turns":4},{"damage":1,"enemies":"Maw","floor":48,"turns":6},{"damage":64,"enemies":"Donu and Deca","floor":50,"turns":10}],"event_choices":[{"event_name":"Wheel of Change","player_choice":"Gold","floor":3,"damage_taken":0},{"event_name":"Big Fish","player_choice":"Donut","floor":12,"damage_taken":0},{"event_name":"The Library","player_choice":"Read","floor":20,"damage_taken":0},{"event_name":"The Mausoleum","player_choice":"Yes","floor":21,"damage_taken":0},{"event_name":"Beggar","player_choice":"Ignored","floor":30,"damage_taken":0},{"event_name":"Mysterious Sphere","player_choice":"Fight","floor":36,"damage_taken":0}],"boss_relics":[{"not_picked":["Question Card","Cursed Key"],"picked":"Ectoplasm"},{"not_picked":["Velvet Choker","Runic Pyramid"],"picked":"Sozu"}],"potions_floor_spawned":[1,7,8,16,18,28,31,33,36,46],"seed_played":"-6352470800460494232","ascension_level":0,"is_trial":false}