{"path_per_floor":["M","M","$","?","M","R","M","R","T","R","M","E","M","E","R","B",null,"M","?","M","?","M","R","M","M","T","M","$","E","M","$","R","B",null,"M","M","?","$","?","R","M","R","T","M","M","M","$","?","R","B"],"character_chosen":"IRONCLAD","items_purchased":["Thread and Needle"],"gold_per_floor":[113,126,51,51,66,66,76,76,122,122,139,174,186,216,216,321,321,336,336,348,348,363,363,375,392,417,437,39,74,92,92,92,188,188,203,217,217,92,0,0,20,20,47,66,79,98,98,98,98,98],"floor_reached":51,"campfire_rested":2,"playtime":2647,"current_hp_per_floor":[80,77,77,77,80,80,80,80,80,80,78,80,80,74,74,26,80,72,72,66,50,37,37,46,52,52,45,45,45,51,51,89,86,89,89,73,73,73,73,73,73,73,80,82,86,84,84,84,96,68],"items_purged":["Strike_R","Strike_R","Strike_R"],"gold":98,"play_id":"4b95ec80-5393-4d6a-8b0c-5a4f74a8c83c","is_prod":false,"is_daily":false,"is_ascension_mode":false,"campfire_upgraded":7,"path_taken":["M","M","$","?","?","R","M","R","T","R","?","E","M","E","R","BOSS","M","?","M","?","M","R","M","M","T","M","$","E","M","$","R","BOSS","M","M","?","$","?","R","M","R","T","M","M","?","$","?","R","BOSS"],"build_version":"2018-02-01-PROD3","purchased_purges":3,"victory":true,"master_deck":["Strike_R+1","Strike_R+1","Defend_R+1","Defend_R+1","Defend_R","Defend_R","Bash","Cleave+1","Ghostly Armor+1","Fiend Fire+1","Demon Form+1","Ghostly Armor+1","Intimidate+1","Necronomicurse","Whirlwind+1","Reaper"],"max_hp_per_floor":[80,80,80,80,80,80,80,80,80,80,80,80,80,80,80,80,80,83,83,83,83,86,86,89,89,89,89,89,89,89,89,89,89,89,89,89,89,89,89,89,89,89,96,96,96,96,96,96,96,96],"relics":["Burning Blood","Whetstone","War Paint","Mercury Hourglass","Lizard Tail","Necronomicon","Regal Pillow","Thread and Needle","Bag of Preparation","Sozu","Red Mask","Strawberry"],"card_choices":[{"not_picked":["Flex","Sword Boomerang"],"picked":"Cleave"},{"not_picked":["Flex","Hemokinesis"],"picked":"Ghostly Armor"},{"not_picked":["Second Wind","Warcry"],"picked":"Fiend Fire"},{"not_picked":["Perfected Strike","Pummel"],"picked":"Demon Form"},{"not_picked":["Heavy Blade","Sword Boomerang"],"picked":"Ghostly Armor"},{"not_picked":["Bludgeon","Brutality"],"picked":"Feed"},{"not_picked":["Havoc","Clash"],"picked":"Intimidate"},{"not_picked":["Carnage","Metallicize"],"picked":"Whirlwind"},{"not_picked":["Thunderclap","Ghostly Armor"],"picked":"Reaper"}],"player_experience":863210,"potions_floor_usage":[5,11,12,18,20,27,27,29],"damage_taken":[{"damage":5,"enemies":"Cultist","floor":1,"turns":4},{"damage":9,"enemies":"Blue Slaver","floor":2,"turns":6},{"damage":1,"enemies":"Jaw Worm","floor":5,"turns":3},{"damage":2,"enemies":"3 Louse","floor":7,"turns":3},{"damage":8,"enemies":"Exordium Thugs","floor":11,"turns":3},{"damage":3,"enemies":"Gremlin Nob","floor":12,"turns":3},{"damage":0,"enemies":"Looter","floor":13,"turns":2},{"damage":12,"enemies":"Lagavulin","floor":14,"turns":6},{"damage":54,"enemies":"Hexaghost","floor":16,"turns":8},{"damage":17,"enemies":"3 Byrds","floor":18,"turns":4},{"damage":12,"enemies":"2 Thieves","floor":20,"turns":3},{"damage":22,"enemies":"Snake Plant","floor":22,"turns":5},{"damage":0,"enemies":"Cultist and Chosen","floor":24,"turns":3},{"damage":0,"enemies":"Chosen and Byrds","floor":25,"turns":3},{"damage":22,"enemies":"Snake Plant","floor":27,"turns":5},{"damage":18,"enemies":"Book of Stabbing","floor":29,"turns":8},{"damage":0,"enemies":"Cultist and Chosen","floor":30,"turns":5},{"damage":9,"enemies":"Automaton","floor":33,"turns":6},{"damage":0,"enemies":"3 Darklings","floor":35,"turns":1},{"damage":26,"enemies":"3 Shapes","floor":36,"turns":2},{"damage":6,"enemies":"Sphere and 2 Shapes","floor":41,"turns":5},{"damage":20,"enemies":"Maw","floor":44,"turns":7},{"damage":2,"enemies":"3 Darklings","floor":45,"turns":3},{"damage":15,"enemies":"Sphere and 2 Shapes","floor":46,"turns":5},{"damage":66,"enemies":"Time Eater","floor":50,"turns":11}],"event_choices":[{"event_name":"The Lab","player_choice":"Got Potions","floor":4,"damage_taken":0},{"event_name":"Vampires","player_choice":"Ignored","floor":19,"damage_taken":0},{"event_name":"Cursed Tome","player_choice":"Obtained Book","floor":21,"damage_taken":0},{"event_name":"Tomb of Lord Red Mask","player_choice":"Paid","floor":39,"damage_taken":0},{"event_name":"Mysterious Sphere","player_choice":"Ignore","floor":48,"damage_taken":0}],"boss_relics":[{"not_picked":["Question Card","Tiny House"],"picked":"Lizard Tail"},{"not_picked":["White Beast Statue","Philosopher\u0027s Stone"],"picked":"Sozu"}],"potions_floor_spawned":[2,7,11,12,14,20,24,27,30,36,46],"seed_played":"-340662365858260326","ascension_level":0,"is_trial":false}