{"path_per_floor":["M","M","M","$","M","R","M","M","T","E","R","M","R","M","R","B",null,"M","?","M","M","T","R","E","M","T","M","R","M","$","?","R","B",null,"M","$","?","M","M","R","M","R","T","M","$","R","$","M","R","B"],"character_chosen":"IRONCLAD","items_purchased":["Inflame","Purity","Dark Shackles","Shrug It Off"],"gold_per_floor":[111,122,137,27,47,47,61,77,77,108,108,124,124,139,139,244,244,259,259,271,283,306,306,341,355,355,366,366,383,192,192,192,295,295,313,188,188,203,222,222,234,234,316,331,82,82,33,51,51,51],"floor_reached":51,"campfire_rested":0,"playtime":3373,"current_hp_per_floor":[77,80,80,80,78,78,85,87,87,87,87,95,95,95,95,95,95,99,99,103,97,97,97,92,93,93,102,102,106,106,106,106,42,115,115,115,115,113,108,108,110,110,110,115,115,115,115,117,117,99],"items_purged":["Strike_R","Strike_R","Strike_R","Strike_R"],"gold":51,"play_id":"56ec35cb-ffc4-46e3-8e17-2d74542494c7","is_prod":false,"is_daily":false,"is_ascension_mode":false,"campfire_upgraded":11,"path_taken":["M","M","M","$","M","R","M","M","T","E","R","M","R","M","R","BOSS","M","?","?","M","?","R","E","M","T","M","R","M","?","?","R","BOSS","M","$","?","M","?","R","M","R","T","M","$","R","?","M","R","BOSS"],"build_version":"2018-02-01-PROD3","purchased_purges":4,"victory":true,"master_deck":["Defend_R","Defend_R","Defend_R","Defend_R","Bash","Ghostly Armor+1","Twin Strike","Feed+1","Inflame+1","Uppercut+1","Twin Strike","Ghostly Armor","Intimidate+1","Body Slam+1","Offering","Warcry+1","Offering","Flame Barrier+1","Body Slam+1","True Grit+1","Purity","Fiend Fire","Metallicize","Shrug It Off+1","Dark Shackles","Shrug It Off","Barricade+1"],"max_hp_per_floor":[80,80,80,80,83,83,87,87,87,91,91,95,95,95,95,95,95,99,99,103,103,103,103,103,107,107,111,111,115,115,115,115,115,115,115,115,115,119,119,119,123,123,123,127,127,127,127,127,127,127],"relics":["Burning Blood","Torii","Centennial Puzzle","White Beast Statue","Omamori","Charon\u0027s Ashes","Lantern","Bag of Marbles","Lizard Tail","Bottled Tornado"],"card_choices":[{"not_picked":["Flex","Reckless Charge"],"picked":"Ghostly Armor"},{"not_picked":["Clothesline","Perfected Strike"],"picked":"Twin Strike"},{"not_picked":["Evolve","Headbutt"],"picked":"Feed"},{"not_picked":["Twin Strike","Anger"],"picked":"Uppercut"},{"not_picked":["Feel No Pain","Hemokinesis"],"picked":"Twin Strike"},{"not_picked":["Infernal Blade","Havoc"],"picked":"Ghostly Armor"},{"not_picked":["Thunderclap","Cleave"],"picked":"Intimidate"},{"not_picked":["Pommel Strike","Sword Boomerang"],"picked":"Body Slam"},{"not_picked":["Juggernaut","Impervious"],"picked":"Offering"},{"not_picked":["Bloodletting","Havoc"],"picked":"Warcry"},{"not_picked":["Cleave","Heavy Blade"],"picked":"Offering"},{"not_picked":["Entrench","Pommel Strike"],"picked":"Flame Barrier"},{"not_picked":["Pommel Strike","Flex"],"picked":"Body Slam"},{"not_picked":["Armaments","Reckless Charge"],"picked":"True Grit"},{"not_picked":["Feed","Berserk"],"picked":"Fiend Fire"},{"not_picked":["Headbutt","Heavy Blade"],"picked":"Metallicize"},{"not_picked":["Iron Wave","Thunderclap"],"picked":"Shrug It Off"},{"not_picked":["Carnage","Armaments"],"picked":"Barricade"}],"player_experience":912038,"potions_floor_usage":[10,18,20,21,24,25,27,29,29,39,48,50,50,50],"damage_taken":[{"damage":9,"enemies":"Jaw Worm","floor":1,"turns":5},{"damage":0,"enemies":"Cultist","floor":2,"turns":3},{"damage":2,"enemies":"Blue Slaver","floor":3,"turns":5},{"damage":11,"enemies":"Exordium Wildlife","floor":5,"turns":6},{"damage":3,"enemies":"2 Fungi Beasts","floor":7,"turns":4},{"damage":0,"enemies":"Looter","floor":8,"turns":3},{"damage":10,"enemies":"Gremlin Nob","floor":10,"turns":3},{"damage":0,"enemies":"3 Louse","floor":12,"turns":2},{"damage":0,"enemies":"Red Slaver","floor":14,"turns":4},{"damage":2,"enemies":"The Guardian","floor":16,"turns":13},{"damage":6,"enemies":"Shell Parasite","floor":18,"turns":3},{"damage":4,"enemies":"Chosen","floor":20,"turns":3},{"damage":12,"enemies":"Snake Plant","floor":21,"turns":4},{"damage":11,"enemies":"Book of Stabbing","floor":24,"turns":5},{"damage":9,"enemies":"Centurion and Healer","floor":25,"turns":4},{"damage":1,"enemies":"Cultist and Chosen","floor":27,"turns":6},{"damage":6,"enemies":"Slaver and Parasite","floor":29,"turns":6},{"damage":70,"enemies":"Collector","floor":33,"turns":13},{"damage":4,"enemies":"Orb Walker","floor":35,"turns":2},{"damage":12,"enemies":"3 Shapes","floor":38,"turns":3},{"damage":11,"enemies":"Maw","floor":39,"turns":7},{"damage":8,"enemies":"4 Shapes","floor":41,"turns":1},{"damage":5,"enemies":"Sphere and 2 Shapes","floor":44,"turns":6},{"damage":4,"enemies":"Maw","floor":48,"turns":8},{"damage":24,"enemies":"Time Eater","floor":50,"turns":9}],"event_choices":[{"event_name":"N\u0027loth","player_choice":"Ignored","floor":19,"damage_taken":0},{"event_name":"The Mausoleum","player_choice":"Yes","floor":31,"damage_taken":0},{"event_name":"Tomb of Lord Red Mask","player_choice":"Ignored","floor":37,"damage_taken":0}],"boss_relics":[{"not_picked":["Snecko Eye","Runic Cube"],"picked":"White Beast Statue"},{"not_picked":["Runic Pyramid","Pandora\u0027s Box"],"picked":"Lizard Tail"}],"potions_floor_spawned":[3,5,14,16,18,20,21,24,25,27,29,33,35,38,39,41,44,48],"seed_played":"6136251351023946375","ascension_level":0,"is_trial":false}