{"path_per_floor":["M","?","M","?","?","R","M","?","T","M","T","$","M","$","R","B",null,"M","$","?","?","M","R","?","R","T","R","E","M","R","M","R","B",null,"M","M","T","M","M","R","T","E","T","R","M","M","R","M","R","B"],"character_chosen":"IRONCLAD","items_purchased":["Rampage"],"gold_per_floor":[113,63,76,76,176,176,186,186,211,229,229,75,92,92,92,190,190,201,101,101,101,115,115,40,40,40,40,73,90,90,106,106,202,202,218,231,316,331,345,345,369,395,395,395,409,421,421,437,437,437],"floor_reached":51,"campfire_rested":3,"playtime":6845,"current_hp_per_floor":[77,77,80,80,80,80,80,80,80,80,80,80,80,80,80,47,72,61,61,45,45,44,44,44,44,44,68,17,35,59,41,65,48,72,73,79,79,80,80,80,80,73,73,73,65,71,71,74,74,24],"items_purged":["Decay","Strike_R"],"gold":437,"play_id":"db703388-ac08-4d77-a67c-9bbed5d6487f","is_prod":false,"is_daily":false,"is_ascension_mode":true,"campfire_upgraded":2,"path_taken":["M","?","M","?","?","R","M","?","T","M","?","?","M","$","R","BOSS","M","$","?","?","M","R","?","R","T","R","E","?","R","M","R","BOSS","M","M","?","M","M","R","?","E","T","R","M","?","R","M","R","BOSS"],"build_version":"2018-01-25-PROD3","purchased_purges":2,"victory":true,"master_deck":["Strike_R","Defend_R","Defend_R","Defend_R+1","Defend_R","Bash","Shrug It Off+1","Shrug It Off+1","Pommel Strike","Shrug It Off","Rampage+1","Metallicize","Fiend Fire","Shrug It Off+1"],"max_hp_per_floor":[80,80,80,80,80,80,80,80,80,80,80,80,80,80,80,80,80,80,80,80,80,80,80,80,80,80,80,80,80,80,80,80,80,80,80,80,80,80,80,80,80,80,80,80,80,80,80,80,80,80],"relics":["Burning Blood","War Paint","Shovel","Philosopher\u0027s Stone","Nilry\u0027s Codex","Mummified Hand","Shuriken","Red Skull","Art of War","Velvet Choker","Tiny Chest","Happy Flower","Bag of Preparation","Oddly Smooth Stone","Unceasing Top","Pen Nib","Toolbox","Blood Vial"],"card_choices":[{"not_picked":["Power Through","Headbutt"],"picked":"Shrug It Off"},{"not_picked":["Battle Trance","Warcry"],"picked":"Shrug It Off"},{"not_picked":["Heavy Blade","Headbutt"],"picked":"Pommel Strike"},{"not_picked":["Bludgeon","Armaments"],"picked":"Shrug It Off"},{"not_picked":["Armaments","Sentinel"],"picked":"Metallicize"},{"not_picked":["Berserk","Demon Form"],"picked":"Fiend Fire"},{"not_picked":["Searing Blow","Armaments"],"picked":"Shrug It Off"}],"player_experience":715310,"potions_floor_usage":[16,16,29,42,50,50,50],"damage_taken":[{"damage":1,"enemies":"2 Louse","floor":1,"turns":4},{"damage":0,"enemies":"Small Slimes","floor":3,"turns":3},{"damage":2,"enemies":"Blue Slaver","floor":7,"turns":6},{"damage":0,"enemies":"2 Fungi Beasts","floor":10,"turns":7},{"damage":0,"enemies":"Large Slime","floor":13,"turns":6},{"damage":39,"enemies":"Slime Boss","floor":16,"turns":14},{"damage":17,"enemies":"Spheric Guardian","floor":18,"turns":4},{"damage":7,"enemies":"Chosen","floor":22,"turns":7},{"damage":57,"enemies":"Gremlin Leader","floor":28,"turns":10},{"damage":3,"enemies":"Centurion and Healer","floor":29,"turns":6},{"damage":24,"enemies":"Snake Plant","floor":31,"turns":4},{"damage":23,"enemies":"Champ","floor":33,"turns":14},{"damage":5,"enemies":"Orb Walker","floor":35,"turns":5},{"damage":0,"enemies":"3 Shapes","floor":36,"turns":6},{"damage":5,"enemies":"3 Darklings","floor":38,"turns":7},{"damage":0,"enemies":"4 Shapes","floor":39,"turns":8},{"damage":13,"enemies":"Nemesis","floor":42,"turns":10},{"damage":14,"enemies":"Maw","floor":45,"turns":8},{"damage":0,"enemies":"3 Darklings","floor":46,"turns":6},{"damage":3,"enemies":"4 Shapes","floor":48,"turns":8},{"damage":58,"enemies":"Time Eater","floor":50,"turns":12}],"event_choices":[{"event_name":"The Cleric","player_choice":"Card Removal","floor":2,"damage_taken":0},{"event_name":"Liars Game","player_choice":"disagreed","floor":4,"damage_taken":0},{"event_name":"Golden Shrine","player_choice":"Pray","floor":5,"damage_taken":0},{"event_name":"Wheel of Change","player_choice":"Curse","floor":8,"damage_taken":0},{"event_name":"Cursed Tome","player_choice":"Obtained Book","floor":20,"damage_taken":0},{"event_name":"Vampires","player_choice":"Ignored","floor":21,"damage_taken":0},{"event_name":"Beggar","player_choice":"Gave Gold","floor":24,"damage_taken":0}],"boss_relics":[{"not_picked":["Pandora\u0027s Box","Black Star"],"picked":"Philosopher\u0027s Stone"},{"not_picked":["Tiny House","Orrery"],"picked":"Velvet Choker"}],"potions_floor_spawned":[1,13,28,29,35,36,39,45],"seed_played":"2183579720303076067","ascension_level":9,"is_trial":false}