{"path_per_floor":["M","?","$","?","?","R","M","R","T","M","T","M","?","M","R","B",null,"M","?","?","M","M","E","R","$","T","M","M","R","?","$","R","B",null,"M","?","$","M","?","R","M","M","T","R","M","$","?","M","R","B"],"character_chosen":"IRONCLAD","items_purchased":["Anchor","Dexterity Potion","Dexterity Potion"],"gold_per_floor":[115,115,40,40,40,40,56,56,56,69,94,108,58,75,75,173,173,187,187,187,203,214,249,249,149,176,191,202,202,202,77,77,174,174,186,186,41,53,53,53,65,84,131,131,148,47,47,62,62,62],"floor_reached":51,"campfire_rested":3,"playtime":19716,"current_hp_per_floor":[65,80,80,64,64,64,64,64,64,70,70,74,74,67,67,43,71,69,69,54,54,46,25,50,50,50,46,55,55,55,55,85,56,78,85,75,75,66,66,66,69,52,52,52,58,58,58,59,85,30],"items_purged":["Strike_R","Strike_R","Strike_R"],"gold":62,"play_id":"77f93a8a-4160-45a7-8fee-d586cf523d44","is_prod":false,"is_daily":false,"is_ascension_mode":true,"campfire_upgraded":6,"path_taken":["M","?","$","?","?","R","M","R","T","M","?","?","?","M","R","BOSS","M","?","?","M","?","E","R","$","T","M","M","R","?","?","R","BOSS","M","?","$","?","?","R","M","M","T","R","M","$","?","?","R","BOSS"],"build_version":"2018-01-25-PROD3","purchased_purges":3,"victory":true,"master_deck":["Defend_R+1","Defend_R","Defend_R","Bash+1","Rampage+1","Metallicize+1","Battle Trance+1","Shrug It Off+1","True Grit+1","Flame Barrier+1","Double Tap","Madness","Madness"],"max_hp_per_floor":[80,80,80,80,80,80,80,80,80,80,80,80,80,80,80,80,80,80,80,85,85,85,85,85,85,85,85,85,85,85,85,85,85,85,85,85,85,85,85,85,85,85,85,85,85,85,85,85,85,85],"relics":["Black Blood","Whetstone","Dream Catcher","Molten Egg","Regal Pillow","Velvet Choker","Anchor","Omamori"],"card_choices":[{"not_picked":["Disarm","Double Tap"],"picked":"Rampage"},{"not_picked":["Perfected Strike","Sever Soul"],"picked":"Metallicize"},{"not_picked":["Reckless Charge","Wild Strike"],"picked":"Battle Trance"},{"not_picked":["Iron Wave","Pummel"],"picked":"Shrug It Off"},{"not_picked":["Warcry","Corruption"],"picked":"True Grit"},{"not_picked":["Armaments","Entrench"],"picked":"Flame Barrier"},{"not_picked":["Berserk","Brutality"],"picked":"Double Tap"}],"player_experience":695594,"potions_floor_usage":[16,21,21,22,23,33,42,45,50,50],"damage_taken":[{"damage":13,"enemies":"Small Slimes","floor":1,"turns":5},{"damage":6,"enemies":"Blue Slaver","floor":7,"turns":5},{"damage":0,"enemies":"2 Louse","floor":10,"turns":4},{"damage":2,"enemies":"Exordium Wildlife","floor":12,"turns":4},{"damage":13,"enemies":"Looter","floor":14,"turns":3},{"damage":30,"enemies":"Hexaghost","floor":16,"turns":8},{"damage":12,"enemies":"Spheric Guardian","floor":18,"turns":4},{"damage":10,"enemies":"2 Thieves","floor":21,"turns":3},{"damage":33,"enemies":"Snecko","floor":22,"turns":6},{"damage":31,"enemies":"Gremlin Leader","floor":23,"turns":6},{"damage":14,"enemies":"3 Cultists","floor":27,"turns":5},{"damage":1,"enemies":"Centurion and Healer","floor":28,"turns":5},{"damage":39,"enemies":"Collector","floor":33,"turns":7},{"damage":2,"enemies":"3 Shapes","floor":35,"turns":7},{"damage":19,"enemies":"Orb Walker","floor":38,"turns":5},{"damage":7,"enemies":"Sphere and 2 Shapes","floor":41,"turns":7},{"damage":27,"enemies":"3 Darklings","floor":42,"turns":5},{"damage":4,"enemies":"4 Shapes","floor":45,"turns":7},{"damage":9,"enemies":"Maw","floor":48,"turns":5},{"damage":65,"enemies":"Donu and Deca","floor":50,"turns":9}],"event_choices":[{"event_name":"Wheel of Change","player_choice":"Full Heal","floor":2,"damage_taken":0},{"event_name":"Shining Light","player_choice":"Entered Light","floor":4,"damage_taken":0},{"event_name":"Liars Game","player_choice":"disagreed","floor":5,"damage_taken":0},{"event_name":"The Cleric","player_choice":"Card Removal","floor":13,"damage_taken":0},{"event_name":"Drug Dealer","player_choice":"Ignored","floor":19,"damage_taken":0},{"event_name":"Forgotten Altar","player_choice":"Shed Blood","floor":20,"damage_taken":0},{"event_name":"Vampires","player_choice":"Ignored","floor":30,"damage_taken":0},{"event_name":"Winding Halls","player_choice":"Embrace Madness","floor":36,"damage_taken":0},{"event_name":"Mysterious Sphere","player_choice":"Ignore","floor":39,"damage_taken":0},{"event_name":"Purifier","player_choice":"One Purge","floor":47,"damage_taken":0}],"boss_relics":[{"not_picked":["Runic Pyramid","Astrolabe"],"picked":"Black Blood"},{"not_picked":["Question Card","Eternal Feather"],"picked":"Velvet Choker"}],"potions_floor_spawned":[1,12,14,18,21,23,27,42,48],"seed_played":"12546989678412563","ascension_level":8,"is_trial":false}