{"path_per_floor":["M","$","M","M","?","R","M","R","T","M","R","$","?","M","R","B",null,"M","M","?","?","$","R","M","R","T","R","M","M","M","M","R"],"character_chosen":"IRONCLAD","items_purchased":["Flame Barrier","Shrug It Off"],"gold_per_floor":[214,52,64,77,77,77,88,88,115,125,125,25,100,117,117,220,220,237,257,182,182,57,57,70,70,70,70,90,106,125,145,145],"floor_reached":33,"campfire_rested":1,"playtime":1779,"current_hp_per_floor":[77,77,73,77,62,62,64,64,64,70,70,70,59,61,61,27,65,65,67,67,67,67,67,47,47,47,70,72,74,76,77,77],"items_purged":["Parasite","Strike_R","Strike_R"],"gold":145,"score":412,"play_id":"9c33f899-62b0-4cb5-80b5-1d3afc66c29d","is_prod":false,"is_daily":false,"is_ascension_mode":true,"campfire_upgraded":7,"path_taken":["M","$","M","M","?","R","M","R","T","M","R","$","?","M","R","BOSS","M","M","?","?","?","R","M","R","T","R","M","?","M","M","R","BOSS"],"build_version":"2018-02-12-PROD1","purchased_purges":4,"victory":false,"master_deck":["Strike_R+1","Defend_R","Defend_R","Defend_R","Defend_R","Bash+1","Flame Barrier+1","Shrug It Off+1","Metallicize+1","Offering","Shrug It Off+1","Twin Strike+1","Shrug It Off+1","Body Slam+1","Shrug It Off+1","Offering"],"max_hp_per_floor":[80,77,77,77,77,77,77,77,77,77,77,77,77,77,77,77,77,77,77,77,77,77,77,77,77,77,77,77,77,77,77,77],"relics":["Burning Blood","Orichalcum","Runic Dome","Bottled Lightning"],"card_choices":[{"not_picked":["Headbutt","Pommel Strike"],"picked":"Metallicize"},{"not_picked":["True Grit","Twin Strike"],"picked":"Offering"},{"not_picked":["Spot Weakness","Havoc"],"picked":"Shrug It Off"},{"not_picked":["Warcry","Combust"],"picked":"Twin Strike"},{"not_picked":["Clothesline","Anger"],"picked":"Shrug It Off"},{"not_picked":["Wild Strike","Armaments"],"picked":"Body Slam"},{"not_picked":["Pummel","Sentinel"],"picked":"Shrug It Off"},{"not_picked":["Second Wind","Havoc"],"picked":"Offering"}],"player_experience":1213461,"potions_floor_usage":[16,24,31],"damage_taken":[{"damage":1,"enemies":"Cultist","floor":1,"turns":4},{"damage":10,"enemies":"2 Louse","floor":3,"turns":3},{"damage":0,"enemies":"Jaw Worm","floor":4,"turns":6},{"damage":4,"enemies":"Looter","floor":7,"turns":3},{"damage":0,"enemies":"3 Louse","floor":10,"turns":5},{"damage":4,"enemies":"Gremlin Gang","floor":14,"turns":9},{"damage":40,"enemies":"Slime Boss","floor":16,"turns":16},{"damage":6,"enemies":"3 Byrds","floor":18,"turns":3},{"damage":4,"enemies":"Chosen","floor":19,"turns":4},{"damage":26,"enemies":"Sentry and Sphere","floor":24,"turns":7},{"damage":4,"enemies":"Snecko","floor":28,"turns":4},{"damage":4,"enemies":"Centurion and Healer","floor":29,"turns":4},{"damage":4,"enemies":"Snake Plant","floor":30,"turns":2},{"damage":4,"enemies":"Sentry and Sphere","floor":31,"turns":6},{"damage":78,"enemies":"Collector","floor":33,"turns":11}],"event_choices":[{"event_name":"Shining Light","player_choice":"Entered Light","floor":5,"damage_taken":0},{"event_name":"World of Goop","player_choice":"Gather Gold","floor":13,"damage_taken":0},{"event_name":"Beggar","player_choice":"Gave Gold","floor":20,"damage_taken":0},{"event_name":"Back to Basics","player_choice":"Elegance","floor":21,"damage_taken":0}],"boss_relics":[{"not_picked":["Calling Bell","Runic Cube"],"picked":"Runic Dome"}],"potions_floor_spawned":[1,10,18,28,29,30],"seed_played":"-3882225197588664337","killed_by":"Collector","ascension_level":12,"is_trial":false}