{"path_per_floor":["M","?","?","M","?","R","$","R","T","M","M","$","R","E","R","B",null,"M","M","$","?","?","?","E","?","T","R","$","R","$","M","R","B",null,"M","M","$","?","M","R","M","R","T","M","$","T","?","M","R","B"],"character_chosen":"IRONCLAD","items_purchased":["War Paint","Shrug It Off"],"gold_per_floor":[217,217,167,180,180,180,105,105,105,118,128,28,28,56,56,155,155,171,185,28,28,28,28,53,53,53,53,3,3,3,21,21,124,124,134,147,22,22,40,40,58,58,113,126,126,426,0,12,12,12],"floor_reached":51,"campfire_rested":1,"playtime":1717,"current_hp_per_floor":[80,80,80,80,73,73,73,73,73,77,80,80,80,64,64,38,80,80,80,80,80,80,80,62,46,46,46,46,46,46,58,58,70,80,80,80,80,80,80,80,80,80,80,80,80,80,80,80,80,80],"items_purged":["Defend_R","Strike_R","Strike_R"],"gold":12,"score":636,"play_id":"af2b2ed0-645d-420a-9545-f92b9c2c6fd8","is_prod":false,"is_daily":false,"is_ascension_mode":false,"campfire_upgraded":9,"path_taken":["M","?","?","M","?","R","$","R","T","?","M","$","R","E","R","BOSS","M","M","$","?","?","?","E","?","T","R","$","R","?","M","R","BOSS","M","M","$","?","M","R","M","R","T","M","?","?","?","?","R","BOSS"],"build_version":"2018-02-15-PROD1","purchased_purges":3,"victory":true,"master_deck":["Defend_R+1","Defend_R+1","Defend_R+1","Bash+1","True Grit+1","Battle Trance+1","Pommel Strike+1","Double Tap+1","Barricade+1","Flame Barrier+1","Body Slam+1","Injury","Shrug It Off+1","Seeing Red+1","Shrug It Off+1"],"max_hp_per_floor":[80,80,80,80,80,80,80,80,80,80,80,80,80,80,80,80,80,80,80,80,80,80,80,80,80,80,80,80,80,80,80,80,80,80,80,80,80,80,80,80,80,80,80,80,80,80,80,80,80,80],"relics":["Black Blood","Bag of Marbles","Bronze Scales","War Paint","Blood Vial","Nilry\u0027s Codex","Charon\u0027s Ashes","Runic Dome","Prayer Wheel","Old Coin","Red Mask"],"card_choices":[{"not_picked":["Thunderclap","Armaments"],"picked":"True Grit"},{"not_picked":["Warcry","Reckless Charge"],"picked":"Battle Trance"},{"not_picked":["Twin Strike","Thunderclap"],"picked":"Pommel Strike"},{"not_picked":["Anger","Warcry"],"picked":"Double Tap"},{"not_picked":["Feed","Double Tap"],"picked":"Barricade"},{"not_picked":["Rupture","Metallicize"],"picked":"Flame Barrier"},{"not_picked":["Intimidate","Dual Wield"],"picked":"Seeing Red"},{"not_picked":["Cleave","Power Through"],"picked":"Shrug It Off"}],"player_experience":1232785,"potions_floor_usage":[24,33,50,50],"damage_taken":[{"damage":6,"enemies":"2 Louse","floor":1,"turns":4},{"damage":5,"enemies":"Cultist","floor":4,"turns":5},{"damage":2,"enemies":"Jaw Worm","floor":10,"turns":3},{"damage":1,"enemies":"Looter","floor":11,"turns":3},{"damage":22,"enemies":"3 Sentries","floor":14,"turns":8},{"damage":32,"enemies":"Slime Boss","floor":16,"turns":11},{"damage":4,"enemies":"3 Byrds","floor":18,"turns":4},{"damage":0,"enemies":"Shell Parasite","floor":19,"turns":8},{"damage":28,"enemies":"Book of Stabbing","floor":24,"turns":7},{"damage":0,"enemies":"Cultist and Chosen","floor":31,"turns":6},{"damage":0,"enemies":"Collector","floor":33,"turns":8},{"damage":4,"enemies":"3 Darklings","floor":35,"turns":5},{"damage":0,"enemies":"Orb Walker","floor":36,"turns":4},{"damage":0,"enemies":"Sphere and 2 Shapes","floor":39,"turns":5},{"damage":1,"enemies":"3 Darklings","floor":41,"turns":5},{"damage":0,"enemies":"4 Shapes","floor":44,"turns":6},{"damage":0,"enemies":"Maw","floor":48,"turns":6},{"damage":0,"enemies":"Awakened One","floor":50,"turns":8}],"event_choices":[{"event_name":"Bonfire Elementals","player_choice":"BASIC","floor":2,"damage_taken":0},{"event_name":"The Cleric","player_choice":"Card Removal","floor":3,"damage_taken":0},{"event_name":"Golden Wing","player_choice":"Card Removal","floor":5,"damage_taken":0},{"event_name":"The Library","player_choice":"Read","floor":21,"damage_taken":0},{"event_name":"Accursed Blacksmith","player_choice":"Forge","floor":22,"damage_taken":0},{"event_name":"Drug Dealer","player_choice":"Ignored","floor":23,"damage_taken":0},{"event_name":"Cursed Tome","player_choice":"Obtained Book","floor":25,"damage_taken":0},{"event_name":"Mysterious Sphere","player_choice":"Ignore","floor":38,"damage_taken":0},{"event_name":"Tomb of Lord Red Mask","player_choice":"Paid","floor":47,"damage_taken":0}],"boss_relics":[{"not_picked":["Snecko Eye","White Beast Statue"],"picked":"Black Blood"},{"not_picked":["Calling Bell","Runic Cube"],"picked":"Runic Dome"}],"potions_floor_spawned":[10,14,16,18,31,33,41,48],"seed_played":"3269468552868379176","ascension_level":0,"is_trial":false}