{"path_per_floor":["M","T","M","?","$","R","M","R","T","R","M","R","M","M","R","B",null,"M","?","?","M","$","E","R","M","T","?","R","$","E","$","R","B",null,"M","M","$","M","?","R","M","M","T","R","?","M","R","M","R","B"],"character_chosen":"IRONCLAD","items_purchased":["Metallicize"],"gold_per_floor":[109,109,120,120,45,45,61,61,86,86,104,104,116,132,132,234,234,246,246,246,263,130,162,162,177,177,177,177,52,84,84,84,188,188,205,218,68,87,87,87,101,119,142,142,142,157,157,170,170,170],"floor_reached":51,"campfire_rested":0,"playtime":1975,"current_hp_per_floor":[80,80,80,64,64,64,68,68,68,68,76,76,80,80,80,52,80,79,64,64,76,76,83,83,85,85,85,85,85,85,85,85,67,85,85,85,85,85,85,85,85,85,85,85,85,87,87,87,87,83],"items_purged":["Strike_R","Strike_R","Strike_R","Strike_R"],"gold":170,"score":577,"play_id":"c8afb8c4-996c-496f-9c13-ebce00b9c63a","is_prod":false,"is_daily":false,"is_ascension_mode":false,"campfire_upgraded":12,"path_taken":["M","?","M","?","$","R","M","R","T","R","M","R","M","?","R","BOSS","M","?","?","M","$","E","R","?","T","?","R","$","E","?","R","BOSS","M","M","$","M","?","R","M","M","T","R","?","M","R","M","R","BOSS"],"build_version":"2018-02-15-PROD1","purchased_purges":4,"victory":true,"master_deck":["Strike_R+1","Defend_R+1","Defend_R+1","Defend_R","Defend_R","Bash+1","Ghostly Armor+1","Rampage+1","Ghostly Armor+1","Evolve+1","Body Slam+1","Battle Trance+1","Offering+1","Shrug It Off+1","Metallicize+1","Seeing Red+1","Metallicize+1"],"max_hp_per_floor":[80,80,80,80,80,80,80,80,80,80,80,80,80,80,80,80,80,80,85,85,85,85,85,85,85,85,85,85,85,85,85,85,85,85,85,85,85,85,85,85,85,85,85,85,85,87,87,87,87,87],"relics":["Black Blood","Calipers","Blood Vial","Anchor","Mummified Hand","Juzu Bracelet","Sozu","Singing Bowl"],"card_choices":[{"not_picked":["Iron Wave","True Grit"],"picked":"Ghostly Armor"},{"not_picked":["Flex","Clothesline"],"picked":"Rampage"},{"not_picked":["True Grit","Clothesline"],"picked":"Ghostly Armor"},{"not_picked":["Shockwave","Searing Blow"],"picked":"Evolve"},{"not_picked":["Battle Trance","Cleave"],"picked":"Body Slam"},{"not_picked":["Power Through","Pommel Strike"],"picked":"Battle Trance"},{"not_picked":["Berserk","Barricade"],"picked":"Offering"},{"not_picked":["Disarm","Clothesline"],"picked":"Shrug It Off"},{"not_picked":["Twin Strike","Searing Blow"],"picked":"Metallicize"}],"player_experience":1236293,"potions_floor_usage":[23,23],"damage_taken":[{"damage":1,"enemies":"Cultist","floor":1,"turns":4},{"damage":5,"enemies":"Small Slimes","floor":3,"turns":4},{"damage":2,"enemies":"2 Louse","floor":7,"turns":3},{"damage":0,"enemies":"Blue Slaver","floor":11,"turns":3},{"damage":0,"enemies":"Exordium Thugs","floor":13,"turns":6},{"damage":6,"enemies":"3 Louse","floor":14,"turns":5},{"damage":34,"enemies":"Slime Boss","floor":16,"turns":13},{"damage":11,"enemies":"2 Thieves","floor":18,"turns":4},{"damage":0,"enemies":"Shell Parasite","floor":21,"turns":6},{"damage":5,"enemies":"Gremlin Leader","floor":23,"turns":11},{"damage":4,"enemies":"Centurion and Healer","floor":25,"turns":8},{"damage":0,"enemies":"Slavers","floor":30,"turns":6},{"damage":28,"enemies":"Champ","floor":33,"turns":12},{"damage":4,"enemies":"Orb Walker","floor":35,"turns":4},{"damage":4,"enemies":"3 Shapes","floor":36,"turns":4},{"damage":4,"enemies":"Sphere and 2 Shapes","floor":38,"turns":5},{"damage":4,"enemies":"4 Shapes","floor":41,"turns":6},{"damage":4,"enemies":"3 Darklings","floor":42,"turns":6},{"damage":4,"enemies":"Sphere and 2 Shapes","floor":46,"turns":5},{"damage":4,"enemies":"4 Shapes","floor":48,"turns":6},{"damage":14,"enemies":"Time Eater","floor":50,"turns":13}],"event_choices":[{"event_name":"Shining Light","player_choice":"Entered Light","floor":4,"damage_taken":0},{"event_name":"Forgotten Altar","player_choice":"Shed Blood","floor":19,"damage_taken":0},{"event_name":"Drug Dealer","player_choice":"Ignored","floor":20,"damage_taken":0},{"event_name":"The Library","player_choice":"Read","floor":27,"damage_taken":0},{"event_name":"Accursed Blacksmith","player_choice":"Ignore","floor":39,"damage_taken":0},{"event_name":"Match and Keep!","player_choice":"0 cards matched","floor":45,"damage_taken":0},{"event_name":"Match and Keep!","player_choice":"0 cards matched","floor":45,"damage_taken":0},{"event_name":"Match and Keep!","player_choice":"0 cards matched","floor":45,"damage_taken":0}],"boss_relics":[{"not_picked":["Black Star","Runic Pyramid"],"picked":"Black Blood"},{"not_picked":["Runic Cube","Question Card"],"picked":"Sozu"}],"potions_floor_spawned":[7,11,13,23,25,36,41,42,48],"seed_played":"-7034040307897289965","ascension_level":0,"is_trial":false}