{"path_per_floor":["M","T","?","$","M","R","E","R","T","R","?","$","M","$","R","B",null,"M","?","M","?","?","R","$","R","T","M","M","$","M","?","R"],"character_chosen":"IRONCLAD","items_purchased":["Shrug It Off","Battle Trance"],"gold_per_floor":[114,114,114,39,55,55,84,84,164,164,114,72,90,10,10,84,84,96,96,115,115,215,215,115,115,188,206,219,40,58,58,58],"floor_reached":33,"campfire_rested":1,"playtime":1163,"current_hp_per_floor":[77,77,77,77,80,80,49,49,49,73,73,73,83,83,83,30,71,66,66,65,88,88,88,88,88,88,70,63,63,43,43,43],"items_purged":["Parasite","Strike_R","Defend_R","Defend_R"],"gold":58,"score":423,"play_id":"098242a8-c6bb-4ca5-9952-03fd68fd5f3a","is_prod":false,"is_daily":false,"is_ascension_mode":true,"campfire_upgraded":6,"path_taken":["M","?","?","?","M","R","E","R","T","R","?","$","M","$","R","BOSS","M","?","M","?","?","R","$","R","T","M","M","?","M","?","R","BOSS"],"build_version":"2018-02-15-PROD1","purchased_purges":4,"victory":false,"master_deck":["Defend_R","Feed+1","Twin Strike","True Grit+1","Limit Break+1","Shrug It Off+1","Flex+1","Cleave+1","Disarm+1","Clothesline+1","Flame Barrier+1","Shrug It Off","Battle Trance","Body Slam+1"],"max_hp_per_floor":[80,80,80,77,80,80,80,80,80,80,80,80,84,84,84,84,84,88,88,88,88,88,88,88,88,88,92,92,92,96,96,96],"relics":["Burning Blood","Charon\u0027s Ashes","Juzu Bracelet","The Courier","Astrolabe","Self Forming Clay"],"card_choices":[{"not_picked":["Clothesline","Wild Strike"],"picked":"Twin Strike"},{"not_picked":["Havoc","Perfected Strike"],"picked":"True Grit"},{"not_picked":["Sever Soul","Carnage"],"picked":"Limit Break"},{"not_picked":["Shockwave","Wild Strike"],"picked":"Flex"},{"not_picked":["Clash","Shockwave"],"picked":"Flame Barrier"},{"not_picked":["Thunderclap","Heavy Blade"],"picked":"Shrug It Off"},{"not_picked":["Wild Strike","Fire Breathing"],"picked":"Body Slam"}],"player_experience":1224944,"potions_floor_usage":[20,28,33,33],"damage_taken":[{"damage":1,"enemies":"Cultist","floor":1,"turns":4},{"damage":5,"enemies":"Small Slimes","floor":5,"turns":3},{"damage":37,"enemies":"Gremlin Nob","floor":7,"turns":5},{"damage":0,"enemies":"2 Louse","floor":13,"turns":3},{"damage":59,"enemies":"Slime Boss","floor":16,"turns":12},{"damage":15,"enemies":"3 Byrds","floor":18,"turns":4},{"damage":16,"enemies":"Spheric Guardian","floor":20,"turns":4},{"damage":28,"enemies":"Chosen and Byrds","floor":27,"turns":7},{"damage":13,"enemies":"3 Cultists","floor":28,"turns":6},{"damage":30,"enemies":"Centurion and Healer","floor":30,"turns":7},{"damage":54,"enemies":"Collector","floor":33,"turns":5}],"event_choices":[{"event_name":"Liars Game","player_choice":"disagreed","floor":3,"damage_taken":0},{"event_name":"The Cleric","player_choice":"Card Removal","floor":11,"damage_taken":0},{"event_name":"Purifier","player_choice":"One Purge","floor":19,"damage_taken":0},{"event_name":"The Library","player_choice":"Heal","floor":21,"damage_taken":0},{"event_name":"Golden Shrine","player_choice":"Pray","floor":22,"damage_taken":0},{"event_name":"Addict","player_choice":"Ignored","floor":31,"damage_taken":0}],"boss_relics":[{"not_picked":["Snecko Eye","Philosopher\u0027s Stone"],"picked":"Astrolabe"}],"potions_floor_spawned":[7,16,20,30],"seed_played":"-6135192247388605104","killed_by":"Collector","ascension_level":13,"is_trial":false}