{"path_per_floor":["M","?","?","$","?","M","R","T","T","?","M","R","$","M","R","B",null,"M","M","$","M","M","R","M","M","T","R","?","?","?","M","R","B",null,"M","M","$","M","?","R","M","R","T","$","M","R","?","?","R","B"],"character_chosen":"IRONCLAD","items_purchased":["Battle Trance"],"gold_per_floor":[216,316,266,114,114,125,125,172,172,172,189,189,89,107,107,206,206,216,232,107,124,135,135,150,166,166,166,166,166,91,101,101,197,197,211,231,81,96,0,0,18,18,45,45,60,60,60,60,60,60],"floor_reached":51,"campfire_rested":3,"playtime":1995,"current_hp_per_floor":[73,73,73,73,73,76,76,76,76,69,75,75,75,74,74,69,75,69,68,68,53,52,52,17,12,12,39,39,23,23,38,66,26,78,84,95,95,98,98,98,101,101,101,101,85,85,85,85,101,83],"items_purged":["Strike_R","Bash","Strike_R","Defend_R"],"gold":60,"score":893,"play_id":"6e05af22-8d34-4352-946d-216e7e0efa9b","is_prod":false,"is_daily":false,"is_ascension_mode":true,"campfire_upgraded":7,"path_taken":["M","?","?","$","?","M","R","?","T","?","?","R","?","M","R","BOSS","M","M","$","?","M","R","M","M","T","R","?","?","?","M","R","BOSS","M","M","$","M","?","R","M","R","T","$","?","R","?","?","R","BOSS"],"build_version":"2018-02-12-PROD1","purchased_purges":4,"victory":true,"master_deck":["Defend_R+1","Defend_R+1","Spot Weakness+1","Battle Trance+1","Body Slam+1","Heavy Blade+1","Feed","Shrug It Off+1"],"max_hp_per_floor":[80,80,77,77,77,77,77,77,77,77,77,77,77,77,77,77,77,80,83,83,86,86,86,89,92,92,92,92,92,92,95,95,95,95,95,95,95,98,98,98,101,101,101,101,101,101,101,101,101,101],"relics":["Black Blood","Bag of Preparation","Sundial","Gremlin Horn","Bird Faced Urn","Enchiridion","Velvet Choker","Red Mask","Pen Nib"],"card_choices":[{"not_picked":["Heavy Blade","Clash"],"picked":"Spot Weakness"},{"not_picked":["Evolve","Twin Strike"],"picked":"Body Slam"},{"not_picked":["Clothesline","Carnage"],"picked":"Heavy Blade"},{"not_picked":["Limit Break","Reaper"],"picked":"Feed"},{"not_picked":["Flame Barrier","Warcry"],"picked":"Shrug It Off"}],"player_experience":1206911,"potions_floor_usage":[19,22,22,24,33,50,50],"damage_taken":[{"damage":5,"enemies":"Cultist","floor":1,"turns":5},{"damage":3,"enemies":"Blue Slaver","floor":6,"turns":10},{"damage":0,"enemies":"2 Louse","floor":11,"turns":3},{"damage":7,"enemies":"Large Slime","floor":14,"turns":4},{"damage":11,"enemies":"Slime Boss","floor":16,"turns":9},{"damage":19,"enemies":"3 Byrds","floor":18,"turns":5},{"damage":14,"enemies":"2 Thieves","floor":19,"turns":4},{"damage":28,"enemies":"3 Cultists","floor":21,"turns":4},{"damage":11,"enemies":"Snake Plant","floor":22,"turns":3},{"damage":48,"enemies":"Cultist and Chosen","floor":24,"turns":9},{"damage":18,"enemies":"Centurion and Healer","floor":25,"turns":7},{"damage":0,"enemies":"3 Cultists","floor":31,"turns":4},{"damage":52,"enemies":"Automaton","floor":33,"turns":9},{"damage":6,"enemies":"3 Darklings","floor":35,"turns":5},{"damage":0,"enemies":"Orb Walker","floor":36,"turns":3},{"damage":1,"enemies":"4 Shapes","floor":38,"turns":4},{"damage":0,"enemies":"Sphere and 2 Shapes","floor":41,"turns":2},{"damage":26,"enemies":"Maw","floor":45,"turns":6},{"damage":28,"enemies":"Time Eater","floor":50,"turns":6}],"event_choices":[{"event_name":"Golden Shrine","player_choice":"Pray","floor":2,"damage_taken":0},{"event_name":"The Cleric","player_choice":"Card Removal","floor":3,"damage_taken":0},{"event_name":"Living Wall","player_choice":"Forget","floor":5,"damage_taken":0},{"event_name":"Scrap Ooze","player_choice":"success","floor":10,"damage_taken":7},{"event_name":"Purifier","player_choice":"One Purge","floor":28,"damage_taken":0},{"event_name":"Cursed Tome","player_choice":"Obtained Book","floor":29,"damage_taken":0},{"event_name":"Beggar","player_choice":"Gave Gold","floor":30,"damage_taken":0},{"event_name":"Tomb of Lord Red Mask","player_choice":"Paid","floor":39,"damage_taken":0},{"event_name":"Accursed Blacksmith","player_choice":"Ignore","floor":48,"damage_taken":0}],"boss_relics":[{"not_picked":["Tiny House","Eternal Feather"],"picked":"Black Blood"},{"not_picked":["Runic Dome","Lizard Tail"],"picked":"Velvet Choker"}],"potions_floor_spawned":[6,11,19,21,22,41,45],"seed_played":"-5696521901332329486","ascension_level":10,"is_trial":false}