{"path_per_floor":["M","$","?","?","M","E","R","M","T","M","R","M","M","M","R","B",null,"M","T","$","?","?","R","$","R","T","M","M","E","M","M","R","B",null,"M","?","M","M","?","R","M","M","T","M","$","R","$","$","R","B"],"character_chosen":"IRONCLAD","items_purchased":["Singing Bowl","Shrug It Off","Metallicize","Flame Barrier"],"gold_per_floor":[118,43,43,118,132,163,163,176,202,216,216,236,253,269,269,365,365,380,404,75,75,75,75,75,75,75,92,111,145,161,172,172,268,268,278,278,290,303,303,303,316,331,331,345,220,220,70,34,34,34],"floor_reached":51,"campfire_rested":0,"playtime":2254,"current_hp_per_floor":[80,80,85,74,77,52,52,54,54,36,36,42,42,27,27,24,85,88,88,88,88,88,88,88,88,88,90,98,107,94,101,101,13,118,124,124,131,105,105,113,125,140,140,127,127,135,135,135,143,77],"items_purged":["Strike_R","Strike_R","Strike_R","Strike_R"],"gold":34,"score":596,"play_id":"c5cc078b-154d-4697-bb7b-b07a439161e3","is_prod":false,"is_daily":false,"is_ascension_mode":false,"campfire_upgraded":9,"path_taken":["M","$","?","?","?","E","R","M","T","M","R","M","M","?","R","BOSS","M","?","$","?","?","R","?","R","T","M","M","E","M","M","R","BOSS","M","?","?","M","?","R","M","M","T","M","$","R","?","$","R","BOSS"],"build_version":"2018-02-08-PROD1","purchased_purges":4,"victory":true,"master_deck":["Strike_R","Defend_R","Defend_R","Defend_R","Defend_R","Bash+1","Clothesline+1","Spot Weakness+1","Iron Wave+1","Seeing Red+1","Feed+1","Feed","Shrug It Off+1","Metallicize","Metallicize","Shrug It Off+1","True Grit+1","Barricade+1","Body Slam+1","Flame Barrier+1"],"max_hp_per_floor":[80,80,85,85,85,85,85,85,85,85,85,85,85,85,85,85,85,91,91,91,91,91,91,91,91,91,91,98,107,109,118,118,118,118,124,124,131,133,133,133,139,148,148,150,150,150,150,150,150,150],"relics":["Burning Blood","Pantograph","Anchor","Mark of Pain","Bronze Scales","Singing Bowl","Blue Candle","Paper Frog","Eternal Feather","Unceasing Top"],"card_choices":[{"not_picked":["Sword Boomerang","Rupture"],"picked":"Clothesline"},{"not_picked":["Havoc","Perfected Strike"],"picked":"Spot Weakness"},{"not_picked":["Clash","Rupture"],"picked":"Iron Wave"},{"not_picked":["Anger","Thunderclap"],"picked":"Seeing Red"},{"not_picked":["Havoc","Sever Soul"],"picked":"Feed"},{"not_picked":["Impervious","Berserk"],"picked":"Feed"},{"not_picked":["Anger","Hemokinesis"],"picked":"Shrug It Off"},{"not_picked":["Thunderclap","Cleave"],"picked":"True Grit"},{"not_picked":["Demon Form","Impervious"],"picked":"Barricade"},{"not_picked":["Iron Wave","Perfected Strike"],"picked":"Body Slam"}],"player_experience":1104736,"potions_floor_usage":[16,29,29,33,33,38,50,50,50],"damage_taken":[{"damage":1,"enemies":"Cultist","floor":1,"turns":3},{"damage":3,"enemies":"Jaw Worm","floor":5,"turns":3},{"damage":31,"enemies":"Lagavulin","floor":6,"turns":6},{"damage":4,"enemies":"2 Louse","floor":8,"turns":4},{"damage":24,"enemies":"Exordium Thugs","floor":10,"turns":7},{"damage":0,"enemies":"Large Slime","floor":12,"turns":4},{"damage":6,"enemies":"Red Slaver","floor":13,"turns":4},{"damage":21,"enemies":"Gremlin Gang","floor":14,"turns":7},{"damage":49,"enemies":"Slime Boss","floor":16,"turns":12},{"damage":9,"enemies":"2 Thieves","floor":18,"turns":4},{"damage":4,"enemies":"Shell Parasite","floor":27,"turns":6},{"damage":4,"enemies":"Centurion and Healer","floor":28,"turns":6},{"damage":3,"enemies":"Slavers","floor":29,"turns":6},{"damage":21,"enemies":"Chosen and Byrds","floor":30,"turns":6},{"damage":8,"enemies":"Slaver and Parasite","floor":31,"turns":8},{"damage":111,"enemies":"Collector","floor":33,"turns":16},{"damage":5,"enemies":"Orb Walker","floor":35,"turns":6},{"damage":0,"enemies":"3 Shapes","floor":37,"turns":10},{"damage":34,"enemies":"3 Darklings","floor":38,"turns":8},{"damage":0,"enemies":"Maw","floor":41,"turns":9},{"damage":0,"enemies":"4 Shapes","floor":42,"turns":12},{"damage":21,"enemies":"Sphere and 2 Shapes","floor":44,"turns":7},{"damage":79,"enemies":"Awakened One","floor":50,"turns":15}],"event_choices":[{"event_name":"Big Fish","player_choice":"Donut","floor":3,"damage_taken":0},{"event_name":"World of Goop","player_choice":"Gather Gold","floor":4,"damage_taken":0},{"event_name":"The Mausoleum","player_choice":"No","floor":21,"damage_taken":0},{"event_name":"Duplicator","player_choice":"One dupe","floor":22,"damage_taken":0},{"event_name":"Mysterious Sphere","player_choice":"Ignore","floor":36,"damage_taken":0},{"event_name":"Tomb of Lord Red Mask","player_choice":"Ignored","floor":39,"damage_taken":0}],"boss_relics":[{"not_picked":["Snecko Eye","Cursed Key"],"picked":"Mark of Pain"},{"not_picked":["Tiny House","Black Star"],"picked":"Eternal Feather"}],"potions_floor_spawned":[1,12,14,27,30,33,37,38,41,44],"seed_played":"-325514063570376617","ascension_level":0,"is_trial":false}