{"path_per_floor":["M","?","M","$","M","E","R","$","T","R","M","R","M","?","R","B",null,"M","?","T","M","$","R","M","R","T","R","E","?","M","M","R","B",null,"M","?","?","M","M","R","E","M","T","R","$","R","M","$","R","B"],"character_chosen":"IRONCLAD","items_purchased":["Bag of Preparation","Regen Potion","Bloodletting","True Grit"],"gold_per_floor":[13,13,27,27,48,84,84,9,9,9,30,30,48,123,123,243,243,262,262,288,303,6,6,24,24,50,50,81,6,25,44,44,173,173,188,188,188,202,220,220,258,281,328,328,167,167,180,4,4,4],"floor_reached":51,"campfire_rested":3,"playtime":2582,"current_hp_per_floor":[66,66,67,67,67,23,44,44,44,44,51,51,57,46,46,33,62,65,65,65,24,24,45,51,51,51,51,41,41,47,51,51,27,60,46,46,46,56,55,71,42,47,54,54,54,54,50,50,50,61],"items_purged":["Strike_R","Strike_R","Strike_R","Defend_R"],"gold":4,"score":882,"play_id":"0a1f289a-112a-413b-984f-67d747df3862","is_prod":false,"is_daily":false,"is_ascension_mode":true,"campfire_upgraded":9,"path_taken":["M","?","M","$","?","E","R","$","T","R","M","R","M","?","R","BOSS","M","?","?","?","?","R","M","R","T","R","E","?","M","M","R","BOSS","M","?","?","M","M","R","E","M","T","R","?","R","M","$","R","BOSS"],"build_version":"2018-02-12-PROD1","purchased_purges":4,"victory":true,"master_deck":["Defend_R","Defend_R","Defend_R","Bash","Rampage+1","Shrug It Off+1","Metallicize+1","Shrug It Off+1","Battle Trance+1","Evolve+1","Shrug It Off+1","Double Tap","Bloodletting+1","True Grit+1"],"max_hp_per_floor":[77,71,71,71,71,71,71,71,71,71,71,71,71,71,71,71,71,71,71,71,71,71,71,71,71,71,71,71,71,71,71,71,71,71,71,71,71,71,71,71,71,71,78,78,78,78,78,78,78,78],"relics":["Burning Blood","Golden Idol","Oddly Smooth Stone","Frozen Eye","Philosopher\u0027s Stone","Orichalcum","Bag of Preparation","Pen Nib","Pantograph","Lizard Tail","Bronze Scales","Strawberry"],"card_choices":[{"not_picked":["Entrench","Burning Pact"],"picked":"Rampage"},{"not_picked":["Searing Blow","Anger"],"picked":"Shrug It Off"},{"not_picked":["Clash","Havoc"],"picked":"Metallicize"},{"not_picked":["Sword Boomerang","Havoc"],"picked":"Shrug It Off"},{"not_picked":["Evolve","Rupture"],"picked":"Battle Trance"},{"not_picked":["Clothesline","Twin Strike"],"picked":"Evolve"},{"not_picked":["Dark Embrace","Limit Break"],"picked":"Double Tap"}],"player_experience":1215240,"potions_floor_usage":[6,11,21,24,28,38,42,42,50],"damage_taken":[{"damage":12,"enemies":"Blue Slaver","floor":1,"turns":9},{"damage":5,"enemies":"2 Louse","floor":3,"turns":4},{"damage":6,"enemies":"Jaw Worm","floor":5,"turns":4},{"damage":50,"enemies":"Lagavulin","floor":6,"turns":10},{"damage":11,"enemies":"Gremlin Gang","floor":11,"turns":6},{"damage":0,"enemies":"Looter","floor":13,"turns":3},{"damage":19,"enemies":"Slime Boss","floor":16,"turns":10},{"damage":3,"enemies":"Spheric Guardian","floor":18,"turns":6},{"damage":47,"enemies":"3 Byrds","floor":21,"turns":7},{"damage":0,"enemies":"Snecko","floor":24,"turns":6},{"damage":28,"enemies":"Gremlin Leader","floor":28,"turns":10},{"damage":0,"enemies":"Centurion and Healer","floor":30,"turns":5},{"damage":2,"enemies":"Slaver and Parasite","floor":31,"turns":8},{"damage":50,"enemies":"Automaton","floor":33,"turns":9},{"damage":20,"enemies":"Orb Walker","floor":35,"turns":6},{"damage":8,"enemies":"3 Darklings","floor":38,"turns":6},{"damage":7,"enemies":"4 Shapes","floor":39,"turns":7},{"damage":35,"enemies":"Giant Head","floor":41,"turns":7},{"damage":1,"enemies":"Sphere and 2 Shapes","floor":42,"turns":6},{"damage":10,"enemies":"3 Darklings","floor":47,"turns":5},{"damage":20,"enemies":"Time Eater","floor":50,"turns":8}],"event_choices":[{"event_name":"Golden Idol","player_choice":"Lose Max HP","floor":2,"damage_taken":0},{"event_name":"World of Goop","player_choice":"Gather Gold","floor":14,"damage_taken":0},{"event_name":"The Library","player_choice":"Read","floor":19,"damage_taken":0},{"event_name":"Beggar","player_choice":"Gave Gold","floor":29,"damage_taken":0},{"event_name":"Tomb of Lord Red Mask","player_choice":"Ignored","floor":36,"damage_taken":0},{"event_name":"Mysterious Sphere","player_choice":"Ignore","floor":37,"damage_taken":0}],"boss_relics":[{"not_picked":["Calling Bell","Snecko Eye"],"picked":"Philosopher\u0027s Stone"},{"not_picked":["Eternal Feather","Question Card"],"picked":"Lizard Tail"}],"potions_floor_spawned":[1,6,16,18,21,24,35,41],"seed_played":"1291706894209961403","ascension_level":12,"is_trial":false}