{"path_per_floor":["M","?","M","M","M","R","M","R","T","?","E","M","?","?","R","B",null,"M","M","M","$","M","R","M","R","T","R","M","?","R","M","R"],"character_chosen":"IRONCLAD","items_purchased":[],"gold_per_floor":[19,19,30,47,59,59,79,79,79,79,114,131,131,131,131,205,205,219,238,252,177,188,188,203,203,203,203,222,137,137,152,152],"floor_reached":33,"campfire_rested":2,"playtime":1222,"current_hp_per_floor":[71,56,54,60,64,64,58,58,58,51,15,20,20,20,58,14,61,61,56,27,27,7,45,43,43,43,43,45,52,52,49,49],"items_purged":["Rampage"],"gold":152,"score":414,"play_id":"18ae9fa4-d9ce-4194-8130-cf83a6dec6c0","is_prod":false,"is_daily":false,"is_ascension_mode":true,"campfire_upgraded":6,"path_taken":["M","?","M","M","M","R","M","R","T","?","E","M","?","?","R","BOSS","M","M","?","$","M","R","M","R","T","R","M","?","R","M","R","BOSS"],"build_version":"2018-02-15-PROD1","purchased_purges":1,"victory":false,"master_deck":["Bash+1","Searing Blow+6","Shrug It Off+1","Seeing Red","Bloodletting+1","Thunderclap","Clothesline","Armaments+1","Seeing Red","True Grit","Shrug It Off","Offering"],"max_hp_per_floor":[77,77,77,77,77,77,77,77,77,77,77,77,77,77,77,77,77,77,77,77,77,77,77,77,77,77,77,77,84,84,84,84],"relics":["Burning Blood","Peace Pipe","Regal Pillow","Pandora\u0027s Box","War Paint","Strawberry"],"card_choices":[{"not_picked":["Flex","Heavy Blade"],"picked":"Searing Blow"},{"not_picked":["True Grit","Sword Boomerang"],"picked":"Shrug It Off"},{"not_picked":["Armaments","Wild Strike"],"picked":"Seeing Red"},{"not_picked":["Headbutt","Sword Boomerang"],"picked":"Shrug It Off"},{"not_picked":["Metallicize","Sword Boomerang"],"picked":"Offering"}],"player_experience":1218840,"potions_floor_usage":[19,24,33,33],"damage_taken":[{"damage":7,"enemies":"2 Louse","floor":1,"turns":5},{"damage":8,"enemies":"Jaw Worm","floor":3,"turns":4},{"damage":0,"enemies":"Small Slimes","floor":4,"turns":3},{"damage":2,"enemies":"2 Fungi Beasts","floor":5,"turns":6},{"damage":12,"enemies":"3 Louse","floor":7,"turns":3},{"damage":42,"enemies":"Lagavulin","floor":11,"turns":7},{"damage":1,"enemies":"Looter","floor":12,"turns":4},{"damage":50,"enemies":"Slime Boss","floor":16,"turns":15},{"damage":6,"enemies":"Spheric Guardian","floor":18,"turns":3},{"damage":23,"enemies":"3 Byrds","floor":19,"turns":7},{"damage":35,"enemies":"Centurion and Healer","floor":20,"turns":6},{"damage":26,"enemies":"Cultist and Chosen","floor":22,"turns":6},{"damage":8,"enemies":"Snake Plant","floor":24,"turns":3},{"damage":4,"enemies":"3 Cultists","floor":28,"turns":3},{"damage":9,"enemies":"Cultist and Chosen","floor":31,"turns":2},{"damage":59,"enemies":"Champ","floor":33,"turns":5}],"event_choices":[{"event_name":"Shining Light","player_choice":"Entered Light","floor":2,"damage_taken":0},{"event_name":"Golden Wing","player_choice":"Card Removal","floor":10,"damage_taken":0},{"event_name":"Golden Idol","player_choice":"Ignored","floor":13,"damage_taken":0},{"event_name":"Living Wall","player_choice":"Grow","floor":14,"damage_taken":0},{"event_name":"Addict","player_choice":"Obtained Relic","floor":29,"damage_taken":0}],"boss_relics":[{"not_picked":["Calling Bell","Philosopher\u0027s Stone"],"picked":"Pandora\u0027s Box"}],"potions_floor_spawned":[1,7,16,20,28],"seed_played":"792489155536904877","killed_by":"Champ","ascension_level":13,"is_trial":false}