{"path_per_floor":["M","?","M","?","?","R","M","R","T","M","?","M","R","M","R","B",null,"M","?","M","M","$","R","M","R","T","?","M"],"character_chosen":"IRONCLAD","items_purchased":["Impervious"],"gold_per_floor":[114,114,132,132,132,132,152,152,152,172,172,182,182,192,192,271,271,289,289,302,312,165,165,181,181,204,204,214],"floor_reached":29,"campfire_rested":1,"playtime":966,"current_hp_per_floor":[71,71,65,58,58,58,62,62,62,67,52,53,53,59,59,59,73,56,56,45,36,36,60,65,65,65,49,11],"items_purged":["Strike_R"],"gold":214,"score":358,"play_id":"913232c6-4277-4cd4-84b2-6216bb1d9adc","is_prod":false,"is_daily":false,"is_ascension_mode":true,"campfire_upgraded":5,"path_taken":["M","?","M","?","?","R","M","R","T","?","?","M","R","M","R","BOSS","M","?","M","M","$","R","M","R","T","?","?","M"],"build_version":"2018-02-15-PROD1","purchased_purges":1,"victory":false,"master_deck":["Strike_R","Strike_R+1","Strike_R","Defend_R+1","Defend_R+1","Defend_R","Defend_R","Bash+1","Pommel Strike+1","Headbutt","Shrug It Off+1","Demon Form+1","Feed","Seeing Red","Impervious","Flame Barrier"],"max_hp_per_floor":[80,80,80,77,77,77,77,77,77,77,77,77,77,77,77,77,77,80,80,80,80,80,80,83,83,83,88,91],"relics":["Burning Blood","Thread and Needle","Mark of Pain","Anchor"],"card_choices":[{"not_picked":["Thunderclap","Power Through"],"picked":"Pommel Strike"},{"not_picked":["Perfected Strike","Dual Wield"],"picked":"Headbutt"},{"not_picked":["Armaments","Reckless Charge"],"picked":"Shrug It Off"},{"not_picked":["Intimidate","Clash"],"picked":"Demon Form"},{"not_picked":["Juggernaut","Berserk"],"picked":"Feed"},{"not_picked":["Havoc","Thunderclap"],"picked":"Seeing Red"},{"not_picked":["Pummel","Armaments"],"picked":"Flame Barrier"}],"player_experience":1223978,"potions_floor_usage":[28],"damage_taken":[{"damage":7.0,"enemies":"2 Louse","floor":1.0,"turns":3.0},{"damage":12.0,"enemies":"Small Slimes","floor":3.0,"turns":4.0},{"damage":2.0,"enemies":"Jaw Worm","floor":7.0,"turns":6.0},{"damage":1.0,"enemies":"Looter","floor":10.0,"turns":3.0},{"damage":5.0,"enemies":"2 Fungi Beasts","floor":12.0,"turns":3.0},{"damage":0.0,"enemies":"3 Louse","floor":14.0,"turns":3.0},{"damage":6.0,"enemies":"Hexaghost","floor":16.0,"turns":9.0},{"damage":26.0,"enemies":"3 Byrds","floor":18.0,"turns":6.0},{"damage":17.0,"enemies":"Shell Parasite","floor":20.0,"turns":6.0},{"damage":15.0,"enemies":"Snecko","floor":21.0,"turns":5.0},{"damage":4.0,"enemies":"Centurion and Healer","floor":24.0,"turns":6.0},{"damage":47,"enemies":"3 Cultists","floor":28,"turns":7},{"damage":20,"enemies":"Sentry and Sphere","floor":29,"turns":3}],"event_choices":[{"event_name":"Liars Game","player_choice":"disagreed","floor":2.0,"damage_taken":0.0},{"event_name":"Golden Wing","player_choice":"Card Removal","floor":4.0,"damage_taken":0.0},{"event_name":"Living Wall","player_choice":"Forget","floor":5.0,"damage_taken":0.0},{"event_name":"Shining Light","player_choice":"Entered Light","floor":11.0,"damage_taken":0.0},{"event_name":"The Mausoleum","player_choice":"No","floor":19.0,"damage_taken":0.0},{"event_name":"Forgotten Altar","player_choice":"Shed Blood","floor":27.0,"damage_taken":0.0}],"boss_relics":[],"potions_floor_spawned":[7,10,14,20,21,28],"seed_played":"4856404212161475753","killed_by":"Sentry and Sphere","ascension_level":13,"is_trial":false}