{"path_per_floor":["M","M","?","M","M","E","?","$","T","R","$","R","?","M","R","B",null,"M","M","?","?","M","R","?","$","T","$","R","M","M","M","R","B",null,"M","?","M","$","?","R","M","R","T","R","?","$","R","$","R","B"],"character_chosen":"IRONCLAD","items_purchased":["Singing Bowl","True Grit","Metallicize"],"gold_per_floor":[119,134,134,154,167,194,194,15,41,41,41,41,41,55,55,159,159,159,159,159,74,74,74,74,33,33,33,33,33,33,33,33,33,33,33,33,33,33,33,33,33,33,33,33,33,33,33,33,33,33],"floor_reached":51,"campfire_rested":1,"playtime":1701,"current_hp_per_floor":[83,88,70,76,82,60,53,53,53,53,53,53,41,46,46,35,88,88,85,85,85,90,90,72,72,72,72,72,78,86,90,90,78,99,101,101,103,103,90,90,83,83,83,83,83,83,83,83,103,12],"items_purged":[],"gold":33,"score":518,"play_id":"2606850f-fc83-4ec4-9d62-023cc196537c","is_prod":false,"is_daily":false,"is_ascension_mode":false,"campfire_upgraded":10,"path_taken":["M","M","?","M","M","E","?","?","T","R","$","R","?","M","R","BOSS","M","M","?","?","M","R","?","?","T","$","R","M","M","?","R","BOSS","M","?","M","?","?","R","M","R","T","R","?","$","R","$","R","BOSS"],"build_version":"2018-02-22-PROD2","purchased_purges":0,"victory":true,"master_deck":["Strike_R","Strike_R","Strike_R","Strike_R","Strike_R+1","Defend_R+1","Defend_R","Defend_R","Defend_R","Double Tap+1","Uppercut+1","Twin Strike","Metallicize+1","True Grit+1","Body Slam+1","Barricade+1","True Grit+1","Shrug It Off+1","Metallicize+1","Body Slam+1","Impervious+1","Madness+1","Madness","Evolve+1"],"max_hp_per_floor":[88,88,88,88,88,88,88,88,88,88,88,88,88,88,88,88,88,88,88,88,88,90,90,95,95,95,95,95,95,97,99,99,99,99,101,101,103,103,103,103,103,103,103,103,103,103,103,103,103,103],"relics":["Burning Blood","Blue Candle","Singing Bowl","Bag of Preparation","Red Skull","Ectoplasm","Vajra","Bag of Marbles","Philosopher\u0027s Stone","Bronze Scales"],"card_choices":[{"not_picked":["Searing Blow","Hemokinesis"],"picked":"Double Tap"},{"not_picked":["Dropkick","Iron Wave"],"picked":"Uppercut"},{"not_picked":["Clothesline","Warcry"],"picked":"Twin Strike"},{"not_picked":["Burning Pact","Dark Embrace"],"picked":"Metallicize"},{"not_picked":["Twin Strike","Searing Blow"],"picked":"Body Slam"},{"not_picked":["Double Tap","Exhume"],"picked":"Barricade"},{"not_picked":["Infernal Blade","Cleave"],"picked":"True Grit"},{"not_picked":["Reckless Charge","Armaments"],"picked":"Shrug It Off"},{"not_picked":["Pummel","Clash"],"picked":"Body Slam"},{"not_picked":["Feed","Immolate"],"picked":"Impervious"},{"not_picked":["Infernal Blade","Dual Wield"],"picked":"Evolve"}],"player_experience":1337510,"potions_floor_usage":[6,18,22,31,31,41,50],"damage_taken":[{"damage":11,"enemies":"Jaw Worm","floor":1,"turns":4},{"damage":0,"enemies":"Small Slimes","floor":2,"turns":3},{"damage":0,"enemies":"2 Louse","floor":4,"turns":2},{"damage":0,"enemies":"2 Fungi Beasts","floor":5,"turns":4},{"damage":28,"enemies":"Lagavulin","floor":6,"turns":8},{"damage":1,"enemies":"Looter","floor":14,"turns":2},{"damage":17,"enemies":"The Guardian","floor":16,"turns":9},{"damage":2,"enemies":"Spheric Guardian","floor":18,"turns":6},{"damage":9,"enemies":"3 Byrds","floor":19,"turns":8},{"damage":0,"enemies":"Centurion and Healer","floor":22,"turns":6},{"damage":0,"enemies":"Snecko","floor":29,"turns":4},{"damage":0,"enemies":"Snake Plant","floor":30,"turns":5},{"damage":4,"enemies":"Sentry and Sphere","floor":31,"turns":4},{"damage":18,"enemies":"Collector","floor":33,"turns":10},{"damage":4,"enemies":"3 Darklings","floor":35,"turns":9},{"damage":0,"enemies":"3 Shapes","floor":37,"turns":5},{"damage":13,"enemies":"Sphere and 2 Shapes","floor":41,"turns":7},{"damage":97,"enemies":"Donu and Deca","floor":50,"turns":12}],"event_choices":[{"event_name":"Shining Light","player_choice":"Entered Light","floor":3,"damage_taken":0},{"event_name":"Golden Wing","player_choice":"Card Removal","floor":7,"damage_taken":0},{"event_name":"Scrap Ooze","player_choice":"success","floor":13,"damage_taken":12},{"event_name":"Vampires","player_choice":"Ignored","floor":20,"damage_taken":0},{"event_name":"Addict","player_choice":"Obtained Relic","floor":21,"damage_taken":0},{"event_name":"Forgotten Altar","player_choice":"Shed Blood","floor":24,"damage_taken":0},{"event_name":"Mysterious Sphere","player_choice":"Ignore","floor":36,"damage_taken":0},{"event_name":"Winding Halls","player_choice":"Embrace Madness","floor":39,"damage_taken":0},{"event_name":"Upgrade Shrine","player_choice":"Upgraded","floor":45,"damage_taken":0}],"boss_relics":[{"not_picked":["Pandora\u0027s Box","Astrolabe"],"picked":"Ectoplasm"},{"not_picked":["Question Card","Runic Pyramid"],"picked":"Philosopher\u0027s Stone"}],"potions_floor_spawned":[2,5,14,18,29,35,41],"seed_played":"-4693033658264768957","ascension_level":0,"is_trial":false}