{"path_per_floor":["M","?","?","M","?","R","M","?","T","R","$","R","M","M","R","B",null,"M","?","?","$","M","E","M","R","T","?","$","M","R","M","R","B",null,"M","$","?","M","M","E","$","R","T","M","E","$","R","E","R","B"],"character_chosen":"IRONCLAD","items_purchased":["Flame Barrier","Shrug It Off","Happy Flower","Pear","Entrench"],"gold_per_floor":[216,216,216,228,228,228,247,197,250,250,94,94,108,127,127,229,229,247,247,247,147,165,199,217,217,244,244,65,80,80,90,90,188,188,208,83,83,102,121,155,5,5,305,315,345,29,29,58,58,58],"floor_reached":51,"campfire_rested":0,"playtime":1713,"current_hp_per_floor":[80,80,80,80,80,80,80,80,80,80,80,80,80,75,75,70,80,80,80,80,80,80,79,85,85,85,85,85,91,91,94,94,94,94,94,94,82,92,94,94,94,94,94,94,94,104,104,104,104,104],"items_purged":["Strike_R","Spot Weakness","Strike_R","Fire Breathing"],"gold":58,"score":743,"play_id":"85ba8f2d-4e53-42bd-bcae-33a446d88181","is_prod":false,"is_daily":false,"is_ascension_mode":false,"campfire_upgraded":10,"path_taken":["M","?","?","?","?","R","?","?","T","R","$","R","M","M","R","BOSS","M","?","?","$","M","E","M","R","T","?","?","?","R","M","R","BOSS","M","$","?","M","M","E","?","R","T","M","E","$","R","E","R","BOSS"],"build_version":"2018-02-22-PROD1","purchased_purges":4,"victory":true,"master_deck":["Defend_R+1","Defend_R+1","Defend_R+1","Defend_R+1","Shrug It Off+1","Juggernaut+1","Iron Wave+1","Flame Barrier+1","Barricade+1","Body Slam+1","Metallicize+1","Shrug It Off+1","Body Slam+1","Madness+1","Madness+1","Entrench+1","Shrug It Off+1"],"max_hp_per_floor":[80,80,80,80,80,80,80,80,80,80,80,80,80,80,80,80,80,80,80,80,80,80,94,94,94,94,94,94,94,94,94,94,94,94,94,94,94,94,94,94,94,94,94,94,94,104,104,104,104,104],"relics":["Black Blood","Lantern","Black Star","Mango","Thread and Needle","Whetstone","Happy Flower","Pantograph","Frozen Egg 2","Old Coin","Bird Faced Urn","Charon\u0027s Ashes","Pear","Toxic Egg 2","Smiling Mask"],"card_choices":[{"not_picked":["Clothesline","Brutality"],"picked":"Shrug It Off"},{"not_picked":["Flex","Clothesline"],"picked":"Spot Weakness"},{"not_picked":["Pommel Strike","Carnage"],"picked":"Iron Wave"},{"not_picked":["Sword Boomerang","Battle Trance"],"picked":"Barricade"},{"not_picked":["Sword Boomerang","Perfected Strike"],"picked":"Body Slam"},{"not_picked":["Pommel Strike","Sword Boomerang"],"picked":"Metallicize"},{"not_picked":["Perfected Strike","Cleave"],"picked":"Body Slam"},{"not_picked":["Ghostly Armor","Corruption"],"picked":"Shrug It Off"}],"player_experience":1318255,"potions_floor_usage":[18,23,23,39,40,40,45,50],"damage_taken":[{"damage":0,"enemies":"Small Slimes","floor":1,"turns":4},{"damage":0,"enemies":"Jaw Worm","floor":4,"turns":5},{"damage":2,"enemies":"Cultist","floor":7,"turns":5},{"damage":1,"enemies":"2 Fungi Beasts","floor":13,"turns":3},{"damage":11,"enemies":"Gremlin Gang","floor":14,"turns":4},{"damage":11,"enemies":"The Guardian","floor":16,"turns":14},{"damage":2,"enemies":"Chosen","floor":18,"turns":8},{"damage":4,"enemies":"Spheric Guardian","floor":22,"turns":8},{"damage":36,"enemies":"Gremlin Leader","floor":23,"turns":11},{"damage":0,"enemies":"Cultist and Chosen","floor":24,"turns":6},{"damage":0,"enemies":"Sentry and Sphere","floor":29,"turns":5},{"damage":0,"enemies":"Snecko","floor":31,"turns":4},{"damage":0,"enemies":"Champ","floor":33,"turns":8},{"damage":0,"enemies":"Orb Walker","floor":35,"turns":4},{"damage":0,"enemies":"3 Shapes","floor":38,"turns":6},{"damage":0,"enemies":"3 Darklings","floor":39,"turns":5},{"damage":6,"enemies":"2 Orb Walkers","floor":40,"turns":5},{"damage":0,"enemies":"Sphere and 2 Shapes","floor":44,"turns":5},{"damage":6,"enemies":"Nemesis","floor":45,"turns":7},{"damage":0,"enemies":"Giant Head","floor":48,"turns":7},{"damage":4,"enemies":"Awakened One","floor":50,"turns":8}],"event_choices":[{"event_name":"Liars Game","player_choice":"disagreed","floor":2,"damage_taken":0},{"event_name":"Transmorgrifier","player_choice":"Transform","floor":3,"damage_taken":0},{"event_name":"Living Wall","player_choice":"Forget","floor":5,"damage_taken":0},{"event_name":"The Cleric","player_choice":"Card Removal","floor":8,"damage_taken":0},{"event_name":"Transmorgrifier","player_choice":"Transform","floor":19,"damage_taken":0},{"event_name":"Back to Basics","player_choice":"Simplicity","floor":20,"damage_taken":0},{"event_name":"Vampires","player_choice":"Ignored","floor":27,"damage_taken":0},{"event_name":"Winding Halls","player_choice":"Embrace Madness","floor":37,"damage_taken":0}],"boss_relics":[{"not_picked":["Calling Bell","White Beast Statue"],"picked":"Black Star"},{"not_picked":["Runic Cube","Pandora\u0027s Box"],"picked":"Black Blood"}],"potions_floor_spawned":[4,16,22,24,29,35,38,40,48],"seed_played":"-6540609832302193998","ascension_level":0,"is_trial":false}