{"path_per_floor":["M","T","M","$","M","R","?","R","T","R","E","?","M","M","R","B",null,"M","M","?","M","?","R","M","?","T","M","R","M","R","$","R","B",null,"M","$","M","?","?","R","?","M","T","R","?","M","M","$","R","B"],"character_chosen":"IRONCLAD","items_purchased":["Singing Bowl","Bird Faced Urn","Purity","Body Slam"],"gold_per_floor":[113,143,161,16,29,29,29,29,29,29,58,58,78,93,93,188,188,204,217,217,227,442,442,457,457,457,476,476,488,488,12,12,114,114,128,28,45,45,100,100,100,114,114,114,114,134,152,99,99,99],"floor_reached":51,"campfire_rested":1,"playtime":2267,"current_hp_per_floor":[88,88,88,88,89,89,82,82,82,82,74,74,79,72,72,27,94,76,77,77,85,85,85,83,83,83,66,66,72,100,100,100,99,100,102,102,102,102,90,90,90,100,114,114,120,122,124,124,124,124],"items_purged":["Strike_R","Strike_R"],"gold":99,"score":697,"play_id":"679e8838-ba8e-4d4e-a7ac-b5305fd94451","is_prod":false,"is_daily":false,"is_ascension_mode":false,"campfire_upgraded":7,"path_taken":["M","?","?","$","M","R","?","R","T","R","E","?","M","?","R","BOSS","M","M","?","M","?","R","M","?","T","M","R","M","R","$","R","BOSS","M","$","M","?","?","R","?","?","T","R","?","M","?","?","R","BOSS"],"build_version":"2018-02-22-PROD2","purchased_purges":2,"victory":true,"master_deck":["Defend_R+1","Defend_R+1","Defend_R+1","Defend_R+1","Battle Trance+1","Brutality","Pommel Strike+1","Barricade+1","Entrench+1","Shrug It Off+1","Rampage+1","Purity+1","Offering","Intimidate+1","Body Slam+1"],"max_hp_per_floor":[88,88,88,88,90,90,90,90,90,90,92,92,94,94,94,94,94,96,96,96,98,98,98,100,100,100,100,100,100,100,100,100,100,100,102,102,102,102,104,104,104,106,120,120,120,122,124,124,124,124],"relics":["Black Blood","Tiny Chest","Singing Bowl","Molten Egg 2","War Paint","Sozu","Old Coin","Kunai","Bird Faced Urn","Peace Pipe","Mango"],"card_choices":[{"not_picked":["Iron Wave","Headbutt"],"picked":"Battle Trance"},{"not_picked":["Sword Boomerang","Burning Pact"],"picked":"Brutality"},{"not_picked":["Anger","Second Wind"],"picked":"Pommel Strike"},{"not_picked":["Fiend Fire","Dark Embrace"],"picked":"Barricade"},{"not_picked":["Evolve","True Grit"],"picked":"Entrench"},{"not_picked":["Perfected Strike","Fire Breathing"],"picked":"Shrug It Off"},{"not_picked":["Pommel Strike","Cleave"],"picked":"Rampage"},{"not_picked":["Feed","Bludgeon"],"picked":"Offering"},{"not_picked":["Flex","Headbutt"],"picked":"Intimidate"}],"player_experience":1398700,"potions_floor_usage":[13,14,16,16,50],"damage_taken":[{"damage":1,"enemies":"Cultist","floor":1,"turns":3},{"damage":0,"enemies":"Small Slimes","floor":3,"turns":3},{"damage":7,"enemies":"Jaw Worm","floor":5,"turns":4},{"damage":16,"enemies":"3 Sentries","floor":11,"turns":9},{"damage":18,"enemies":"Exordium Wildlife","floor":13,"turns":10},{"damage":13,"enemies":"Large Slime","floor":14,"turns":9},{"damage":51,"enemies":"Slime Boss","floor":16,"turns":17},{"damage":26,"enemies":"3 Byrds","floor":18,"turns":7},{"damage":5,"enemies":"Chosen","floor":19,"turns":6},{"damage":0,"enemies":"Snake Plant","floor":21,"turns":11},{"damage":10,"enemies":"Chosen and Byrds","floor":24,"turns":11},{"damage":23,"enemies":"3 Cultists","floor":27,"turns":6},{"damage":0,"enemies":"Snake Plant","floor":29,"turns":10},{"damage":8,"enemies":"Champ","floor":33,"turns":9},{"damage":8,"enemies":"Orb Walker","floor":35,"turns":5},{"damage":9,"enemies":"3 Shapes","floor":37,"turns":6},{"damage":27,"enemies":"Mysterious Sphere","floor":39,"turns":10},{"damage":4,"enemies":"Sphere and 2 Shapes","floor":42,"turns":8},{"damage":4,"enemies":"Maw","floor":46,"turns":5},{"damage":4,"enemies":"4 Shapes","floor":47,"turns":9},{"damage":8,"enemies":"Awakened One","floor":50,"turns":5}],"event_choices":[{"event_name":"Golden Wing","player_choice":"Card Removal","floor":7,"damage_taken":0},{"event_name":"The Lab","player_choice":"Got Potions","floor":12,"damage_taken":0},{"event_name":"Vampires","player_choice":"Ignored","floor":20,"damage_taken":0},{"event_name":"Addict","player_choice":"Obtained Relic","floor":22,"damage_taken":0},{"event_name":"Match and Keep!","player_choice":"1 cards matched","floor":25,"damage_taken":0},{"event_name":"Mysterious Sphere","player_choice":"Fight","floor":39,"damage_taken":0},{"event_name":"Match and Keep!","player_choice":"0 cards matched","floor":41,"damage_taken":0},{"event_name":"Wheel of Change","player_choice":"Full Heal","floor":45,"damage_taken":0}],"boss_relics":[{"not_picked":["Ectoplasm","Calling Bell"],"picked":"Sozu"},{"not_picked":["Question Card","Tiny House"],"picked":"Black Blood"}],"potions_floor_spawned":[1,13,14,19,21,29,37,42],"seed_played":"-4729802683997363028","ascension_level":0,"is_trial":false}