{"path_per_floor":["M","M","?","M","$","R","?","R","T","M","R","M","?","E","R","B",null,"M","?","M","?","?","R","$","R","T","R","M","M","$","?","R","B",null,"M","?","$","M","M","R","$","?","T","M","T","M","$","?","R","B"],"character_chosen":"IRONCLAD","items_purchased":["Flex","Master of Strategy","Inflame","Panacea","Purity"],"gold_per_floor":[113,132,207,223,121,121,121,121,421,432,432,452,513,541,541,644,644,654,654,670,670,670,670,205,205,205,205,218,230,14,14,14,112,112,122,222,72,87,107,107,107,107,131,149,149,163,163,163,163,163],"floor_reached":51,"campfire_rested":0,"playtime":1754,"current_hp_per_floor":[80,80,69,68,68,68,52,52,52,58,58,64,48,45,45,35,80,80,80,80,80,80,80,80,80,80,80,80,80,80,80,80,42,80,80,80,80,80,80,80,80,70,70,78,78,80,80,80,80,39],"items_purged":["Bash","Strike_R","Strike_R","Headbutt"],"gold":163,"score":518,"play_id":"b2042437-6e49-47be-9b9a-69c94a78d333","is_prod":false,"is_daily":false,"is_ascension_mode":false,"campfire_upgraded":10,"path_taken":["M","M","?","M","$","R","?","R","T","?","R","M","?","E","R","BOSS","M","?","M","?","?","R","$","R","T","R","M","M","$","?","R","BOSS","M","?","$","M","M","R","?","?","T","?","?","M","$","?","R","BOSS"],"build_version":"2018-02-22-PROD2","purchased_purges":4,"victory":true,"master_deck":["Defend_R+1","Defend_R+1","Defend_R+1","Whirlwind+1","True Grit+1","Flex+1","Offering+1","Ghostly Armor+1","Limit Break+1","Shrug It Off+1","Battle Trance+1","Master of Strategy+1","Inflame","Panacea+1","Purity","Reaper","Headbutt+1","Dropkick+1","Headbutt+1","Madness","Madness","Ghostly Armor+1"],"max_hp_per_floor":[80,80,80,80,80,80,80,80,80,80,80,80,80,80,80,80,80,80,80,80,80,80,80,80,80,80,80,80,80,80,80,80,80,80,80,80,80,80,80,80,80,80,80,80,80,80,80,80,80,80],"relics":["Burning Blood","Old Coin","Dream Catcher","Champion Belt","Sozu","Dodecahedron","Whetstone","Astrolabe","Blood Vial","Gremlin Horn"],"card_choices":[{"not_picked":["Sword Boomerang","Heavy Blade"],"picked":"Whirlwind"},{"not_picked":["Thunderclap","Clash"],"picked":"Headbutt"},{"not_picked":["Pommel Strike","Disarm"],"picked":"True Grit"},{"not_picked":["Thunderclap","Warcry"],"picked":"Offering"},{"not_picked":["Clothesline","Feel No Pain"],"picked":"Ghostly Armor"},{"not_picked":["Demon Form","Impervious"],"picked":"Limit Break"},{"not_picked":["Armaments","Havoc"],"picked":"Shrug It Off"},{"not_picked":["Disarm","Combust"],"picked":"Thunderclap"},{"not_picked":["Berserk","Limit Break"],"picked":"Reaper"},{"not_picked":["Bludgeon","Rage"],"picked":"Ghostly Armor"}],"player_experience":1414955,"potions_floor_usage":[10,16,39],"damage_taken":[{"damage":1,"enemies":"Cultist","floor":1,"turns":5},{"damage":0,"enemies":"2 Louse","floor":2,"turns":2},{"damage":7,"enemies":"Small Slimes","floor":4,"turns":4},{"damage":0,"enemies":"2 Fungi Beasts","floor":10,"turns":1},{"damage":0,"enemies":"Exordium Thugs","floor":12,"turns":6},{"damage":22,"enemies":"Gremlin Nob","floor":13,"turns":5},{"damage":9,"enemies":"Lagavulin","floor":14,"turns":8},{"damage":16,"enemies":"Slime Boss","floor":16,"turns":10},{"damage":4,"enemies":"3 Byrds","floor":18,"turns":6},{"damage":4,"enemies":"Spheric Guardian","floor":20,"turns":3},{"damage":4,"enemies":"Cultist and Chosen","floor":28,"turns":2},{"damage":4,"enemies":"Snake Plant","floor":29,"turns":2},{"damage":44,"enemies":"Automaton","floor":33,"turns":7},{"damage":0,"enemies":"3 Darklings","floor":35,"turns":3},{"damage":4,"enemies":"Orb Walker","floor":38,"turns":2},{"damage":17,"enemies":"Maw","floor":39,"turns":6},{"damage":25,"enemies":"4 Shapes","floor":44,"turns":4},{"damage":17,"enemies":"3 Darklings","floor":46,"turns":4},{"damage":71,"enemies":"Time Eater","floor":50,"turns":6}],"event_choices":[{"event_name":"World of Goop","player_choice":"Gather Gold","floor":3,"damage_taken":0},{"event_name":"Shining Light","player_choice":"Entered Light","floor":7,"damage_taken":0},{"event_name":"Dead Adventurer","player_choice":"Searched \u00271\u0027 times","floor":13,"damage_taken":0},{"event_name":"The Library","player_choice":"Read","floor":19,"damage_taken":0},{"event_name":"The Mausoleum","player_choice":"Yes","floor":21,"damage_taken":0},{"event_name":"Drug Dealer","player_choice":"Ignored","floor":22,"damage_taken":0},{"event_name":"Back to Basics","player_choice":"Elegance","floor":31,"damage_taken":0},{"event_name":"Golden Shrine","player_choice":"Pray","floor":36,"damage_taken":0},{"event_name":"Winding Halls","player_choice":"Embrace Madness","floor":42,"damage_taken":0}],"boss_relics":[{"not_picked":["Black Star","Orrery"],"picked":"Sozu"},{"not_picked":["Pandora\u0027s Box","Calling Bell"],"picked":"Astrolabe"}],"potions_floor_spawned":[4,13,13,20,28,29,38,39],"seed_played":"-2801714337877681378","ascension_level":0,"is_trial":false}