{"path_per_floor":["M","?","?","M","M","R","M","$","T","M","M","R","M","M","R","B",null,"M","?","M","$","M","R","M","M","T","R","?","?","?","M","R","B",null,"M","?","?","M","M","R","?","R","T","R","M","?","$","?","R","B"],"character_chosen":"IRONCLAD","items_purchased":["Metallicize","Ghostly Armor"],"gold_per_floor":[118,68,68,87,99,99,118,43,67,84,101,101,118,130,130,230,230,242,242,262,93,106,106,124,141,141,141,56,56,56,66,66,167,167,185,185,185,198,215,215,215,215,240,240,251,251,49,49,49,49],"floor_reached":51,"campfire_rested":2,"playtime":2373,"current_hp_per_floor":[72,72,72,72,72,72,72,72,72,71,72,72,72,72,72,57,72,72,72,72,72,72,72,61,64,64,64,64,64,51,48,71,77,77,74,64,64,66,64,64,64,64,64,64,55,55,55,55,77,76],"items_purged":["Defend_R","Strike_R","Strike_R"],"gold":49,"score":541,"play_id":"b133b40b-ada9-4c23-bad3-8bd530eabf16","is_prod":false,"is_daily":false,"is_ascension_mode":false,"campfire_upgraded":8,"path_taken":["M","?","?","M","M","R","M","$","T","?","M","R","M","M","R","BOSS","M","?","M","$","M","R","M","M","T","R","?","?","?","M","R","BOSS","M","?","?","M","M","R","?","R","T","R","?","?","$","?","R","BOSS"],"build_version":"2018-02-22-PROD2","purchased_purges":3,"victory":true,"master_deck":["Defend_R+1","Defend_R+1","Battle Trance+1","Ghostly Armor+1","Cleave+1","Demon Form+1","Evolve","Body Slam+1","Metallicize+1","Body Slam+1","Uppercut+1","Metallicize","Immolate","Madness","Ghostly Armor+1","Ghostly Armor"],"max_hp_per_floor":[72,72,72,72,72,72,72,72,72,72,72,72,72,72,72,72,72,72,72,72,72,72,72,72,72,72,72,72,72,77,77,77,77,77,77,77,77,77,77,77,77,77,77,77,77,77,77,77,77,77],"relics":["Burning Blood","Bag of Preparation","Mark of Pain","Lantern","Ancient Tea Set","Sozu","Blood Vial"],"card_choices":[{"not_picked":["Blood for Blood","Cleave"],"picked":"Battle Trance"},{"not_picked":["Warcry","Clothesline"],"picked":"Ghostly Armor"},{"not_picked":["Flex","Pommel Strike"],"picked":"Cleave"},{"not_picked":["Exhume","Double Tap"],"picked":"Demon Form"},{"not_picked":["Perfected Strike","Anger"],"picked":"Body Slam"},{"not_picked":["Headbutt","Armaments"],"picked":"Body Slam"},{"not_picked":["Pummel","Perfected Strike"],"picked":"Uppercut"},{"not_picked":["Uppercut","Clothesline"],"picked":"Metallicize"},{"not_picked":["Feed","Juggernaut"],"picked":"Immolate"},{"not_picked":["Armaments","Burning Pact"],"picked":"Ghostly Armor"}],"player_experience":1333373,"potions_floor_usage":[10,16,18,22,24,25,50],"damage_taken":[{"damage":4,"enemies":"Cultist","floor":1,"turns":4},{"damage":1,"enemies":"2 Louse","floor":4,"turns":2},{"damage":1,"enemies":"Jaw Worm","floor":5,"turns":9},{"damage":2,"enemies":"2 Fungi Beasts","floor":7,"turns":5},{"damage":7,"enemies":"Exordium Thugs","floor":10,"turns":7},{"damage":0,"enemies":"3 Louse","floor":11,"turns":2},{"damage":0,"enemies":"Gremlin Gang","floor":13,"turns":2},{"damage":0,"enemies":"Blue Slaver","floor":14,"turns":4},{"damage":21,"enemies":"The Guardian","floor":16,"turns":18},{"damage":2,"enemies":"3 Byrds","floor":18,"turns":4},{"damage":3,"enemies":"Shell Parasite","floor":20,"turns":6},{"damage":4,"enemies":"Centurion and Healer","floor":22,"turns":6},{"damage":17,"enemies":"Sentry and Sphere","floor":24,"turns":5},{"damage":12,"enemies":"Snecko","floor":25,"turns":5},{"damage":9,"enemies":"Centurion and Healer","floor":31,"turns":5},{"damage":0,"enemies":"Champ","floor":33,"turns":10},{"damage":9,"enemies":"Orb Walker","floor":35,"turns":3},{"damage":4,"enemies":"3 Shapes","floor":38,"turns":6},{"damage":8,"enemies":"Sphere and 2 Shapes","floor":39,"turns":8},{"damage":17,"enemies":"4 Shapes","floor":45,"turns":7},{"damage":7,"enemies":"Time Eater","floor":50,"turns":10}],"event_choices":[{"event_name":"The Cleric","player_choice":"Card Removal","floor":2,"damage_taken":0},{"event_name":"Living Wall","player_choice":"Forget","floor":3,"damage_taken":0},{"event_name":"The Library","player_choice":"Read","floor":19,"damage_taken":0},{"event_name":"Addict","player_choice":"Obtained Relic","floor":28,"damage_taken":0},{"event_name":"Vampires","player_choice":"Ignored","floor":29,"damage_taken":0},{"event_name":"Forgotten Altar","player_choice":"Shed Blood","floor":30,"damage_taken":0},{"event_name":"Winding Halls","player_choice":"Embrace Madness","floor":36,"damage_taken":0},{"event_name":"Mysterious Sphere","player_choice":"Ignore","floor":37,"damage_taken":0},{"event_name":"Tomb of Lord Red Mask","player_choice":"Ignored","floor":46,"damage_taken":0},{"event_name":"Purifier","player_choice":"One Purge","floor":48,"damage_taken":0}],"boss_relics":[{"not_picked":["Question Card","Pandora\u0027s Box"],"picked":"Mark of Pain"},{"not_picked":["Cursed Key","Tiny House"],"picked":"Sozu"}],"potions_floor_spawned":[1,4,7,14,20,22,24,35,45],"seed_played":"-8771891336434718940","ascension_level":0,"is_trial":false}