{"path_per_floor":["M","?","M","M","?","E","R","?","T","M","?","R","E","M","R","B",null,"M","?","?","$","M","R","?","R","T","M","E","M","R","M","R","B",null,"M","?","?","M","$","R","M","M","T","M","M","?","R","M","R","B"],"character_chosen":"IRONCLAD","items_purchased":["Metallicize","Bottled Tornado","Blind","Anchor"],"gold_per_floor":[116,116,136,161,161,199,199,199,225,241,241,241,279,297,297,425,425,445,445,445,297,313,313,228,228,255,279,319,339,339,358,358,482,482,503,503,503,528,35,35,55,79,79,92,105,105,105,119,119,119],"floor_reached":51,"campfire_rested":2,"playtime":2069,"current_hp_per_floor":[80,60,65,69,53,35,35,35,35,36,36,60,62,67,67,60,80,72,72,72,72,80,80,80,80,80,80,80,80,80,80,80,38,80,80,80,80,80,80,80,80,80,80,80,80,80,80,80,80,80],"items_purged":["Bash"],"gold":119,"score":554,"play_id":"5dead501-a03e-4202-a3ac-b064db0da030","is_prod":false,"is_daily":false,"is_ascension_mode":false,"campfire_upgraded":6,"path_taken":["M","?","M","?","?","E","R","?","T","?","?","R","E","M","R","BOSS","M","?","?","$","M","R","?","R","T","M","E","?","R","M","R","BOSS","M","?","?","M","$","R","M","M","T","?","M","?","R","M","R","BOSS"],"build_version":"2018-02-22-PROD2","purchased_purges":1,"victory":true,"master_deck":["Strike_R+1","Strike_R+1","Strike_R+1","Strike_R+1","Strike_R+1","Defend_R+1","Defend_R+1","Defend_R+1","Defend_R+1","Body Slam+1","True Grit+1","Offering+1","Battle Trance+1","Demon Form+1","Fiend Fire+1","Havoc+1","Metallicize+1","Havoc+1","Intimidate+1","Shrug It Off+1","Havoc+1","Fiend Fire+1","Body Slam+1","Reaper","Body Slam+1","Blind+1","Shrug It Off+1"],"max_hp_per_floor":[80,80,80,80,80,80,80,80,80,80,80,80,80,80,80,80,80,80,80,80,80,80,80,80,80,80,80,80,80,80,80,80,80,80,80,80,80,80,80,80,80,80,80,80,80,80,80,80,80,80],"relics":["Burning Blood","Golden Idol","Magic Flower","War Paint","Dead Branch","Toxic Egg 2","Sozu","Frozen Eye","Oddly Smooth Stone","Mercury Hourglass","Runic Dome","Bottled Tornado","Anchor","Girya"],"card_choices":[{"not_picked":["Power Through","Havoc"],"picked":"Body Slam"},{"not_picked":["Wild Strike","Armaments"],"picked":"True Grit"},{"not_picked":["Iron Wave","Heavy Blade"],"picked":"Offering"},{"not_picked":["Warcry","Perfected Strike"],"picked":"Battle Trance"},{"not_picked":["Immolate","Demon Form"],"picked":"Fiend Fire"},{"not_picked":["Cleave","Clash"],"picked":"Havoc"},{"not_picked":["Rampage","Sentinel"],"picked":"Havoc"},{"not_picked":["Corruption","Brutality"],"picked":"Intimidate"},{"not_picked":["Flex","Pommel Strike"],"picked":"Shrug It Off"},{"not_picked":["Evolve","Sword Boomerang"],"picked":"Havoc"},{"not_picked":["Berserk","Brutality"],"picked":"Fiend Fire"},{"not_picked":["Twin Strike","Infernal Blade"],"picked":"Body Slam"},{"not_picked":["Dual Wield","Thunderclap"],"picked":"Body Slam"},{"not_picked":["Clothesline","Armaments"],"picked":"Shrug It Off"}],"player_experience":1416709,"potions_floor_usage":[6,50],"damage_taken":[{"damage":2,"enemies":"Small Slimes","floor":1,"turns":4},{"damage":1,"enemies":"2 Louse","floor":3,"turns":3},{"damage":2,"enemies":"Cultist","floor":4,"turns":5},{"damage":33,"enemies":"Lagavulin","floor":6,"turns":6},{"damage":8,"enemies":"Blue Slaver","floor":10,"turns":3},{"damage":7,"enemies":"3 Sentries","floor":13,"turns":4},{"damage":4,"enemies":"2 Fungi Beasts","floor":14,"turns":3},{"damage":16,"enemies":"The Guardian","floor":16,"turns":7},{"damage":17,"enemies":"2 Thieves","floor":18,"turns":3},{"damage":3,"enemies":"Chosen","floor":22,"turns":3},{"damage":4,"enemies":"Snecko","floor":27,"turns":3},{"damage":8,"enemies":"Slavers","floor":28,"turns":3},{"damage":4,"enemies":"Slaver and Parasite","floor":29,"turns":2},{"damage":0,"enemies":"Snake Plant","floor":31,"turns":3},{"damage":51,"enemies":"Automaton","floor":33,"turns":9},{"damage":0,"enemies":"3 Darklings","floor":35,"turns":4},{"damage":4,"enemies":"Orb Walker","floor":38,"turns":3},{"damage":12,"enemies":"Maw","floor":41,"turns":2},{"damage":16,"enemies":"4 Shapes","floor":42,"turns":3},{"damage":0,"enemies":"Sphere and 2 Shapes","floor":44,"turns":3},{"damage":11,"enemies":"3 Darklings","floor":45,"turns":3},{"damage":4,"enemies":"Maw","floor":48,"turns":5},{"damage":23,"enemies":"Donu and Deca","floor":50,"turns":6}],"event_choices":[{"event_name":"Golden Idol","player_choice":"Take Damage","floor":2,"damage_taken":0},{"event_name":"Shining Light","player_choice":"Entered Light","floor":5,"damage_taken":0},{"event_name":"Match and Keep!","player_choice":"1 cards matched","floor":8,"damage_taken":0},{"event_name":"Dead Adventurer","player_choice":"Searched \u00271\u0027 times","floor":11,"damage_taken":0},{"event_name":"Dead Adventurer","player_choice":"Searched \u00271\u0027 times","floor":11,"damage_taken":0},{"event_name":"Back to Basics","player_choice":"Simplicity","floor":19,"damage_taken":0},{"event_name":"Upgrade Shrine","player_choice":"Upgraded","floor":20,"damage_taken":0},{"event_name":"Addict","player_choice":"Obtained Relic","floor":24,"damage_taken":0},{"event_name":"Match and Keep!","player_choice":"1 cards matched","floor":36,"damage_taken":0},{"event_name":"The Lab","player_choice":"Got Potions","floor":37,"damage_taken":0},{"event_name":"The Woman in Blue","player_choice":"Bought 0 Potions","floor":46,"damage_taken":0}],"boss_relics":[{"not_picked":["Ectoplasm","Runic Pyramid"],"picked":"Sozu"},{"not_picked":["White Beast Statue","Eternal Feather"],"picked":"Runic Dome"}],"potions_floor_spawned":[1,4,18,27,28,38,44],"seed_played":"6795266154431107","ascension_level":0,"is_trial":false}