{"path_per_floor":["M","?","?","M","M","R","M","R","T","?","$","R","M","M","R","B",null,"M","?","$","?","M","R","E","R","T","$","M","R","M","M","R","B",null,"M","?","?","$","?","R","E","R","T","M","M","R","M","M","R","B"],"character_chosen":"IRONCLAD","items_purchased":[],"gold_per_floor":[13,13,13,31,49,49,69,69,69,69,9,9,22,41,41,139,139,154,154,74,74,87,87,115,115,115,15,27,27,45,56,56,154,154,171,171,171,51,51,51,81,81,81,99,117,117,132,147,147,147],"floor_reached":51,"campfire_rested":1,"playtime":1521,"current_hp_per_floor":[86,91,91,96,101,101,101,101,101,76,76,76,71,77,77,47,101,101,101,101,101,101,101,93,93,107,107,112,112,111,115,115,62,115,115,115,115,115,101,101,63,97,97,103,104,104,110,115,115,103],"items_purged":["Strike_R","Strike_R","Bash","Strike_R"],"gold":147,"score":587,"play_id":"ef868983-8739-49c6-aeb8-d62b4262ff4a","is_prod":false,"is_daily":false,"is_ascension_mode":false,"campfire_upgraded":8,"path_taken":["M","?","?","M","?","R","M","R","T","?","$","R","M","M","R","BOSS","M","?","$","?","M","R","E","R","T","$","M","R","M","M","R","BOSS","M","?","?","$","?","R","E","R","T","M","M","R","M","M","R","BOSS"],"build_version":"2018-02-22-PROD2","purchased_purges":4,"victory":true,"master_deck":["Defend_R+1","Defend_R+1","Defend_R+1","Shrug It Off+1","Cleave+1","Body Slam+1","Rampage+1","Double Tap+1","Evolve+1","Metallicize+1","Offering","Madness+1","Madness","Flame Barrier+1"],"max_hp_per_floor":[96,101,101,101,101,101,101,101,101,101,101,101,101,101,101,101,101,101,101,101,101,101,101,101,101,115,115,115,115,115,115,115,115,115,115,115,115,115,115,115,115,115,115,115,115,115,115,115,115,115],"relics":["Black Blood","Girya","The Courier","Mark of Pain","Gremlin Horn","Mango","Juzu Bracelet","Darkstone Periapt"],"card_choices":[{"not_picked":["Clash","Whirlwind"],"picked":"Shrug It Off"},{"not_picked":["Shockwave","Sever Soul"],"picked":"Cleave"},{"not_picked":["Cleave","Bludgeon"],"picked":"Body Slam"},{"not_picked":["Shrug It Off","Dropkick"],"picked":"Rampage"},{"not_picked":["Offering","Limit Break"],"picked":"Double Tap"},{"not_picked":["Armaments","Evolve"],"picked":"Metallicize"},{"not_picked":["Juggernaut","Reaper"],"picked":"Offering"},{"not_picked":["Perfected Strike","Offering"],"picked":"Flame Barrier"}],"player_experience":1409503,"potions_floor_usage":[18,30,48,50],"damage_taken":[{"damage":16,"enemies":"Jaw Worm","floor":1,"turns":5},{"damage":1,"enemies":"2 Louse","floor":4,"turns":3},{"damage":0,"enemies":"Cultist","floor":5,"turns":3},{"damage":2,"enemies":"Blue Slaver","floor":7,"turns":5},{"damage":11,"enemies":"Gremlin Gang","floor":13,"turns":5},{"damage":0,"enemies":"3 Louse","floor":14,"turns":2},{"damage":36,"enemies":"The Guardian","floor":16,"turns":8},{"damage":5,"enemies":"3 Byrds","floor":18,"turns":5},{"damage":4,"enemies":"2 Thieves","floor":22,"turns":3},{"damage":14,"enemies":"Slavers","floor":24,"turns":5},{"damage":1,"enemies":"3 Cultists","floor":28,"turns":3},{"damage":7,"enemies":"Cultist and Chosen","floor":30,"turns":6},{"damage":2,"enemies":"Centurion and Healer","floor":31,"turns":4},{"damage":59,"enemies":"Champ","floor":33,"turns":9},{"damage":4,"enemies":"3 Shapes","floor":35,"turns":4},{"damage":48,"enemies":"Nemesis","floor":41,"turns":5},{"damage":4,"enemies":"3 Darklings","floor":44,"turns":3},{"damage":9,"enemies":"4 Shapes","floor":45,"turns":3},{"damage":4,"enemies":"Maw","floor":47,"turns":5},{"damage":4,"enemies":"Sphere and 2 Shapes","floor":48,"turns":4},{"damage":22,"enemies":"Donu and Deca","floor":50,"turns":7}],"event_choices":[{"event_name":"Big Fish","player_choice":"Donut","floor":2,"damage_taken":0},{"event_name":"Purifier","player_choice":"One Purge","floor":3,"damage_taken":0},{"event_name":"Scrap Ooze","player_choice":"success","floor":10,"damage_taken":25},{"event_name":"The Library","player_choice":"Read","floor":19,"damage_taken":0},{"event_name":"Back to Basics","player_choice":"Simplicity","floor":21,"damage_taken":0},{"event_name":"Bonfire Elementals","player_choice":"BASIC","floor":37,"damage_taken":0},{"event_name":"Winding Halls","player_choice":"Embrace Madness","floor":39,"damage_taken":0}],"boss_relics":[{"not_picked":["Cursed Key","Snecko Eye"],"picked":"Mark of Pain"},{"not_picked":["Question Card","Tiny House"],"picked":"Black Blood"}],"potions_floor_spawned":[5,16,22,30,33,41,45,47],"seed_played":"3731239680253586442","ascension_level":0,"is_trial":false}