{"path_per_floor":["M","?","M","$","M","R","M","R","T","R","E","M","R","M","R","B",null,"M","?","$","?","M","E","M","R","T","M","?","M","R","M","R","B",null,"M","?","?","M","$","M","R","M","T","R","M","R","M","?","R","B"],"character_chosen":"IRONCLAD","items_purchased":["Metallicize","Battle Trance"],"gold_per_floor":[112,112,128,53,68,68,88,88,88,88,116,134,134,147,147,245,245,258,258,119,34,50,79,99,99,99,117,117,134,134,145,145,242,242,262,262,262,273,73,89,89,105,105,105,123,123,143,143,143,143],"floor_reached":51,"campfire_rested":0,"playtime":1402,"current_hp_per_floor":[80,80,80,80,80,80,68,68,68,68,70,76,76,78,78,35,80,78,78,78,78,80,71,61,61,61,63,63,63,63,65,65,26,87,87,87,76,82,82,76,76,82,82,82,77,77,79,87,87,38],"items_purged":["Strike_R","Strike_R","Strike_R"],"gold":143,"score":521,"play_id":"9386a5bb-8c73-436d-98b0-7f7b6b2c1f79","is_prod":false,"is_daily":false,"is_ascension_mode":false,"campfire_upgraded":12,"path_taken":["M","?","M","$","M","R","?","R","T","R","E","M","R","M","R","BOSS","M","?","$","?","?","E","M","R","T","M","?","M","R","M","R","BOSS","M","?","?","M","$","?","R","M","T","R","M","R","M","?","R","BOSS"],"build_version":"2018-02-22-PROD2","purchased_purges":3,"victory":true,"master_deck":["Strike_R","Defend_R+1","Defend_R+1","Defend_R+1","Defend_R+1","Bash","Rampage+1","Whirlwind+1","Offering+1","Seeing Red+1","Metallicize+1","Double Tap+1","Injury","Madness+1","Madness+1","Battle Trance+1","Flex+1"],"max_hp_per_floor":[80,80,80,80,80,80,80,80,80,80,80,80,80,80,80,80,80,80,80,80,80,80,80,80,80,80,80,80,80,80,80,80,80,87,87,87,87,87,87,87,87,87,87,87,87,87,87,87,87,87],"relics":["Burning Blood","Omamori","Ice Cream","Philosopher\u0027s Stone","Mercury Hourglass","Ginger","Bag of Marbles","Calling Bell","Strawberry","Lantern","Oddly Smooth Stone","Red Skull"],"card_choices":[{"not_picked":["Perfected Strike","Infernal Blade"],"picked":"Rampage"},{"not_picked":["Perfected Strike","Searing Blow"],"picked":"Whirlwind"},{"not_picked":["True Grit","Havoc"],"picked":"Offering"},{"not_picked":["Perfected Strike","Twin Strike"],"picked":"Seeing Red"},{"not_picked":["Reaper","Dark Embrace"],"picked":"Double Tap"},{"not_picked":["Inflame","Headbutt"],"picked":"Flex"}],"player_experience":1389477,"potions_floor_usage":[23,23,33,38,45,50,50],"damage_taken":[{"damage":2,"enemies":"Jaw Worm","floor":1,"turns":6},{"damage":1,"enemies":"Cultist","floor":3,"turns":3},{"damage":3,"enemies":"2 Louse","floor":5,"turns":2},{"damage":18,"enemies":"Gremlin Gang","floor":7,"turns":3},{"damage":4,"enemies":"Gremlin Nob","floor":11,"turns":2},{"damage":0,"enemies":"3 Louse","floor":12,"turns":1},{"damage":4,"enemies":"Blue Slaver","floor":14,"turns":2},{"damage":49,"enemies":"The Guardian","floor":16,"turns":9},{"damage":8,"enemies":"Shell Parasite","floor":18,"turns":5},{"damage":0,"enemies":"Chosen","floor":22,"turns":2},{"damage":15,"enemies":"Book of Stabbing","floor":23,"turns":4},{"damage":16,"enemies":"Snake Plant","floor":24,"turns":3},{"damage":4,"enemies":"3 Cultists","floor":27,"turns":1},{"damage":6,"enemies":"Chosen and Byrds","floor":29,"turns":3},{"damage":4,"enemies":"Snecko","floor":31,"turns":2},{"damage":45,"enemies":"Automaton","floor":33,"turns":9},{"damage":4,"enemies":"3 Darklings","floor":35,"turns":1},{"damage":0,"enemies":"Orb Walker","floor":38,"turns":3},{"damage":12,"enemies":"Maw","floor":40,"turns":6},{"damage":0,"enemies":"3 Darklings","floor":42,"turns":1},{"damage":11,"enemies":"Sphere and 2 Shapes","floor":45,"turns":3},{"damage":4,"enemies":"4 Shapes","floor":47,"turns":5},{"damage":55,"enemies":"Time Eater","floor":50,"turns":5}],"event_choices":[{"event_name":"Match and Keep!","player_choice":"0 cards matched","floor":2,"damage_taken":0},{"event_name":"Upgrade Shrine","player_choice":"Upgraded","floor":19,"damage_taken":0},{"event_name":"Addict","player_choice":"Obtained Relic","floor":21,"damage_taken":0},{"event_name":"Drug Dealer","player_choice":"Ignored","floor":28,"damage_taken":0},{"event_name":"Tomb of Lord Red Mask","player_choice":"Ignored","floor":36,"damage_taken":0},{"event_name":"Winding Halls","player_choice":"Embrace Madness","floor":37,"damage_taken":0},{"event_name":"Wheel of Change","player_choice":"Full Heal","floor":48,"damage_taken":0}],"boss_relics":[{"not_picked":["Runic Dome","White Beast Statue"],"picked":"Philosopher\u0027s Stone"},{"not_picked":["Black Star","Eternal Feather"],"picked":"Calling Bell"}],"potions_floor_spawned":[7,11,12,14,23,24,31,33,35,38,45,47],"seed_played":"8915623184347772488","ascension_level":0,"is_trial":false}