{"path_per_floor":["M","?","?","?","$","R","M","R","T","T","R","$","M","M","R","B",null,"M","$","M","?","?","R","?","R","T","R","E","M","M","M","R","B",null,"M","?","M","M","$","R","$","R","T","T","M","?","$","M","R","B"],"character_chosen":"IRONCLAD","items_purchased":["Inflame","Shrug It Off","Singing Bowl","Shrug It Off","Metallicize","Shrug It Off"],"gold_per_floor":[210,285,235,235,125,125,144,144,223,523,523,222,240,258,258,358,358,371,246,258,258,258,258,203,203,230,230,265,285,298,318,318,419,419,434,434,452,465,315,315,15,15,40,40,60,60,36,54,54,54],"floor_reached":51,"campfire_rested":0,"playtime":1764,"current_hp_per_floor":[80,69,69,53,53,53,53,53,53,53,53,53,59,64,64,46,82,82,82,82,82,82,82,82,82,82,82,82,82,84,84,84,84,90,92,92,94,96,96,96,96,96,96,110,112,112,112,107,107,114],"items_purged":["Strike_R","Strike_R","Bash","Strike_R","Strike_R"],"gold":54,"score":678,"play_id":"bcc4f70e-a3bd-4e48-a01d-a095d0a9578e","is_prod":false,"is_daily":false,"is_ascension_mode":false,"campfire_upgraded":11,"path_taken":["M","?","?","?","$","R","?","R","T","?","R","$","M","M","R","BOSS","M","$","M","?","?","R","?","R","T","R","E","M","?","M","R","BOSS","M","?","?","M","$","R","$","R","T","?","M","?","?","M","R","BOSS"],"build_version":"2018-02-22-PROD2","purchased_purges":8,"victory":true,"master_deck":["Defend_R+1","Defend_R+1","Inflame+1","Shrug It Off+1","Metallicize+1","Flame Barrier+1","Body Slam+1","Battle Trance","Evolve","Body Slam+1","Barricade+1","Iron Wave+1","True Grit+1","Shrug It Off+1","Metallicize","Shrug It Off+1"],"max_hp_per_floor":[80,80,80,80,80,80,80,80,80,80,80,80,80,80,80,82,82,82,82,82,82,82,82,82,82,82,82,82,82,84,84,84,84,90,92,92,94,96,96,96,96,96,96,110,112,112,112,114,114,114],"relics":["Burning Blood","Ornamental Fan","Old Coin","Singing Bowl","Mark of Pain","Tiny Chest","Lantern","Anchor","Orrery","Pen Nib","Mango"],"card_choices":[{"not_picked":["Armaments","Burning Pact"],"picked":"Uppercut"},{"not_picked":["Clothesline","Thunderclap"],"picked":"Metallicize"},{"not_picked":["Wild Strike","Metallicize"],"picked":"Flame Barrier"},{"not_picked":["Shrug It Off","Sentinel"],"picked":"Body Slam"},{"not_picked":["Flex","Blood for Blood"],"picked":"Battle Trance"},{"not_picked":["Battle Trance","Shrug It Off"],"picked":"Evolve"},{"not_picked":["Thunderclap","Twin Strike"],"picked":"Body Slam"},{"not_picked":["Exhume","Feed"],"picked":"Barricade"},{"not_picked":["Anger","Body Slam"],"picked":"Iron Wave"},{"not_picked":["Blood for Blood","Havoc"],"picked":"True Grit"}],"player_experience":1335746,"potions_floor_usage":[45,50,50],"damage_taken":[{"damage":0,"enemies":"Small Slimes","floor":1,"turns":4},{"damage":6,"enemies":"2 Louse","floor":7,"turns":2},{"damage":0,"enemies":"Jaw Worm","floor":13,"turns":5},{"damage":1,"enemies":"2 Fungi Beasts","floor":14,"turns":5},{"damage":26,"enemies":"The Guardian","floor":16,"turns":13},{"damage":3,"enemies":"Shell Parasite","floor":18,"turns":6},{"damage":0,"enemies":"3 Byrds","floor":20,"turns":5},{"damage":0,"enemies":"Book of Stabbing","floor":28,"turns":4},{"damage":0,"enemies":"Snecko","floor":29,"turns":5},{"damage":0,"enemies":"Centurion and Healer","floor":30,"turns":5},{"damage":0,"enemies":"3 Cultists","floor":31,"turns":4},{"damage":0,"enemies":"Collector","floor":33,"turns":8},{"damage":5,"enemies":"3 Darklings","floor":35,"turns":5},{"damage":0,"enemies":"Orb Walker","floor":37,"turns":3},{"damage":0,"enemies":"4 Shapes","floor":38,"turns":5},{"damage":4,"enemies":"Sphere and 2 Shapes","floor":45,"turns":5},{"damage":13,"enemies":"Maw","floor":48,"turns":7},{"damage":2,"enemies":"Time Eater","floor":50,"turns":10}],"event_choices":[{"event_name":"World of Goop","player_choice":"Gather Gold","floor":2,"damage_taken":0},{"event_name":"The Cleric","player_choice":"Card Removal","floor":3,"damage_taken":0},{"event_name":"Shining Light","player_choice":"Entered Light","floor":4,"damage_taken":0},{"event_name":"Purifier","player_choice":"One Purge","floor":21,"damage_taken":0},{"event_name":"Back to Basics","player_choice":"Elegance","floor":22,"damage_taken":0},{"event_name":"Addict","player_choice":"Obtained Relic","floor":24,"damage_taken":0},{"event_name":"Tomb of Lord Red Mask","player_choice":"Ignored","floor":36,"damage_taken":0}],"boss_relics":[{"not_picked":["Astrolabe","Black Blood"],"picked":"Mark of Pain"},{"not_picked":["Runic Pyramid","White Beast Statue"],"picked":"Orrery"}],"potions_floor_spawned":[7,18,29,31,35],"seed_played":"3847361432850129159","ascension_level":0,"is_trial":false}