{"path_per_floor":["M","?","M","?","M","E","R","?","T","M","M","R","?","E","R","B",null,"M","$","M","?","?","R","?","R","T","?","?","M","?","M","R","B",null,"M","M","?","$","M","R","M","R","T","R","?","M","M","M","R","B"],"character_chosen":"IRONCLAD","items_purchased":[],"gold_per_floor":[17,17,31,31,47,74,74,74,74,84,104,104,104,131,131,236,236,236,161,86,86,86,86,86,86,86,86,1,1,1,1,1,1,1,1,1,1,1,1,1,1,1,1,1,0,0,0,0,0,0],"floor_reached":51,"campfire_rested":0,"playtime":1796,"current_hp_per_floor":[80,80,80,80,80,53,53,46,46,56,64,64,61,52,52,74,92,96,96,100,100,80,80,80,80,80,64,64,63,63,68,68,54,109,112,117,117,117,121,121,125,125,125,125,125,129,129,133,133,129],"items_purged":["Strike_R"],"gold":0,"score":682,"play_id":"609c8c1c-b588-42bc-a650-be97ce587c41","is_prod":false,"is_daily":false,"is_ascension_mode":false,"campfire_upgraded":10,"path_taken":["M","?","M","?","M","E","R","?","T","M","?","R","?","E","R","BOSS","M","$","M","?","?","R","?","R","T","?","?","M","?","M","R","BOSS","M","M","?","$","M","R","M","R","T","R","?","M","M","M","R","BOSS"],"build_version":"2018-02-22-PROD1","purchased_purges":1,"victory":true,"master_deck":["Defend_R+1","Defend_R+1","Defend_R+1","Defend_R+1","Clothesline+1","Cleave+1","Feed+1","Shrug It Off+1","Headbutt","Evolve+1","Barricade+1","Ghostly Armor+1","Uppercut+1","Necronomicurse","Battle Trance+1","Impervious+1","Body Slam+1"],"max_hp_per_floor":[80,80,80,80,80,80,80,80,80,84,88,88,88,92,92,92,92,96,96,100,100,105,105,105,105,105,105,105,105,105,109,109,109,109,113,117,117,117,121,121,125,125,125,125,125,129,129,133,133,137],"relics":["Burning Blood","Blue Candle","Mummified Hand","Pantograph","Juzu Bracelet","Ectoplasm","Art of War","Necronomicon","Tiny Chest","Velvet Choker","Red Skull","Red Mask"],"card_choices":[{"not_picked":["Anger","Perfected Strike"],"picked":"Clothesline"},{"not_picked":["Twin Strike","Clash"],"picked":"Cleave"},{"not_picked":["Twin Strike","Evolve"],"picked":"Feed"},{"not_picked":["Warcry","Combust"],"picked":"Shrug It Off"},{"not_picked":["Twin Strike","Anger"],"picked":"Headbutt"},{"not_picked":["Berserk","Wild Strike"],"picked":"Evolve"},{"not_picked":["Limit Break","Immolate"],"picked":"Barricade"},{"not_picked":["Headbutt","Flame Barrier"],"picked":"Ghostly Armor"},{"not_picked":["Second Wind","Flex"],"picked":"Battle Trance"},{"not_picked":["Double Tap","Exhume"],"picked":"Impervious"},{"not_picked":["Entrench","Thunderclap"],"picked":"Body Slam"}],"player_experience":1316459,"potions_floor_usage":[18,18,20,50],"damage_taken":[{"damage":0,"enemies":"Small Slimes","floor":1,"turns":4},{"damage":0,"enemies":"2 Louse","floor":3,"turns":2},{"damage":0,"enemies":"Cultist","floor":5,"turns":3},{"damage":33,"enemies":"3 Sentries","floor":6,"turns":9},{"damage":0,"enemies":"3 Louse","floor":10,"turns":3},{"damage":2,"enemies":"2 Fungi Beasts","floor":11,"turns":4},{"damage":19,"enemies":"Gremlin Nob","floor":14,"turns":4},{"damage":9,"enemies":"The Guardian","floor":16,"turns":18},{"damage":2,"enemies":"3 Byrds","floor":18,"turns":4},{"damage":6,"enemies":"2 Thieves","floor":20,"turns":5},{"damage":7,"enemies":"Snake Plant","floor":29,"turns":2},{"damage":5,"enemies":"Cultist and Chosen","floor":31,"turns":7},{"damage":45,"enemies":"Collector","floor":33,"turns":15},{"damage":7,"enemies":"Orb Walker","floor":35,"turns":4},{"damage":5,"enemies":"3 Shapes","floor":36,"turns":4},{"damage":0,"enemies":"Maw","floor":39,"turns":6},{"damage":0,"enemies":"4 Shapes","floor":41,"turns":6},{"damage":0,"enemies":"Sphere and 2 Shapes","floor":46,"turns":6},{"damage":0,"enemies":"Maw","floor":47,"turns":5},{"damage":3,"enemies":"3 Darklings","floor":48,"turns":4},{"damage":14,"enemies":"Awakened One","floor":50,"turns":13}],"event_choices":[{"event_name":"The Cleric","player_choice":"Leave","floor":2,"damage_taken":0},{"event_name":"Accursed Blacksmith","player_choice":"Forge","floor":4,"damage_taken":0},{"event_name":"Golden Wing","player_choice":"Card Removal","floor":8,"damage_taken":0},{"event_name":"Scrap Ooze","player_choice":"success","floor":13,"damage_taken":3},{"event_name":"Transmorgrifier","player_choice":"Transform","floor":21,"damage_taken":0},{"event_name":"Forgotten Altar","player_choice":"Shed Blood","floor":22,"damage_taken":0},{"event_name":"Back to Basics","player_choice":"Simplicity","floor":24,"damage_taken":0},{"event_name":"Cursed Tome","player_choice":"Obtained Book","floor":27,"damage_taken":0},{"event_name":"Addict","player_choice":"Obtained Relic","floor":28,"damage_taken":0},{"event_name":"The Mausoleum","player_choice":"No","floor":30,"damage_taken":0},{"event_name":"Tomb of Lord Red Mask","player_choice":"Paid","floor":45,"damage_taken":0}],"boss_relics":[{"not_picked":["Lizard Tail","White Beast Statue"],"picked":"Ectoplasm"},{"not_picked":["Black Blood","Runic Pyramid"],"picked":"Velvet Choker"}],"potions_floor_spawned":[6,10,11,20,29,39,46,47],"seed_played":"6654265469343940461","ascension_level":0,"is_trial":false}