{"path_per_floor":["M","M","?","M","M","R","M","?","T","M","R","M","E","?","R","B",null,"M","M","$","?","?","R","M","R","T","E","R","?","$","M","R","B",null,"M","$","M","T","M","R","M","R","T","?","T","M","M","M","R","B"],"character_chosen":"IRONCLAD","items_purchased":["Body Slam","Purity","Flash of Steel","Evolve","True Grit","Weak Potion","Explosive Potion"],"gold_per_floor":[14,34,34,52,71,71,81,81,153,169,169,181,214,214,214,333,333,358,376,279,279,279,279,298,298,324,360,360,390,235,253,253,372,372,386,28,52,128,151,151,165,165,165,0,0,21,37,53,53,53],"floor_reached":51,"campfire_rested":1,"playtime":2531,"current_hp_per_floor":[78,80,80,80,76,76,85,82,82,91,91,95,88,64,64,28,99,99,103,103,103,103,103,107,107,107,105,105,105,105,111,111,74,115,117,117,106,106,96,96,98,98,98,98,98,100,102,97,138,132],"items_purged":["Clothesline","Anger","Bash"],"gold":53,"score":571,"play_id":"12564c58-b5a9-4ade-a5f9-1763aec39414","is_prod":false,"is_daily":false,"is_ascension_mode":false,"campfire_upgraded":9,"path_taken":["M","?","?","M","M","R","M","?","T","M","R","?","E","?","R","BOSS","M","M","$","?","?","R","M","R","T","E","R","?","$","?","R","BOSS","M","$","M","?","M","R","M","R","T","?","?","M","?","M","R","BOSS"],"build_version":"2018-02-15-PROD1","purchased_purges":4,"victory":true,"master_deck":["Shrug It Off+1","Iron Wave","Feed+1","Twin Strike","Flame Barrier+1","Pummel+1","Offering+1","Armaments","Clothesline","Rampage+1","Armaments","Iron Wave","Body Slam+1","Offering+1","Pommel Strike+1","Purity","Barricade+1","Fire Breathing+1","Flash of Steel+1","Evolve","True Grit+1"],"max_hp_per_floor":[80,80,80,80,83,83,87,87,87,91,91,95,99,99,99,99,99,99,103,103,103,103,103,107,107,107,111,111,111,111,115,115,115,115,119,119,123,123,123,123,127,127,127,127,127,131,135,139,139,139],"relics":["Burning Blood","Dream Catcher","Shuriken","Vajra","Golden Idol","Pandora\u0027s Box","Omamori","Smiling Mask","Tiny Chest","Lizard Tail","Molten Egg 2","Pen Nib","Red Mask","Whetstone"],"card_choices":[{"not_picked":["Flame Barrier","Wild Strike"],"picked":"Shrug It Off"},{"not_picked":["Warcry","Shockwave"],"picked":"Iron Wave"},{"not_picked":["Armaments","Anger"],"picked":"Feed"},{"not_picked":["Warcry","Corruption"],"picked":"Twin Strike"},{"not_picked":["Inflame","Evolve"],"picked":"Flame Barrier"},{"not_picked":["Sword Boomerang","Searing Blow"],"picked":"Pummel"},{"not_picked":["Reaper","Dark Embrace"],"picked":"Offering"},{"not_picked":["Pummel","Clash"],"picked":"Iron Wave"},{"not_picked":["Armaments","Iron Wave"],"picked":"Offering"},{"not_picked":["Thunderclap","Rage"],"picked":"Pommel Strike"},{"not_picked":["Berserk","Impervious"],"picked":"Barricade"},{"not_picked":["Dropkick","Heavy Blade"],"picked":"Fire Breathing"}],"player_experience":1295321,"potions_floor_usage":[5,13,16,18,24,31,35,39,46,50,50,50],"damage_taken":[{"damage":8,"enemies":"Cultist","floor":1,"turns":5},{"damage":0,"enemies":"Small Slimes","floor":2,"turns":3},{"damage":2,"enemies":"Jaw Worm","floor":4,"turns":4},{"damage":13,"enemies":"Exordium Thugs","floor":5,"turns":5},{"damage":1,"enemies":"3 Louse","floor":7,"turns":4},{"damage":0,"enemies":"Blue Slaver","floor":10,"turns":4},{"damage":2,"enemies":"2 Fungi Beasts","floor":12,"turns":5},{"damage":17,"enemies":"Lagavulin","floor":13,"turns":10},{"damage":42,"enemies":"The Guardian","floor":16,"turns":17},{"damage":6,"enemies":"Chosen","floor":18,"turns":4},{"damage":4,"enemies":"3 Byrds","floor":19,"turns":5},{"damage":4,"enemies":"3 Cultists","floor":24,"turns":5},{"damage":12,"enemies":"Slavers","floor":27,"turns":6},{"damage":4,"enemies":"Snake Plant","floor":31,"turns":2},{"damage":43,"enemies":"Automaton","floor":33,"turns":10},{"damage":8,"enemies":"Orb Walker","floor":35,"turns":3},{"damage":21,"enemies":"3 Shapes","floor":37,"turns":4},{"damage":16,"enemies":"3 Darklings","floor":39,"turns":5},{"damage":8,"enemies":"4 Shapes","floor":41,"turns":6},{"damage":8,"enemies":"Maw","floor":46,"turns":6},{"damage":8,"enemies":"3 Darklings","floor":47,"turns":5},{"damage":15,"enemies":"Sphere and 2 Shapes","floor":48,"turns":6},{"damage":12,"enemies":"Donu and Deca","floor":50,"turns":7}],"event_choices":[{"event_name":"Living Wall","player_choice":"Forget","floor":3,"damage_taken":0},{"event_name":"Scrap Ooze","player_choice":"success","floor":8,"damage_taken":3},{"event_name":"Golden Idol","player_choice":"Take Damage","floor":14,"damage_taken":0},{"event_name":"Vampires","player_choice":"Ignored","floor":21,"damage_taken":0},{"event_name":"Drug Dealer","player_choice":"Ignored","floor":22,"damage_taken":0},{"event_name":"The Mausoleum","player_choice":"Yes","floor":29,"damage_taken":0},{"event_name":"Tomb of Lord Red Mask","player_choice":"Paid","floor":44,"damage_taken":0}],"boss_relics":[{"not_picked":["Orrery","Runic Cube"],"picked":"Pandora\u0027s Box"},{"not_picked":["White Beast Statue","Snecko Eye"],"picked":"Lizard Tail"}],"potions_floor_spawned":[2,4,5,16,19,24,31,35,39,46,48],"seed_played":"-3656203569303229701","ascension_level":0,"is_trial":false}