{"path_per_floor":["M","?","M","M","M","R","E","R","T","R","M","M","R","$","R","B",null,"M","M","M","M","$","R","?","R","T","?","?","R","M","M","R","B",null,"M","M","M","?","?","R","M","M","T","$","T","T","M","M","R","B"],"character_chosen":"IRONCLAD","items_purchased":["True Grit","Ornamental Fan"],"gold_per_floor":[12,42,62,80,94,94,119,119,167,167,185,201,201,72,72,167,167,179,191,205,215,115,115,115,115,115,165,165,165,179,191,191,289,289,304,317,335,335,335,335,348,368,391,5,5,5,22,34,34,34],"floor_reached":51,"campfire_rested":1,"playtime":2470,"current_hp_per_floor":[80,62,68,73,67,67,47,47,47,47,52,41,41,41,41,39,80,80,80,77,65,65,65,65,65,65,65,65,65,71,73,73,28,80,71,75,46,46,66,66,77,60,67,67,67,67,58,63,87,41],"items_purged":["Sever Soul","Bash","Writhe"],"gold":34,"score":503,"play_id":"c4d90586-bee1-4518-89fa-089a6a3f9e49","local_time":"20180309210146","is_prod":false,"is_daily":false,"is_ascension_mode":false,"campfire_upgraded":10,"timestamp":1520625706,"path_taken":["M","?","?","M","M","R","E","R","T","R","M","M","R","$","R","BOSS","M","M","M","M","$","R","?","R","T","?","?","R","M","M","R","BOSS","M","M","M","?","?","R","?","M","T","$","?","?","M","M","R","BOSS"],"build_version":"2018-03-01-PROD1","purchased_purges":4,"victory":true,"master_deck":["Strike_R+1","Strike_R+1","Strike_R+1","Defend_R+1","Defend_R+1","Defend_R+1","Defend_R+1","Rupture+1","Twin Strike","Intimidate+1","Pommel Strike+1","Evolve+1","Headbutt+1","Battle Trance","True Grit+1","Demon Form+1","Uppercut+1","Shrug It Off+1","Thunderclap+1","Ghostly Armor+1","Brutality","Sword Boomerang+1","Writhe","Offering","Clumsy","Doubt","Writhe","Sword Boomerang+1","Offering"],"max_hp_per_floor":[80,80,80,80,80,80,80,80,80,80,80,80,80,80,80,80,80,80,80,80,80,80,80,80,80,80,80,80,80,80,80,80,80,80,80,80,80,80,80,80,80,80,87,87,87,87,87,87,87,87],"relics":["Burning Blood","Tiny Chest","Bronze Scales","Prayer Wheel","Cursed Key","Red Skull","Philosopher\u0027s Stone","Strawberry","Ornamental Fan","Du-Vu Doll","Torii"],"card_choices":[{"not_picked":["Flex","Rage"],"picked":"Twin Strike"},{"not_picked":["Thunderclap","Searing Blow"],"picked":"Intimidate"},{"not_picked":["Fire Breathing","Exhume"],"picked":"Pommel Strike"},{"not_picked":["Pommel Strike","Rage"],"picked":"Evolve"},{"not_picked":["Wild Strike","Sword Boomerang"],"picked":"Headbutt"},{"not_picked":["Headbutt","Bloodletting"],"picked":"Battle Trance"},{"not_picked":["Feed","Berserk"],"picked":"Demon Form"},{"not_picked":["Armaments","Whirlwind"],"picked":"Uppercut"},{"not_picked":["Clothesline","Iron Wave"],"picked":"Shrug It Off"},{"not_picked":["Perfected Strike","Burning Pact"],"picked":"Thunderclap"},{"not_picked":["Heavy Blade","Armaments"],"picked":"Ghostly Armor"},{"not_picked":["Dark Embrace","Barricade"],"picked":"Brutality"},{"not_picked":["Warcry","Blood for Blood"],"picked":"Sword Boomerang"},{"not_picked":["Second Wind","Iron Wave"],"picked":"Offering"},{"not_picked":["Second Wind","Cleave"],"picked":"Sword Boomerang"},{"not_picked":["Flame Barrier","Thunderclap"],"picked":"Offering"}],"player_experience":1489478,"potions_floor_usage":[7,16,33,41,41,42,47,50],"damage_taken":[{"damage":0,"enemies":"2 Louse","floor":1,"turns":3},{"damage":0,"enemies":"Small Slimes","floor":3,"turns":2},{"damage":1,"enemies":"Cultist","floor":4,"turns":4},{"damage":12,"enemies":"Large Slime","floor":5,"turns":8},{"damage":26,"enemies":"Lagavulin","floor":7,"turns":5},{"damage":1,"enemies":"2 Fungi Beasts","floor":11,"turns":4},{"damage":17,"enemies":"Red Slaver","floor":12,"turns":5},{"damage":8,"enemies":"The Guardian","floor":16,"turns":16},{"damage":0,"enemies":"Chosen","floor":18,"turns":4},{"damage":0,"enemies":"3 Byrds","floor":19,"turns":3},{"damage":9,"enemies":"Snake Plant","floor":20,"turns":4},{"damage":18,"enemies":"Cultist and Chosen","floor":21,"turns":9},{"damage":0,"enemies":"Chosen and Byrds","floor":30,"turns":4},{"damage":4,"enemies":"Snake Plant","floor":31,"turns":4},{"damage":51,"enemies":"Collector","floor":33,"turns":10},{"damage":15,"enemies":"3 Darklings","floor":35,"turns":5},{"damage":2,"enemies":"Orb Walker","floor":36,"turns":3},{"damage":35,"enemies":"3 Darklings","floor":37,"turns":5},{"damage":10,"enemies":"Sphere and 2 Shapes","floor":41,"turns":7},{"damage":23,"enemies":"4 Shapes","floor":42,"turns":6},{"damage":15,"enemies":"Maw","floor":47,"turns":6},{"damage":1,"enemies":"Sphere and 2 Shapes","floor":48,"turns":4},{"damage":52,"enemies":"Time Eater","floor":50,"turns":5}],"event_choices":[{"event_name":"Scrap Ooze","player_choice":"success","floor":2,"damage_taken":18},{"event_name":"Back to Basics","player_choice":"Simplicity","floor":24,"damage_taken":0},{"event_name":"The Joust","player_choice":"Bet on Murderer","floor":27,"damage_taken":0},{"event_name":"N\u0027loth","player_choice":"Ignored","floor":28,"damage_taken":0},{"event_name":"Mysterious Sphere","player_choice":"Ignore","floor":38,"damage_taken":0},{"event_name":"Winding Halls","player_choice":"Writhe","floor":39,"damage_taken":0}],"boss_relics":[{"not_picked":["Lizard Tail","Calling Bell"],"picked":"Cursed Key"},{"not_picked":["Black Star","Runic Pyramid"],"picked":"Philosopher\u0027s Stone"}],"potions_floor_spawned":[3,5,30,31,36,41,42,48],"seed_played":"5006755686037915033","ascension_level":0,"is_trial":false}