{"path_per_floor":["M","M","?","?","M","E","R","E","T","M","R","M","$","M","R","B",null,"M","?","$","M","M","R","E","R","T","?","R","?","R","M","R","B",null,"M","?","?","?","M","R","M","R","T","$","R","M","M","?","R","B"],"character_chosen":"IRONCLAD","items_purchased":["Oddly Smooth Stone","Ice Cream","Purity"],"gold_per_floor":[114,133,133,133,147,179,179,208,208,228,228,243,16,26,26,127,127,145,175,75,87,97,97,123,123,199,199,199,199,199,212,212,308,308,327,327,380,380,400,400,417,417,417,7,7,27,45,345,345,345],"floor_reached":51,"campfire_rested":3,"playtime":1644,"current_hp_per_floor":[80,80,85,68,74,63,63,29,29,35,35,41,41,45,45,24,85,85,85,85,85,85,85,58,58,58,58,58,58,85,82,82,79,85,85,85,85,85,85,85,80,85,85,85,85,85,85,85,85,63],"items_purged":["Bash","Writhe"],"gold":345,"score":575,"play_id":"a8bb9381-e306-41a9-8300-3de685d4659d","local_time":"20180308213059","is_prod":false,"is_daily":false,"is_ascension_mode":false,"campfire_upgraded":9,"timestamp":1520541059,"path_taken":["M","M","?","?","M","E","R","E","T","?","R","M","$","?","R","BOSS","M","?","$","?","M","R","E","R","T","?","R","?","R","M","R","BOSS","M","?","?","?","M","R","M","R","T","$","R","?","M","?","R","BOSS"],"build_version":"2018-03-01-PROD1","purchased_purges":5,"victory":true,"master_deck":["Strike_R+1","Strike_R+1","Strike_R+1","Strike_R+1","Strike_R+1","Defend_R+1","Defend_R+1","Defend_R+1","Defend_R+1","Cleave+1","Body Slam+1","Inflame+1","Evolve+1","Battle Trance+1","Flame Barrier+1","Limit Break+1","Impervious+1","Warcry+1","Impervious+1","Flame Barrier+1","Writhe","Purity+1"],"max_hp_per_floor":[80,80,85,85,85,85,85,85,85,85,85,85,85,85,85,85,85,85,85,85,85,85,85,85,85,85,85,85,85,85,85,85,85,85,85,85,85,85,85,85,85,85,85,85,85,85,85,85,85,85],"relics":["Burning Blood","Regal Pillow","Du-Vu Doll","Anchor","Sundial","Oddly Smooth Stone","Sozu","Tiny Chest","Bronze Scales","Toolbox","Cursed Key","Magic Flower","Unceasing Top","Ice Cream"],"card_choices":[{"not_picked":["Perfected Strike","True Grit"],"picked":"Cleave"},{"not_picked":["Warcry","Clash"],"picked":"Body Slam"},{"not_picked":["Thunderclap","Wild Strike"],"picked":"Inflame"},{"not_picked":["Searing Blow","Dual Wield"],"picked":"Evolve"},{"not_picked":["Twin Strike","Disarm"],"picked":"Battle Trance"},{"not_picked":["Disarm","Inflame"],"picked":"Flame Barrier"},{"not_picked":["Uppercut","Iron Wave"],"picked":"Limit Break"},{"not_picked":["Berserk","Double Tap"],"picked":"Impervious"},{"not_picked":["Flex","True Grit"],"picked":"Warcry"},{"not_picked":["Juggernaut","Exhume"],"picked":"Impervious"}],"player_experience":1472124,"potions_floor_usage":[21,50,50],"damage_taken":[{"damage":1,"enemies":"2 Louse","floor":1,"turns":3},{"damage":5,"enemies":"Small Slimes","floor":2,"turns":4},{"damage":0,"enemies":"Cultist","floor":5,"turns":3},{"damage":17,"enemies":"3 Sentries","floor":6,"turns":7},{"damage":40,"enemies":"Lagavulin","floor":8,"turns":7},{"damage":0,"enemies":"Lots of Slimes","floor":10,"turns":4},{"damage":0,"enemies":"Looter","floor":12,"turns":3},{"damage":2,"enemies":"2 Fungi Beasts","floor":14,"turns":3},{"damage":27,"enemies":"Hexaghost","floor":16,"turns":8},{"damage":0,"enemies":"Shell Parasite","floor":18,"turns":4},{"damage":0,"enemies":"Spheric Guardian","floor":21,"turns":4},{"damage":0,"enemies":"Centurion and Healer","floor":22,"turns":5},{"damage":33,"enemies":"Slavers","floor":24,"turns":5},{"damage":9,"enemies":"Snake Plant","floor":31,"turns":3},{"damage":9,"enemies":"Champ","floor":33,"turns":8},{"damage":4,"enemies":"Orb Walker","floor":35,"turns":3},{"damage":1,"enemies":"Mysterious Sphere","floor":37,"turns":6},{"damage":0,"enemies":"3 Darklings","floor":39,"turns":5},{"damage":14,"enemies":"Maw","floor":41,"turns":8},{"damage":0,"enemies":"4 Shapes","floor":46,"turns":4},{"damage":0,"enemies":"3 Darklings","floor":47,"turns":4},{"damage":31,"enemies":"Awakened One","floor":50,"turns":10}],"event_choices":[{"event_name":"Big Fish","player_choice":"Donut","floor":3,"damage_taken":0},{"event_name":"Shining Light","player_choice":"Entered Light","floor":4,"damage_taken":0},{"event_name":"The Mausoleum","player_choice":"Yes","floor":19,"damage_taken":0},{"event_name":"Back to Basics","player_choice":"Simplicity","floor":27,"damage_taken":0},{"event_name":"Drug Dealer","player_choice":"Ignored","floor":29,"damage_taken":0},{"event_name":"Tomb of Lord Red Mask","player_choice":"Ignored","floor":36,"damage_taken":0},{"event_name":"Mysterious Sphere","player_choice":"Fight","floor":37,"damage_taken":0},{"event_name":"Duplicator","player_choice":"One dupe","floor":38,"damage_taken":0},{"event_name":"Wheel of Change","player_choice":"Gold","floor":48,"damage_taken":0}],"boss_relics":[{"not_picked":["Question Card","Lizard Tail"],"picked":"Sozu"},{"not_picked":["Tiny House","Astrolabe"],"picked":"Cursed Key"}],"potions_floor_spawned":[6,10,12,18,22,31,35,37,46],"seed_played":"6276361184819149094","ascension_level":0,"is_trial":false}