{"path_per_floor":["M","?","M","$","?","R","M","$","T","R","M","E","M","E","R","B",null,"M","M","M","$","?","E","R","M","T","?","R","?","M","M","R","B",null,"M","?","$","M","?","E","R","?","T","R","M","$","R","M","R","B"],"character_chosen":"IRONCLAD","items_purchased":["Shrug It Off","Bag of Preparation","Ancient Potion","Swift Potion"],"gold_per_floor":[219,219,238,163,163,163,180,27,27,27,43,77,97,132,132,234,234,254,271,283,4,4,36,36,47,47,47,47,47,60,71,71,170,170,185,185,35,48,48,75,75,75,75,75,94,19,19,32,32,32],"floor_reached":51,"campfire_rested":0,"playtime":2447,"current_hp_per_floor":[80,73,78,78,78,78,80,80,80,80,80,68,70,54,54,47,80,80,80,79,79,79,57,57,58,58,90,90,90,87,90,90,64,90,86,86,86,90,79,76,76,76,76,76,79,79,79,87,87,87],"items_purged":["Strike_R","Bash","Strike_R","Bash"],"gold":32,"score":555,"play_id":"4b985dce-263c-41c9-8abc-4f596a1d2c23","local_time":"20180308053220","is_prod":false,"is_daily":false,"is_ascension_mode":false,"campfire_upgraded":4,"timestamp":1520483540,"path_taken":["M","?","M","?","?","R","M","$","T","R","?","E","M","E","R","BOSS","M","M","M","$","?","E","R","?","T","?","R","?","M","?","R","BOSS","M","?","$","M","?","E","R","?","T","R","M","?","R","M","R","BOSS"],"build_version":"2018-03-01-PROD1","purchased_purges":5,"victory":true,"master_deck":["Headbutt","Jack Of All Trades+1","Pommel Strike","Shrug It Off+1","Armaments+1","Rampage+1","Double Tap","Battle Trance","Panacea","Metallicize","Brutality","Shrug It Off+1","Madness","Madness"],"max_hp_per_floor":[80,80,80,80,80,80,80,80,80,80,80,80,80,80,80,80,80,80,80,80,80,80,80,80,80,80,90,90,90,90,90,90,90,90,90,90,90,90,90,90,90,90,90,90,90,90,90,90,90,90],"relics":["Burning Blood","Peace Pipe","Blue Candle","Meat on the Bone","Mark of Pain","Bag of Preparation","Charon\u0027s Ashes","Blood Vial","Runic Cube","The Courier","Bag of Marbles"],"card_choices":[{"not_picked":["Sentinel","Flex"],"picked":"Headbutt"},{"not_picked":["Twin Strike","Fire Breathing"],"picked":"Pommel Strike"},{"not_picked":["Seeing Red","True Grit"],"picked":"Armaments"},{"not_picked":["Reaper","Body Slam"],"picked":"Spot Weakness"},{"not_picked":["Combust","Heavy Blade"],"picked":"Rampage"},{"not_picked":["Fiend Fire","Impervious"],"picked":"Double Tap"},{"not_picked":["Combust","Rage"],"picked":"Metallicize"},{"not_picked":["Barricade","Bludgeon"],"picked":"Brutality"},{"not_picked":["Infernal Blade","Battle Trance"],"picked":"Shrug It Off"}],"player_experience":1469677,"potions_floor_usage":[20,31,35,35,50,50,50],"damage_taken":[{"damage":1.0,"enemies":"Cultist","floor":1.0,"turns":3.0},{"damage":1.0,"enemies":"Jaw Worm","floor":3.0,"turns":4.0},{"damage":0.0,"enemies":"Small Slimes","floor":7.0,"turns":3.0},{"damage":4.0,"enemies":"Exordium Thugs","floor":11.0,"turns":5.0},{"damage":18.0,"enemies":"3 Sentries","floor":12.0,"turns":12.0},{"damage":4.0,"enemies":"3 Louse","floor":13.0,"turns":4.0},{"damage":22.0,"enemies":"Gremlin Nob","floor":14.0,"turns":4.0},{"damage":25,"enemies":"Hexaghost","floor":16,"turns":9},{"damage":0,"enemies":"Chosen","floor":18,"turns":5},{"damage":5,"enemies":"Shell Parasite","floor":19,"turns":6},{"damage":11,"enemies":"Centurion and Healer","floor":20,"turns":6},{"damage":28,"enemies":"Book of Stabbing","floor":23,"turns":5},{"damage":5,"enemies":"Snake Plant","floor":25,"turns":4},{"damage":9,"enemies":"Slaver and Parasite","floor":30,"turns":5},{"damage":0,"enemies":"Centurion and Healer","floor":31,"turns":3},{"damage":32,"enemies":"Automaton","floor":33,"turns":8},{"damage":10,"enemies":"3 Darklings","floor":35,"turns":5},{"damage":4,"enemies":"3 Shapes","floor":38,"turns":5},{"damage":11,"enemies":"Nemesis","floor":40,"turns":5},{"damage":5,"enemies":"Maw","floor":45,"turns":6},{"damage":0,"enemies":"Sphere and 2 Shapes","floor":48,"turns":5},{"damage":17,"enemies":"Time Eater","floor":50,"turns":5}],"event_choices":[{"event_name":"Golden Wing","player_choice":"Card Removal","floor":2.0,"damage_taken":0.0},{"event_name":"Match and Keep!","player_choice":"3 cards matched","floor":5.0,"damage_taken":0.0},{"event_name":"Match and Keep!","player_choice":"2 cards matched","floor":22,"damage_taken":0},{"event_name":"Bonfire Elementals","player_choice":"RARE","floor":27,"damage_taken":0},{"event_name":"Transmorgrifier","player_choice":"Transform","floor":29,"damage_taken":0},{"event_name":"Winding Halls","player_choice":"Embrace Madness","floor":39,"damage_taken":0},{"event_name":"Match and Keep!","player_choice":"0 cards matched","floor":42,"damage_taken":0}],"boss_relics":[{"not_picked":["Tiny House","Pandora\u0027s Box"],"picked":"Mark of Pain"},{"not_picked":["Snecko Eye","Calling Bell"],"picked":"Runic Cube"}],"potions_floor_spawned":[1,12,25,30,31,35,48],"seed_played":"-3919627057712974710","ascension_level":0,"is_trial":false}