{"path_per_floor":["M","?","M","?","M","R","E","R","T","M","M","M","M","E","R","B",null,"M","$","?","M","?","M","E","M","T","M","R","E","R","M","R","B",null,"M","?","?","$","M","E","$","M","T","R","M","$","R","?","R","B"],"character_chosen":"IRONCLAD","items_purchased":["Havoc","Metallicize","Shockwave","Juzu Bracelet","Happy Flower","Whirlwind","Double Tap","Secret Technique","Shrug It Off","Orichalcum","Corruption"],"gold_per_floor":[117,117,137,137,158,158,196,196,247,271,291,309,328,362,362,493,493,514,89,89,109,109,132,168,189,189,209,209,245,245,259,259,383,383,408,408,741,190,204,233,33,49,49,49,67,33,33,0,0,0],"floor_reached":51,"campfire_rested":0,"playtime":2935,"current_hp_per_floor":[80,60,66,66,69,69,52,52,52,50,56,54,45,36,36,40,80,80,80,80,75,75,63,66,69,69,73,73,78,78,80,80,56,80,80,80,80,80,80,80,80,80,80,80,80,80,80,80,80,72],"items_purged":["Strike_R"],"gold":0,"score":779,"play_id":"99595259-a185-4634-a786-b507056ce233","local_time":"20180311061642","is_prod":false,"is_daily":false,"is_ascension_mode":false,"campfire_upgraded":9,"timestamp":1520745402,"path_taken":["M","?","M","?","M","R","E","R","T","M","?","M","M","E","R","BOSS","M","$","?","M","?","M","E","M","T","M","R","E","R","M","R","BOSS","M","?","?","$","M","E","$","M","T","R","M","?","R","?","R","BOSS"],"build_version":"2018-03-09","purchased_purges":2,"victory":true,"master_deck":["Strike_R","Strike_R","Strike_R","Strike_R","Defend_R","Defend_R+1","Defend_R+1","Defend_R+1","Bash","Bludgeon+1","Shrug It Off+1","Headbutt","Inflame+1","Metallicize+1","Havoc+1","Warcry+1","Disarm+1","Battle Trance+1","Disarm+1","Limit Break+1","Havoc+1","Metallicize+1","Shockwave+1","Thunderclap","True Grit+1","Sword Boomerang+1","Havoc+1","Uppercut+1","Warcry+1","Barricade+1","Clothesline+1","Whirlwind+1","Double Tap+1","Secret Technique+1","Shrug It Off+1","Battle Trance+1","Corruption+1"],"max_hp_per_floor":[80,80,80,80,80,80,80,80,80,80,80,80,80,80,80,80,80,80,80,80,80,80,80,80,80,80,80,80,80,80,80,80,80,80,80,80,80,80,80,80,80,80,80,80,80,80,80,80,80,83],"relics":["Burning Blood","Toxic Egg 2","Omamori","Anchor","Black Star","Juzu Bracelet","Red Skull","Letter Opener","Centennial Puzzle","Du-Vu Doll","Magic Flower","Torii","Philosopher\u0027s Stone","Happy Flower","Pen Nib","War Paint","Orichalcum","Dead Branch","Red Mask"],"card_choices":[{"not_picked":["Armaments","Entrench"],"picked":"Shrug It Off"},{"not_picked":["Sword Boomerang","Infernal Blade"],"picked":"Headbutt"},{"not_picked":["Wild Strike","Clothesline"],"picked":"Inflame"},{"not_picked":["Demon Form","Warcry"],"picked":"Metallicize"},{"not_picked":["Entrench","Uppercut"],"picked":"Havoc"},{"not_picked":["Spot Weakness","Anger"],"picked":"Warcry"},{"not_picked":["Sword Boomerang","Burning Pact"],"picked":"Disarm"},{"not_picked":["Headbutt","Pommel Strike"],"picked":"Battle Trance"},{"not_picked":["Perfected Strike","Pummel"],"picked":"Disarm"},{"not_picked":["Bludgeon","Berserk"],"picked":"Limit Break"},{"not_picked":["Reckless Charge","Perfected Strike"],"picked":"Thunderclap"},{"not_picked":["Rampage","Havoc"],"picked":"True Grit"},{"not_picked":["Havoc","Limit Break"],"picked":"Sword Boomerang"},{"not_picked":["Corruption","Body Slam"],"picked":"Iron Wave"},{"not_picked":["Sword Boomerang","Clash"],"picked":"Havoc"},{"not_picked":["Pummel","Burning Pact"],"picked":"Uppercut"},{"not_picked":["Iron Wave","Rampage"],"picked":"Warcry"},{"not_picked":["Brutality","Double Tap"],"picked":"Barricade"},{"not_picked":["Perfected Strike","Sword Boomerang"],"picked":"Clothesline"},{"not_picked":["Perfected Strike","Disarm"],"picked":"Battle Trance"}],"player_experience":1504801,"potions_floor_usage":[29,40,50,50],"damage_taken":[{"damage":6.0,"enemies":"Cultist","floor":1.0,"turns":3.0},{"damage":0.0,"enemies":"2 Louse","floor":3.0,"turns":4.0},{"damage":3.0,"enemies":"Small Slimes","floor":5.0,"turns":2.0},{"damage":23.0,"enemies":"Lagavulin","floor":7.0,"turns":6.0},{"damage":8.0,"enemies":"3 Louse","floor":10.0,"turns":4.0},{"damage":0.0,"enemies":"Exordium Wildlife","floor":11.0,"turns":4.0},{"damage":8.0,"enemies":"Lots of Slimes","floor":12.0,"turns":6.0},{"damage":15.0,"enemies":"Exordium Thugs","floor":13.0,"turns":6.0},{"damage":15.0,"enemies":"Gremlin Nob","floor":14.0,"turns":3.0},{"damage":2.0,"enemies":"Hexaghost","floor":16.0,"turns":8.0},{"damage":3.0,"enemies":"3 Byrds","floor":18.0,"turns":7.0},{"damage":11.0,"enemies":"Spheric Guardian","floor":21.0,"turns":6.0},{"damage":18.0,"enemies":"Snecko","floor":23.0,"turns":5.0},{"damage":3.0,"enemies":"Book of Stabbing","floor":24.0,"turns":7.0},{"damage":3.0,"enemies":"Cultist and Chosen","floor":25.0,"turns":5.0},{"damage":2.0,"enemies":"Snake Plant","floor":27.0,"turns":3.0},{"damage":1,"enemies":"Slavers","floor":29,"turns":5},{"damage":0,"enemies":"Centurion and Healer","floor":31,"turns":7},{"damage":33,"enemies":"Collector","floor":33,"turns":9},{"damage":6,"enemies":"Orb Walker","floor":35,"turns":4},{"damage":0,"enemies":"3 Darklings","floor":39,"turns":4},{"damage":7,"enemies":"2 Orb Walkers","floor":40,"turns":3},{"damage":4,"enemies":"4 Shapes","floor":42,"turns":8},{"damage":0,"enemies":"Maw","floor":45,"turns":4},{"damage":32,"enemies":"Donu and Deca","floor":50,"turns":4}],"event_choices":[{"event_name":"Golden Idol","player_choice":"Take Damage","floor":2.0,"damage_taken":0.0},{"event_name":"Liars Game","player_choice":"disagreed","floor":4.0,"damage_taken":0.0},{"event_name":"The Mausoleum","player_choice":"Yes","floor":20.0,"damage_taken":0.0},{"event_name":"Accursed Blacksmith","player_choice":"Forge","floor":22.0,"damage_taken":0.0},{"event_name":"The Moai Head","player_choice":"Gave Idol","floor":37,"damage_taken":0},{"event_name":"Tomb of Lord Red Mask","player_choice":"Paid","floor":48,"damage_taken":0}],"boss_relics":[{"not_picked":["Eternal Feather","Lizard Tail"],"picked":"Philosopher\u0027s Stone"}],"potions_floor_spawned":[3,10,12,13,16,18,23,27,31,33,35],"seed_played":"2072823822285791188","ascension_level":0,"is_trial":false}