{"path_per_floor":["M","?","M","M","?","R","M","R","T","?","M","M","R","E","R","B",null,"M","M","?","M","$","R","M","R","T","R","$","R","?","M","R","B",null,"M","?","M","T","M","R","M","?","T","M","?","$","M","M","R","B"],"character_chosen":"IRONCLAD","items_purchased":["Omamori","Iron Wave","Inflame","Limit Break","Bag of Marbles"],"gold_per_floor":[111,111,135,154,154,154,173,173,173,173,186,200,200,241,241,369,369,390,411,411,427,229,229,247,247,247,247,99,99,99,116,116,213,213,230,230,245,245,257,257,276,276,276,295,295,32,49,61,61,61],"floor_reached":51,"campfire_rested":0,"playtime":2397,"current_hp_per_floor":[80,60,66,70,54,54,59,59,59,59,65,65,65,71,71,61,80,74,80,80,78,78,78,68,68,68,68,68,68,68,79,79,80,80,80,80,80,80,74,74,80,80,80,80,80,80,89,89,89,28],"items_purged":["Strike_R","Strike_R","Juggernaut"],"gold":61,"score":551,"play_id":"7d8c898d-0e78-453c-b55d-66b2caa2519d","local_time":"20180308221113","is_prod":false,"is_daily":false,"is_ascension_mode":false,"campfire_upgraded":11,"timestamp":1520543473,"path_taken":["M","?","M","M","?","R","M","R","T","?","?","M","R","E","R","BOSS","M","M","?","M","$","R","?","R","T","R","$","R","?","M","R","BOSS","M","?","M","?","?","R","M","?","T","M","?","?","M","?","R","BOSS"],"build_version":"2018-03-01-PROD1","purchased_purges":4,"victory":true,"master_deck":["Defend_R+1","Defend_R+1","Defend_R+1","Shrug It Off+1","Evolve+1","Ghostly Armor+1","Pommel Strike+1","Barricade+1","Shrug It Off+1","Iron Wave+1","Inflame+1","Uppercut+1","Juggernaut+1","Thunderclap+1","Dual Wield+1","Warcry+1","Shrug It Off+1","Warcry+1","Limit Break+1"],"max_hp_per_floor":[80,80,80,80,80,80,80,80,80,80,80,80,80,80,80,80,80,80,80,80,80,80,80,80,80,80,80,80,80,80,80,80,80,80,80,80,80,80,80,80,80,80,80,80,80,80,89,89,89,89],"relics":["Burning Blood","Bloody Idol","Dream Catcher","Smiling Mask","Velvet Choker","Omamori","Happy Flower","Astrolabe","Ancient Tea Set","Dead Branch","Bag of Marbles"],"card_choices":[{"not_picked":["Dual Wield","Intimidate"],"picked":"Shrug It Off"},{"not_picked":["Uppercut","Havoc"],"picked":"Evolve"},{"not_picked":["Clothesline","Anger"],"picked":"Ghostly Armor"},{"not_picked":["Warcry","Twin Strike"],"picked":"Pommel Strike"},{"not_picked":["Impervious","Reaper"],"picked":"Barricade"},{"not_picked":["Wild Strike","Feed"],"picked":"Shrug It Off"},{"not_picked":["Hemokinesis","Havoc"],"picked":"Uppercut"},{"not_picked":["Fiend Fire","Brutality"],"picked":"Juggernaut"},{"not_picked":["Heavy Blade","Perfected Strike"],"picked":"Warcry"},{"not_picked":["Rupture","Headbutt"],"picked":"Shrug It Off"},{"not_picked":["Headbutt","Dual Wield"],"picked":"Warcry"}],"player_experience":1473768,"potions_floor_usage":[14,16,24,31,37,50,50,50],"damage_taken":[{"damage":2,"enemies":"2 Louse","floor":1,"turns":3},{"damage":0,"enemies":"Jaw Worm","floor":3,"turns":6},{"damage":2,"enemies":"Cultist","floor":4,"turns":4},{"damage":1,"enemies":"3 Louse","floor":7,"turns":6},{"damage":0,"enemies":"2 Fungi Beasts","floor":11,"turns":5},{"damage":6,"enemies":"Red Slaver","floor":12,"turns":5},{"damage":0,"enemies":"3 Sentries","floor":14,"turns":9},{"damage":16,"enemies":"Slime Boss","floor":16,"turns":12},{"damage":12,"enemies":"Shell Parasite","floor":18,"turns":8},{"damage":0,"enemies":"Spheric Guardian","floor":19,"turns":15},{"damage":8,"enemies":"Snake Plant","floor":21,"turns":7},{"damage":16,"enemies":"3 Cultists","floor":24,"turns":8},{"damage":0,"enemies":"Cultist and Chosen","floor":31,"turns":7},{"damage":8,"enemies":"Champ","floor":33,"turns":18},{"damage":2,"enemies":"3 Shapes","floor":35,"turns":5},{"damage":5,"enemies":"3 Darklings","floor":37,"turns":6},{"damage":17,"enemies":"4 Shapes","floor":39,"turns":7},{"damage":0,"enemies":"Sphere and 2 Shapes","floor":41,"turns":8},{"damage":10,"enemies":"3 Darklings","floor":44,"turns":9},{"damage":3,"enemies":"4 Shapes","floor":47,"turns":8},{"damage":0,"enemies":"Sphere and 2 Shapes","floor":48,"turns":4},{"damage":67,"enemies":"Awakened One","floor":50,"turns":9}],"event_choices":[{"event_name":"Golden Idol","player_choice":"Take Damage","floor":2,"damage_taken":0},{"event_name":"Shining Light","player_choice":"Entered Light","floor":5,"damage_taken":0},{"event_name":"Living Wall","player_choice":"Forget","floor":10,"damage_taken":0},{"event_name":"Vampires","player_choice":"Ignored","floor":20,"damage_taken":0},{"event_name":"Forgotten Altar","player_choice":"Gave Idol","floor":30,"damage_taken":0},{"event_name":"Mysterious Sphere","player_choice":"Ignore","floor":36,"damage_taken":0},{"event_name":"Match and Keep!","player_choice":"0 cards matched","floor":42,"damage_taken":0},{"event_name":"Tomb of Lord Red Mask","player_choice":"Ignored","floor":45,"damage_taken":0}],"boss_relics":[{"not_picked":["White Beast Statue","Runic Pyramid"],"picked":"Velvet Choker"},{"not_picked":["Tiny House","Black Star"],"picked":"Astrolabe"}],"potions_floor_spawned":[4,7,16,18,19,33,37,44,47],"seed_played":"2747095817205239705","ascension_level":0,"is_trial":false}