{"path_per_floor":["M","?","M","?","M","R","?","R","T","E","R","M","M","M","R","B",null,"M","$","M","M","M","R","?","E","T","M","?","M","R","M","R","B",null,"M","M","?","?","M","R","?","T","T","R","?","$","M","M","R","B"],"character_chosen":"IRONCLAD","items_purchased":["Shrug It Off","Strength Potion","Energy Potion"],"gold_per_floor":[20,20,36,36,49,49,49,49,49,79,79,98,111,127,127,224,224,224,5,5,5,5,5,5,5,5,5,5,5,5,5,5,5,5,5,5,5,5,5,5,0,0,0,0,0,0,0,0,0,0],"floor_reached":51,"campfire_rested":0,"playtime":2347,"current_hp_per_floor":[96,87,92,92,86,86,86,86,86,77,77,81,85,86,86,23,103,101,101,93,82,82,82,66,65,65,91,70,68,68,67,67,63,108,108,103,89,95,97,97,97,97,97,97,97,97,101,105,105,99],"items_purged":["Strike_R"],"gold":0,"score":746,"play_id":"eb0ab971-5964-4d2d-9e5e-d3b0fb91c7c1","local_time":"20180312162333","is_prod":false,"is_daily":false,"is_ascension_mode":false,"campfire_upgraded":10,"timestamp":1520868213,"path_taken":["M","?","M","?","M","R","?","R","T","E","R","M","M","M","R","BOSS","M","$","?","M","?","R","?","E","T","M","?","M","R","M","R","BOSS","M","M","?","?","M","R","?","?","T","R","?","$","M","M","R","BOSS"],"build_version":"2018-03-09","purchased_purges":1,"victory":true,"master_deck":["Strike_R","Strike_R","Strike_R","Defend_R+1","Defend_R+1","Defend_R+1","Defend_R+1","Battle Trance","Ghostly Armor+1","Offering","Shockwave+1","Brutality","Inflame","Shrug It Off+1","Spot Weakness+1","Heavy Blade+1","Seeing Red+1","Iron Wave","True Grit+1","Madness","Madness","Flex+1","Anger+1","Havoc+1","Spot Weakness+1"],"max_hp_per_floor":[96,96,96,96,96,96,96,96,96,103,103,103,103,103,103,103,103,103,103,103,103,103,103,103,103,103,103,108,108,108,108,108,108,108,108,108,108,111,111,111,111,111,111,111,111,111,111,111,111,111],"relics":["Burning Blood","Blood Vial","Kunai","Strawberry","Ectoplasm","Nilry\u0027s Codex","Unceasing Top","Mummified Hand","Sozu","Frozen Eye","Red Mask","Meat on the Bone","Sundial"],"card_choices":[{"not_picked":["Reckless Charge","Havoc"],"picked":"Battle Trance"},{"not_picked":["Evolve","Havoc"],"picked":"Ghostly Armor"},{"not_picked":["Clash","Sever Soul"],"picked":"Offering"},{"not_picked":["Armaments","Combust"],"picked":"Shockwave"},{"not_picked":["Exhume","Immolate"],"picked":"Brutality"},{"not_picked":["Iron Wave","Intimidate"],"picked":"Inflame"},{"not_picked":["Feel No Pain","Reckless Charge"],"picked":"Spot Weakness"},{"not_picked":["Reckless Charge","Uppercut"],"picked":"Heavy Blade"},{"not_picked":["Perfected Strike","Pommel Strike"],"picked":"Seeing Red"},{"not_picked":["Headbutt","Flex"],"picked":"Iron Wave"},{"not_picked":["Havoc","Wild Strike"],"picked":"True Grit"},{"not_picked":["Thunderclap","Clothesline"],"picked":"Flex"},{"not_picked":["Combust","Power Through"],"picked":"Anger"},{"not_picked":["Anger","Twin Strike"],"picked":"Havoc"},{"not_picked":["Iron Wave","Sentinel"],"picked":"Spot Weakness"}],"player_experience":1524215,"potions_floor_usage":[10,12,21,29,33,33],"damage_taken":[{"damage":2,"enemies":"2 Louse","floor":1,"turns":3},{"damage":1,"enemies":"Cultist","floor":3,"turns":4},{"damage":12,"enemies":"Small Slimes","floor":5,"turns":5},{"damage":24,"enemies":"Gremlin Nob","floor":10,"turns":5},{"damage":4,"enemies":"Looter","floor":12,"turns":4},{"damage":4,"enemies":"3 Louse","floor":13,"turns":4},{"damage":7,"enemies":"Exordium Thugs","floor":14,"turns":6},{"damage":71,"enemies":"The Guardian","floor":16,"turns":23},{"damage":8,"enemies":"Chosen","floor":18,"turns":5},{"damage":16,"enemies":"Spheric Guardian","floor":20,"turns":5},{"damage":19,"enemies":"3 Cultists","floor":21,"turns":6},{"damage":8,"enemies":"Snake Plant","floor":22,"turns":5},{"damage":9,"enemies":"Book of Stabbing","floor":25,"turns":3},{"damage":9,"enemies":"Centurion and Healer","floor":27,"turns":6},{"damage":19,"enemies":"Slaver and Parasite","floor":29,"turns":4},{"damage":9,"enemies":"Chosen and Byrds","floor":31,"turns":7},{"damage":12,"enemies":"Collector","floor":33,"turns":5},{"damage":4,"enemies":"3 Shapes","floor":35,"turns":4},{"damage":11,"enemies":"3 Darklings","floor":36,"turns":6},{"damage":5,"enemies":"Mysterious Sphere","floor":38,"turns":7},{"damage":6,"enemies":"Sphere and 2 Shapes","floor":39,"turns":5},{"damage":4,"enemies":"4 Shapes","floor":47,"turns":5},{"damage":4,"enemies":"3 Darklings","floor":48,"turns":5},{"damage":14,"enemies":"Awakened One","floor":50,"turns":8}],"event_choices":[{"event_name":"Wheel of Change","player_choice":"Damage","floor":2,"damage_taken":0},{"event_name":"Living Wall","player_choice":"Forget","floor":4,"damage_taken":0},{"event_name":"Dead Adventurer","player_choice":"Searched \u00271\u0027 times","floor":7,"damage_taken":0},{"event_name":"Cursed Tome","player_choice":"Obtained Book","floor":24,"damage_taken":0},{"event_name":"Forgotten Altar","player_choice":"Shed Blood","floor":28,"damage_taken":0},{"event_name":"Winding Halls","player_choice":"Embrace Madness","floor":37,"damage_taken":0},{"event_name":"Mysterious Sphere","player_choice":"Fight","floor":38,"damage_taken":0},{"event_name":"Tomb of Lord Red Mask","player_choice":"Paid","floor":41,"damage_taken":0}],"boss_relics":[{"not_picked":["Eternal Feather","Velvet Choker"],"picked":"Ectoplasm"},{"not_picked":["Snecko Eye","Runic Dome"],"picked":"Sozu"}],"potions_floor_spawned":[3,5,16,22,25,27,36,47],"seed_played":"1466150733603038211","ascension_level":0,"is_trial":false}