{"path_per_floor":["M","?","M","M","?","R","M","R","T","$","?","R","M","M","R","B",null,"M","M","M","?","M","R","$","R","T","R","E","?","R","E","R","B",null,"M","?","M","?","M","E","R","$","T","M","E","?","$","M","R","B"],"character_chosen":"IRONCLAD","items_purchased":["Metallicize","Happy Flower","Matryoshka","Bag of Marbles","Good Instincts"],"gold_per_floor":[311,311,331,351,301,301,322,322,345,84,84,84,98,114,114,238,238,254,273,292,292,313,313,58,58,81,81,124,124,124,149,149,251,251,266,266,277,377,396,422,422,322,322,340,372,372,1,11,11,11],"floor_reached":51,"campfire_rested":0,"playtime":1596,"current_hp_per_floor":[80,60,60,61,61,61,67,67,67,67,64,64,70,76,76,52,80,80,80,80,80,79,79,79,79,79,79,79,79,79,83,83,85,87,87,87,87,87,87,87,87,87,87,87,87,87,87,87,87,85],"items_purged":["Strike_R","Strike_R","Strike_R"],"gold":11,"score":635,"play_id":"2bff6897-01dc-4780-9ebe-651915f4b43f","local_time":"20180305192722","is_prod":false,"is_daily":false,"is_ascension_mode":false,"campfire_upgraded":11,"timestamp":1520274442,"path_taken":["M","?","M","?","?","R","M","R","T","?","?","R","?","M","R","BOSS","M","?","M","?","M","R","$","R","T","R","E","?","R","E","R","BOSS","M","?","?","?","M","E","R","$","T","M","E","?","$","M","R","BOSS"],"build_version":"2018-03-01-PROD1","purchased_purges":3,"victory":true,"master_deck":["Defend_R+1","Defend_R","Defend_R","Defend_R","Whirlwind+1","True Grit+1","Shrug It Off+1","Ghostly Armor+1","Metallicize+1","Uppercut+1","Brutality","Body Slam+1","Shrug It Off+1","Offering","Barricade+1","Inflame+1","Impervious","Shrug It Off+1","Rupture+1","Good Instincts","Body Slam+1"],"max_hp_per_floor":[80,80,80,80,80,80,80,80,80,80,80,80,80,80,80,80,80,80,80,80,80,80,80,80,80,80,80,87,87,87,87,87,87,87,87,87,87,87,87,87,87,87,87,87,87,87,87,87,87,87],"relics":["Burning Blood","Old Coin","Bloody Idol","Pen Nib","Happy Flower","Gambling Chip","Sozu","Matryoshka","Omamori","Bronze Scales","Strawberry","Dodecahedron","Runic Cube","Anchor","Juzu Bracelet","Red Skull","Centennial Puzzle","Bag of Marbles"],"card_choices":[{"not_picked":["Sword Boomerang","Blood for Blood"],"picked":"Whirlwind"},{"not_picked":["Cleave","Sentinel"],"picked":"True Grit"},{"not_picked":["Havoc","Seeing Red"],"picked":"Shrug It Off"},{"not_picked":["Sword Boomerang","Combust"],"picked":"Ghostly Armor"},{"not_picked":["Twin Strike","True Grit"],"picked":"Uppercut"},{"not_picked":["Reaper","Dark Embrace"],"picked":"Brutality"},{"not_picked":["Rampage","Whirlwind"],"picked":"Body Slam"},{"not_picked":["Perfected Strike","Armaments"],"picked":"Shrug It Off"},{"not_picked":["Ghostly Armor","Wild Strike"],"picked":"Offering"},{"not_picked":["Burning Pact","Clash"],"picked":"Inflame"},{"not_picked":["Berserk","Limit Break"],"picked":"Impervious"},{"not_picked":["Cleave","Clothesline"],"picked":"Shrug It Off"},{"not_picked":["Heavy Blade","Dark Embrace"],"picked":"Rupture"},{"not_picked":["Armaments","Perfected Strike"],"picked":"Body Slam"}],"player_experience":1456218,"potions_floor_usage":[22,40],"damage_taken":[{"damage":1,"enemies":"Cultist","floor":1,"turns":3},{"damage":6,"enemies":"Jaw Worm","floor":3,"turns":4},{"damage":5,"enemies":"Small Slimes","floor":4,"turns":4},{"damage":0,"enemies":"3 Louse","floor":7,"turns":1},{"damage":0,"enemies":"Exordium Wildlife","floor":13,"turns":7},{"damage":0,"enemies":"Large Slime","floor":14,"turns":6},{"damage":30,"enemies":"Hexaghost","floor":16,"turns":14},{"damage":3,"enemies":"Shell Parasite","floor":18,"turns":5},{"damage":5,"enemies":"Chosen","floor":19,"turns":4},{"damage":5,"enemies":"Centurion and Healer","floor":20,"turns":6},{"damage":7,"enemies":"Sentry and Sphere","floor":22,"turns":3},{"damage":13,"enemies":"Slavers","floor":28,"turns":3},{"damage":7,"enemies":"Book of Stabbing","floor":31,"turns":4},{"damage":9,"enemies":"Champ","floor":33,"turns":8},{"damage":4,"enemies":"3 Darklings","floor":35,"turns":1},{"damage":5,"enemies":"Orb Walker","floor":37,"turns":2},{"damage":7,"enemies":"4 Shapes","floor":39,"turns":4},{"damage":8,"enemies":"2 Orb Walkers","floor":40,"turns":5},{"damage":6,"enemies":"Maw","floor":44,"turns":5},{"damage":6,"enemies":"Giant Head","floor":45,"turns":3},{"damage":0,"enemies":"3 Darklings","floor":48,"turns":1},{"damage":8,"enemies":"Donu and Deca","floor":50,"turns":6}],"event_choices":[{"event_name":"Golden Idol","player_choice":"Take Damage","floor":2,"damage_taken":0},{"event_name":"The Cleric","player_choice":"Card Removal","floor":5,"damage_taken":0},{"event_name":"Scrap Ooze","player_choice":"success","floor":11,"damage_taken":3},{"event_name":"Transmorgrifier","player_choice":"Transform","floor":21,"damage_taken":0},{"event_name":"Forgotten Altar","player_choice":"Gave Idol","floor":29,"damage_taken":0},{"event_name":"Golden Shrine","player_choice":"Pray","floor":38,"damage_taken":0},{"event_name":"The Woman in Blue","player_choice":"Bought 0 Potions","floor":46,"damage_taken":0}],"boss_relics":[{"not_picked":["Tiny House","Ectoplasm"],"picked":"Sozu"},{"not_picked":["Velvet Choker","Mark of Pain"],"picked":"Runic Cube"}],"potions_floor_spawned":[3,4,19,22,28,33,37,44,48],"seed_played":"5905087119244479663","ascension_level":0,"is_trial":false}