{"path_per_floor":["M","?","M","$","?","R","M","R","T","E","R","?","M","?","R","B",null,"M","$","?","?","?","M","R","M","T","R","M","?","E","M","R","B",null,"M","M","$","M","$","R","M","R","T","?","M","?","R","M","R","B"],"character_chosen":"IRONCLAD","items_purchased":["True Grit","Shrug It Off","Seeing Red","Panacea"],"gold_per_floor":[210,210,226,106,106,106,120,120,120,152,152,102,113,113,113,212,212,227,128,128,128,128,147,147,163,190,190,201,126,160,173,173,273,273,287,299,249,262,48,48,64,64,64,64,84,0,0,14,14,14],"floor_reached":51,"campfire_rested":0,"playtime":2389,"current_hp_per_floor":[80,64,70,70,58,58,63,63,63,47,47,47,49,42,42,8,80,80,80,80,80,64,66,66,72,72,72,63,63,54,57,57,30,80,80,80,80,79,79,79,80,80,80,80,80,80,80,80,80,51],"items_purged":["Strike_R","Strike_R","Bash","Defend_R"],"gold":14,"score":690,"play_id":"bd2c152e-8a76-447e-9236-13b3f5b9a598","local_time":"20180311084546","is_prod":false,"is_daily":false,"is_ascension_mode":false,"campfire_upgraded":8,"timestamp":1520754346,"path_taken":["M","?","?","$","?","R","M","R","T","E","R","?","M","?","R","BOSS","M","$","?","?","?","M","R","?","T","R","?","?","E","?","R","BOSS","M","M","$","M","$","R","M","R","T","?","M","?","R","M","R","BOSS"],"build_version":"2018-03-09","purchased_purges":4,"victory":true,"master_deck":["Strike_R+1","Defend_R+1","Defend_R+1","Defend_R","Offering","True Grit+1","Havoc+1","Iron Wave+1","Twin Strike+1","Limit Break+1","True Grit+1","Shrug It Off+1","Rampage+1","Shrug It Off+1","Warcry+1","Evolve+1","Limit Break","Warcry+1","Offering","Seeing Red+1","Panacea+1","Shrug It Off+1","Twin Strike","Battle Trance"],"max_hp_per_floor":[80,80,80,80,80,80,80,80,80,80,80,80,80,80,80,80,80,80,80,80,80,80,80,80,80,80,80,80,80,80,80,80,80,80,80,80,80,80,80,80,80,80,80,80,80,80,80,80,80,80],"relics":["Black Blood","Smiling Mask","Girya","Ginger","Nilry\u0027s Codex","Bag of Marbles","Prayer Wheel","Runic Cube","Whetstone","Red Mask"],"card_choices":[{"not_picked":["Flex","Power Through"],"picked":"Offering"},{"not_picked":["Heavy Blade","Clothesline"],"picked":"Havoc"},{"not_picked":["Entrench","Armaments"],"picked":"Iron Wave"},{"not_picked":["Seeing Red","Flex"],"picked":"Twin Strike"},{"not_picked":["Immolate","Juggernaut"],"picked":"Limit Break"},{"not_picked":["Fire Breathing","Entrench"],"picked":"True Grit"},{"not_picked":["Havoc","Pommel Strike"],"picked":"Rampage"},{"not_picked":["Armaments","Clash"],"picked":"Shrug It Off"},{"not_picked":["Iron Wave","Rage"],"picked":"Warcry"},{"not_picked":["Havoc","Shockwave"],"picked":"Evolve"},{"not_picked":["Brutality","Demon Form"],"picked":"Limit Break"},{"not_picked":["Havoc","Thunderclap"],"picked":"Warcry"},{"not_picked":["Clothesline","Thunderclap"],"picked":"Offering"},{"not_picked":["True Grit","Cleave"],"picked":"Shrug It Off"},{"not_picked":["Pommel Strike","Cleave"],"picked":"Twin Strike"},{"not_picked":["Armaments","Corruption"],"picked":"Battle Trance"}],"player_experience":1509620,"potions_floor_usage":[16,25,33,50],"damage_taken":[{"damage":2,"enemies":"Small Slimes","floor":1,"turns":5},{"damage":0,"enemies":"Jaw Worm","floor":3,"turns":6},{"damage":1,"enemies":"Cultist","floor":7,"turns":4},{"damage":22,"enemies":"Gremlin Nob","floor":10,"turns":4},{"damage":4,"enemies":"2 Fungi Beasts","floor":13,"turns":3},{"damage":40,"enemies":"Slime Boss","floor":16,"turns":11},{"damage":4,"enemies":"Shell Parasite","floor":18,"turns":6},{"damage":8,"enemies":"Spheric Guardian","floor":23,"turns":3},{"damage":4,"enemies":"Snecko","floor":25,"turns":4},{"damage":19,"enemies":"Snake Plant","floor":28,"turns":4},{"damage":19,"enemies":"Book of Stabbing","floor":30,"turns":4},{"damage":7,"enemies":"Centurion and Healer","floor":31,"turns":6},{"damage":37,"enemies":"Collector","floor":33,"turns":7},{"damage":4,"enemies":"3 Shapes","floor":35,"turns":5},{"damage":27,"enemies":"3 Darklings","floor":36,"turns":6},{"damage":11,"enemies":"Maw","floor":38,"turns":5},{"damage":7,"enemies":"Sphere and 2 Shapes","floor":41,"turns":6},{"damage":4,"enemies":"4 Shapes","floor":45,"turns":6},{"damage":4,"enemies":"3 Darklings","floor":48,"turns":4},{"damage":39,"enemies":"Time Eater","floor":50,"turns":8}],"event_choices":[{"event_name":"Shining Light","player_choice":"Entered Light","floor":2,"damage_taken":0},{"event_name":"Scrap Ooze","player_choice":"success","floor":5,"damage_taken":12},{"event_name":"The Cleric","player_choice":"Card Removal","floor":12,"damage_taken":0},{"event_name":"Golden Wing","player_choice":"Card Removal","floor":14,"damage_taken":0},{"event_name":"Match and Keep!","player_choice":"0 cards matched","floor":20,"damage_taken":0},{"event_name":"Wheel of Change","player_choice":"Curse","floor":21,"damage_taken":0},{"event_name":"Cursed Tome","player_choice":"Obtained Book","floor":22,"damage_taken":0},{"event_name":"Beggar","player_choice":"Gave Gold","floor":29,"damage_taken":0},{"event_name":"Mysterious Sphere","player_choice":"Ignore","floor":44,"damage_taken":0},{"event_name":"Tomb of Lord Red Mask","player_choice":"Paid","floor":46,"damage_taken":0}],"boss_relics":[{"not_picked":["Runic Pyramid","Velvet Choker"],"picked":"Black Blood"},{"not_picked":["Black Star","Question Card"],"picked":"Runic Cube"}],"potions_floor_spawned":[13,18,23,31,38],"seed_played":"5931039826012323820","ascension_level":0,"is_trial":false}