{"path_per_floor":["M","$","?","M","M","R","?","M","T","R","M","E","$","?","R","B",null,"M","M","$","?","M","R","M","$","T","M","R","M","?","M","R","B",null,"M","M","?","?","M","R","?","R","T","M","?","?","?","M","R","B"],"character_chosen":"IRONCLAD","items_purchased":[],"gold_per_floor":[118,43,43,55,65,65,65,88,88,88,101,132,32,107,107,226,226,239,252,127,127,152,152,167,17,17,36,36,59,59,73,73,196,196,211,236,236,236,254,254,254,254,254,273,273,606,606,623,623,623],"floor_reached":51,"campfire_rested":0,"playtime":1995,"current_hp_per_floor":[80,80,80,80,80,80,60,63,63,63,66,61,61,54,54,40,80,80,79,79,79,80,80,80,80,80,80,80,80,80,80,80,57,80,79,80,80,80,75,75,75,75,75,69,69,69,69,73,73,77],"items_purged":["Strike_R","Defend_R","Strike_R","Strike_R"],"gold":623,"score":624,"play_id":"ce35fc6d-70ce-4041-8342-dfa5c9b2cb20","local_time":"20180309223404","is_prod":false,"is_daily":false,"is_ascension_mode":false,"campfire_upgraded":3,"timestamp":1520631244,"path_taken":["M","$","?","M","M","R","?","M","T","R","M","E","$","?","R","BOSS","M","M","$","?","M","R","M","$","T","M","R","M","?","M","R","BOSS","M","M","?","?","M","R","?","R","T","M","?","?","?","M","R","BOSS"],"build_version":"2018-03-01-PROD1","purchased_purges":4,"victory":true,"master_deck":["Strike_R","Strike_R","Defend_R+1","Defend_R","Defend_R","Bash","Shrug It Off+1","Inflame","True Grit+1","Disarm","Ghostly Armor","Rampage+1","Offering","Barricade+1","Writhe"],"max_hp_per_floor":[80,80,80,80,80,80,80,80,80,80,80,80,80,80,80,80,80,80,80,80,80,80,80,80,80,80,80,80,80,80,80,80,80,80,80,80,80,80,80,80,80,80,80,80,80,80,80,80,80,80],"relics":["Burning Blood","Shovel","Kunai","Oddly Smooth Stone","Velvet Choker","Mercury Hourglass","Matryoshka","Paper Frog","Smiling Mask","Runic Dome","Blood Vial","Happy Flower","Juzu Bracelet","Ginger","Lantern"],"card_choices":[{"not_picked":["Sword Boomerang","True Grit"],"picked":"Shrug It Off"},{"not_picked":["Flex","Twin Strike"],"picked":"Inflame"},{"not_picked":["Sever Soul","Clothesline"],"picked":"Metallicize"},{"not_picked":["Entrench","Thunderclap"],"picked":"True Grit"},{"not_picked":["Wild Strike","Clothesline"],"picked":"Disarm"},{"not_picked":["Immolate","Iron Wave"],"picked":"Ghostly Armor"},{"not_picked":["Infernal Blade","Blood for Blood"],"picked":"Rampage"},{"not_picked":["Exhume","Barricade"],"picked":"Offering"},{"not_picked":["Bludgeon","Reaper"],"picked":"Barricade"}],"player_experience":1494047,"potions_floor_usage":[8,14,16,31,33,44,44,50,50],"damage_taken":[{"damage":0,"enemies":"2 Louse","floor":1,"turns":3},{"damage":0,"enemies":"Small Slimes","floor":4,"turns":3},{"damage":0,"enemies":"Cultist","floor":5,"turns":3},{"damage":3,"enemies":"Exordium Wildlife","floor":8,"turns":6},{"damage":3,"enemies":"Looter","floor":11,"turns":4},{"damage":11,"enemies":"3 Sentries","floor":12,"turns":13},{"damage":13,"enemies":"Lagavulin Event","floor":14,"turns":11},{"damage":20,"enemies":"Slime Boss","floor":16,"turns":15},{"damage":6,"enemies":"Chosen","floor":18,"turns":8},{"damage":7,"enemies":"Spheric Guardian","floor":19,"turns":6},{"damage":4,"enemies":"Centurion and Healer","floor":22,"turns":7},{"damage":4,"enemies":"Snecko","floor":24,"turns":5},{"damage":5,"enemies":"Snake Plant","floor":27,"turns":6},{"damage":4,"enemies":"3 Cultists","floor":29,"turns":5},{"damage":4,"enemies":"Cultist and Chosen","floor":31,"turns":7},{"damage":29,"enemies":"Collector","floor":33,"turns":11},{"damage":7,"enemies":"3 Shapes","floor":35,"turns":6},{"damage":4,"enemies":"Orb Walker","floor":36,"turns":5},{"damage":11,"enemies":"3 Darklings","floor":39,"turns":9},{"damage":14,"enemies":"4 Shapes","floor":44,"turns":8},{"damage":4,"enemies":"Maw","floor":48,"turns":8},{"damage":4,"enemies":"Time Eater","floor":50,"turns":13}],"event_choices":[{"event_name":"The Cleric","player_choice":"Leave","floor":3,"damage_taken":0},{"event_name":"Golden Idol","player_choice":"Take Damage","floor":7,"damage_taken":0},{"event_name":"Dead Adventurer","player_choice":"Searched \u00271\u0027 times","floor":14,"damage_taken":0},{"event_name":"The Mausoleum","player_choice":"No","floor":21,"damage_taken":0},{"event_name":"Vampires","player_choice":"Ignored","floor":30,"damage_taken":0},{"event_name":"Tomb of Lord Red Mask","player_choice":"Ignored","floor":37,"damage_taken":0},{"event_name":"Winding Halls","player_choice":"Writhe","floor":38,"damage_taken":0},{"event_name":"Upgrade Shrine","player_choice":"Upgraded","floor":41,"damage_taken":0},{"event_name":"Mysterious Sphere","player_choice":"Ignore","floor":45,"damage_taken":0},{"event_name":"The Moai Head","player_choice":"Gave Idol","floor":46,"damage_taken":0}],"boss_relics":[{"not_picked":["Snecko Eye","Lizard Tail"],"picked":"Velvet Choker"},{"not_picked":["White Beast Statue","Question Card"],"picked":"Runic Dome"}],"potions_floor_spawned":[5,12,14,14,24,27,31,35,44],"seed_played":"-4973220873654399506","ascension_level":0,"is_trial":false}