{"path_per_floor":["M","?","?","M","M","R","E","$","T","?","R","M","M","E","R","B",null,"M","?","T","M","M","R","$","R","T","M","E","?","E","?","R","B",null,"M","?","?","M","M","R","?","R","T","M","M","R","$","M","R","B"],"character_chosen":"IRONCLAD","items_purchased":["War Paint","Bottled Lightning"],"gold_per_floor":[117,67,67,84,103,103,131,56,83,109,109,123,142,176,176,272,272,291,291,291,303,314,314,59,59,59,76,102,102,137,137,137,236,236,253,301,301,318,332,332,332,332,379,393,412,412,44,56,56,56],"floor_reached":51,"campfire_rested":0,"playtime":2303,"current_hp_per_floor":[80,80,80,80,80,80,40,40,40,40,40,44,47,49,49,34,80,73,58,58,55,60,64,64,68,68,74,67,67,65,65,69,75,85,85,85,85,85,85,85,85,85,85,85,85,85,85,85,85,78],"items_purged":["Strike_R","Strike_R","True Grit"],"gold":56,"score":595,"play_id":"6c20bd3d-80ca-468f-8ee3-db04ee2eace9","local_time":"20180306213011","is_prod":false,"is_daily":false,"is_ascension_mode":false,"campfire_upgraded":6,"timestamp":1520368211,"path_taken":["M","?","?","M","M","R","E","$","T","?","R","?","M","E","R","BOSS","M","?","?","?","M","R","$","R","T","M","E","?","E","?","R","BOSS","M","?","?","M","M","R","?","R","T","M","M","R","$","M","R","BOSS"],"build_version":"2018-03-01-PROD1","purchased_purges":4,"victory":true,"master_deck":["Defend_R+1","Shrug It Off+1","Intimidate","Body Slam+1","Rampage+1","True Grit+1","Flame Barrier+1","Double Tap+1","Shrug It Off+1"],"max_hp_per_floor":[80,80,80,80,80,80,80,80,80,80,80,80,80,80,80,80,80,80,85,85,85,85,85,85,85,85,85,85,85,85,85,85,85,85,85,85,85,85,85,85,85,85,85,85,85,85,85,85,85,85],"relics":["Burning Blood","Sundial","Bag of Preparation","Odd Mushroom","Shuriken","Eternal Feather","Ginger","War Paint","Thread and Needle","Omamori","Gambling Chip","Cursed Key","Peace Pipe","Dream Catcher","Bottled Lightning"],"card_choices":[{"not_picked":["Iron Wave","True Grit"],"picked":"Shrug It Off"},{"not_picked":["Warcry","Sword Boomerang"],"picked":"Intimidate"},{"not_picked":["Pummel","Dark Embrace"],"picked":"Body Slam"},{"not_picked":["Metallicize","Wild Strike"],"picked":"Rampage"},{"not_picked":["Rampage","Sever Soul"],"picked":"True Grit"},{"not_picked":["Dual Wield","Perfected Strike"],"picked":"True Grit"},{"not_picked":["Second Wind","Inflame"],"picked":"Flame Barrier"},{"not_picked":["Sword Boomerang","Havoc"],"picked":"Double Tap"},{"not_picked":["Wild Strike","Rampage"],"picked":"Shrug It Off"}],"player_experience":1464431,"potions_floor_usage":[21,27,28,50,50],"damage_taken":[{"damage":1,"enemies":"Jaw Worm","floor":1,"turns":5},{"damage":2,"enemies":"Small Slimes","floor":4,"turns":4},{"damage":0,"enemies":"2 Louse","floor":5,"turns":3},{"damage":46,"enemies":"Lagavulin","floor":7,"turns":8},{"damage":6,"enemies":"The Mushroom Lair","floor":10,"turns":5},{"damage":2,"enemies":"Blue Slaver","floor":12,"turns":4},{"damage":3,"enemies":"Large Slime","floor":13,"turns":7},{"damage":4,"enemies":"3 Sentries","floor":14,"turns":9},{"damage":21,"enemies":"The Guardian","floor":16,"turns":10},{"damage":13,"enemies":"Shell Parasite","floor":18,"turns":8},{"damage":9,"enemies":"3 Byrds","floor":21,"turns":7},{"damage":1,"enemies":"Centurion and Healer","floor":22,"turns":10},{"damage":0,"enemies":"Snecko","floor":27,"turns":5},{"damage":13,"enemies":"Slavers","floor":28,"turns":11},{"damage":8,"enemies":"Gremlin Leader","floor":30,"turns":8},{"damage":0,"enemies":"Champ","floor":33,"turns":9},{"damage":0,"enemies":"3 Shapes","floor":35,"turns":6},{"damage":0,"enemies":"Mysterious Sphere","floor":36,"turns":8},{"damage":0,"enemies":"3 Darklings","floor":38,"turns":8},{"damage":0,"enemies":"4 Shapes","floor":39,"turns":7},{"damage":2,"enemies":"Maw","floor":44,"turns":5},{"damage":0,"enemies":"3 Darklings","floor":45,"turns":4},{"damage":0,"enemies":"Sphere and 2 Shapes","floor":48,"turns":4},{"damage":13,"enemies":"Awakened One","floor":50,"turns":6}],"event_choices":[{"event_name":"The Cleric","player_choice":"Card Removal","floor":2,"damage_taken":0},{"event_name":"Liars Game","player_choice":"disagreed","floor":3,"damage_taken":0},{"event_name":"Mushrooms","player_choice":"Fought Mushrooms","floor":10,"damage_taken":0},{"event_name":"Forgotten Altar","player_choice":"Shed Blood","floor":19,"damage_taken":0},{"event_name":"Cursed Tome","player_choice":"Ignored","floor":29,"damage_taken":0},{"event_name":"Vampires","player_choice":"Ignored","floor":31,"damage_taken":0},{"event_name":"Mysterious Sphere","player_choice":"Fight","floor":36,"damage_taken":0},{"event_name":"Tomb of Lord Red Mask","player_choice":"Ignored","floor":37,"damage_taken":0}],"boss_relics":[{"not_picked":["White Beast Statue","Snecko Eye"],"picked":"Eternal Feather"},{"not_picked":["Pandora\u0027s Box","Philosopher\u0027s Stone"],"picked":"Cursed Key"}],"potions_floor_spawned":[1,12,13,14,18,28,36,38,48],"seed_played":"-6126796096352058517","ascension_level":0,"is_trial":false}