{"path_per_floor":["M","?","?","?","?","R","$","M","T","M","E","R","E","M","R","B",null,"M","?","$","M","M","R","M","R","T","R","M","M","R","M","R","B",null,"M","M","?","$","?","R","M","R","T","R","M","$","M","M","R","B"],"character_chosen":"IRONCLAD","items_purchased":["Shrug It Off","War Paint","Happy Flower","True Grit","Feel No Pain","Mummified Hand","Sentinel","Strength Potion"],"gold_per_floor":[118,118,118,118,118,118,95,107,107,122,151,151,179,190,190,293,293,303,753,268,249,269,269,285,285,309,309,324,341,341,361,361,459,459,473,491,491,58,58,58,70,70,93,93,109,58,69,89,89,89],"floor_reached":51,"campfire_rested":1,"playtime":2836,"current_hp_per_floor":[80,68,61,45,45,45,45,51,51,57,60,60,66,74,74,79,82,82,34,34,38,44,44,52,52,52,52,60,66,66,72,72,23,86,72,80,80,80,80,80,86,86,86,86,86,86,86,63,86,74],"items_purged":["Strike_R","Strike_R"],"gold":89,"score":684,"play_id":"8da9a385-d9b8-49cb-b990-ff39baf05293","local_time":"20180316222753","is_prod":false,"is_daily":false,"is_ascension_mode":false,"campfire_upgraded":11,"timestamp":1521235673,"path_taken":["M","?","?","?","?","R","?","?","T","M","E","R","E","M","R","BOSS","M","?","$","M","M","R","M","R","T","R","M","M","R","M","R","BOSS","M","M","?","$","?","R","M","R","T","R","M","$","?","M","R","BOSS"],"build_version":"2018-03-15v2","purchased_purges":3,"victory":true,"master_deck":["Strike_R+1","Defend_R+1","Defend_R+1","Defend_R+1","Bash","Havoc+1","Shrug It Off+1","Headbutt","Body Slam+1","Ghostly Armor+1","Shrug It Off+1","Bludgeon+1","Whirlwind+1","True Grit+1","Feel No Pain+1","Rampage+1","Headbutt","Shrug It Off+1","Warcry+1","Demon Form+1","Clumsy","Twin Strike+1","Sentinel","Sword Boomerang+1","Twin Strike+1","Disarm+1","Twin Strike+1"],"max_hp_per_floor":[80,80,80,80,80,80,80,80,80,80,80,80,80,82,82,82,82,82,82,82,82,82,82,84,84,84,84,86,86,86,86,86,86,86,86,86,86,86,86,86,86,86,86,86,86,86,86,86,86,86],"relics":["Burning Blood","Omamori","Thread and Needle","Singing Bowl","Regal Pillow","Lizard Tail","War Paint","Happy Flower","Pen Nib","Calling Bell","Ornamental Fan","Vajra","Blood Vial","Mummified Hand","Anchor"],"card_choices":[{"not_picked":["Twin Strike","Perfected Strike"],"picked":"Havoc"},{"not_picked":["Flex","True Grit"],"picked":"Headbutt"},{"not_picked":["Burning Pact","Clash"],"picked":"Body Slam"},{"not_picked":["Headbutt","Anger"],"picked":"Ghostly Armor"},{"not_picked":["Double Tap","Evolve"],"picked":"Shrug It Off"},{"not_picked":["Double Tap","Brutality"],"picked":"Bludgeon"},{"not_picked":["Dropkick","Warcry"],"picked":"Whirlwind"},{"not_picked":["Intimidate","Warcry"],"picked":"Rampage"},{"not_picked":["True Grit","Heavy Blade"],"picked":"Headbutt"},{"not_picked":["Havoc","Sword Boomerang"],"picked":"Shrug It Off"},{"not_picked":["True Grit","Entrench"],"picked":"Warcry"},{"not_picked":["Brutality","Offering"],"picked":"Demon Form"},{"not_picked":["Dropkick","Wild Strike"],"picked":"Twin Strike"},{"not_picked":["Reckless Charge","Combust"],"picked":"Metallicize"},{"not_picked":["Flex","Clash"],"picked":"Sword Boomerang"},{"not_picked":["Havoc","Pommel Strike"],"picked":"Twin Strike"},{"not_picked":["Cleave","Armaments"],"picked":"Disarm"},{"not_picked":["Thunderclap","Perfected Strike"],"picked":"Twin Strike"}],"player_experience":1547765,"potions_floor_usage":[50,50,50],"damage_taken":[{"damage":1.0,"enemies":"2 Louse","floor":1.0,"turns":4.0},{"damage":0.0,"enemies":"Small Slimes","floor":8.0,"turns":4.0},{"damage":0.0,"enemies":"Cultist","floor":10.0,"turns":2.0},{"damage":3.0,"enemies":"3 Sentries","floor":11.0,"turns":11.0},{"damage":0.0,"enemies":"Gremlin Nob","floor":13.0,"turns":4.0},{"damage":0.0,"enemies":"2 Fungi Beasts","floor":14.0,"turns":3.0},{"damage":1.0,"enemies":"The Guardian","floor":16.0,"turns":11.0},{"damage":0.0,"enemies":"Chosen","floor":18.0,"turns":3.0},{"damage":2.0,"enemies":"2 Thieves","floor":21.0,"turns":4.0},{"damage":0.0,"enemies":"Centurion and Healer","floor":22.0,"turns":7.0},{"damage":0.0,"enemies":"Slaver and Parasite","floor":24.0,"turns":6.0},{"damage":0.0,"enemies":"Snecko","floor":28.0,"turns":4.0},{"damage":0.0,"enemies":"Centurion and Healer","floor":29.0,"turns":7.0},{"damage":0.0,"enemies":"Sentry and Sphere","floor":31.0,"turns":6.0},{"damage":55,"enemies":"Collector","floor":33,"turns":12},{"damage":20,"enemies":"3 Darklings","floor":35,"turns":5},{"damage":0,"enemies":"Orb Walker","floor":36,"turns":4},{"damage":0,"enemies":"Maw","floor":41,"turns":6},{"damage":0,"enemies":"Sphere and 2 Shapes","floor":45,"turns":5},{"damage":0,"enemies":"4 Shapes","floor":47,"turns":6},{"damage":29,"enemies":"Maw","floor":48,"turns":6},{"damage":18,"enemies":"Time Eater","floor":50,"turns":9}],"event_choices":[{"event_name":"Scrap Ooze","player_choice":"success","floor":2.0,"damage_taken":12.0},{"event_name":"Golden Wing","player_choice":"Card Removal","floor":3.0,"damage_taken":0.0},{"event_name":"Shining Light","player_choice":"Entered Light","floor":4.0,"damage_taken":0.0},{"event_name":"Living Wall","player_choice":"Forget","floor":5.0,"damage_taken":0.0},{"event_name":"Knowing Skull","player_choice":"GOLD GOLD GOLD GOLD GOLD ","floor":19.0,"damage_taken":0.0},{"event_name":"Purifier","player_choice":"One Purge","floor":39,"damage_taken":0}],"boss_relics":[{"not_picked":["Eternal Feather","Black Blood"],"picked":"Calling Bell"}],"potions_floor_spawned":[8,11,13,14,16,22,24,28,29,31,36,45,48],"seed_played":"1294383779040032717","ascension_level":0,"is_trial":false}