{"path_per_floor":["M","?","?","$","M","E","M","R","T","M","R","M","E","M","R","B",null,"M","M","?","?","M","R","E","R","T","$","R","M","E","M","R","B",null,"M","M","?","$","M","R","M","$","T","R","M","?","R","M","R","B"],"character_chosen":"IRONCLAD","items_purchased":["Shrug It Off","Purity","Shrug It Off"],"gold_per_floor":[109,109,109,34,53,83,99,99,125,140,140,159,188,204,204,303,303,313,323,323,323,339,339,371,371,397,246,246,266,295,308,308,410,410,423,439,439,199,213,213,228,78,78,78,90,0,0,10,10,10],"floor_reached":51,"campfire_rested":0,"playtime":2337,"current_hp_per_floor":[80,80,64,64,67,54,59,59,59,67,67,75,68,74,74,76,80,69,76,76,76,80,80,83,83,83,83,83,93,96,101,101,85,111,117,123,123,123,128,128,129,129,129,129,139,139,139,147,147,151],"items_purged":["Strike_R","Strike_R","Defend_R","Defend_R"],"gold":10,"score":799,"play_id":"d14392bb-9922-4df1-ba1b-2e5221b2414a","local_time":"20180323202521","is_prod":false,"is_daily":false,"is_ascension_mode":false,"campfire_upgraded":11,"timestamp":1521833121,"path_taken":["M","?","?","$","M","E","M","R","T","M","R","M","E","M","R","BOSS","M","M","?","?","?","R","E","R","T","?","R","M","E","?","R","BOSS","M","M","?","$","M","R","M","$","T","R","M","?","R","M","R","BOSS"],"build_version":"2018-03-22v2","purchased_purges":5,"victory":true,"master_deck":["Strike_R+1","Strike_R+1","Defend_R+1","Defend_R","Bash","Rampage+1","Battle Trance+1","Metallicize+1","Feed+1","Ghostly Armor+1","Body Slam+1","Offering+1","Shrug It Off+1","Barricade+1","Purity+1","Shrug It Off+1"],"max_hp_per_floor":[80,80,80,80,80,80,80,80,80,80,80,80,80,80,80,80,80,83,86,86,86,89,89,93,93,93,93,93,99,105,111,111,111,111,117,123,123,123,129,129,135,135,135,135,141,141,141,147,147,151],"relics":["Burning Blood","Meat on the Bone","Blood Vial","Self Forming Clay","Runic Pyramid","Singing Bowl","Bronze Scales","Bag of Marbles","Sozu","Bottled Lightning","Red Mask"],"card_choices":[{"not_picked":["Evolve","Armaments"],"picked":"Rampage","floor":1},{"not_picked":["Pommel Strike","Offering"],"picked":"Shrug It Off","floor":6},{"not_picked":["Perfected Strike","Sword Boomerang"],"picked":"Battle Trance","floor":12},{"not_picked":["Seeing Red","Carnage"],"picked":"Metallicize","floor":14},{"not_picked":["Juggernaut","Reaper"],"picked":"Feed","floor":16},{"not_picked":["Burning Pact","Armaments"],"picked":"Ghostly Armor","floor":18},{"not_picked":["Rage","Bloodletting"],"picked":"Body Slam","floor":22},{"not_picked":["Shrug It Off","Dropkick"],"picked":"Offering","floor":24},{"not_picked":["Reaper","Exhume"],"picked":"Barricade","floor":33}],"player_experience":1580497,"potions_floor_usage":[6,18,24,30,30,30,41],"damage_taken":[{"damage":5,"enemies":"Jaw Worm","floor":1,"turns":5},{"damage":3,"enemies":"Small Slimes","floor":5,"turns":3},{"damage":19,"enemies":"3 Sentries","floor":6,"turns":8},{"damage":1,"enemies":"Cultist","floor":7,"turns":3},{"damage":0,"enemies":"Large Slime","floor":10,"turns":4},{"damage":0,"enemies":"Looter","floor":12,"turns":4},{"damage":15,"enemies":"Lagavulin","floor":13,"turns":6},{"damage":2,"enemies":"3 Louse","floor":14,"turns":3},{"damage":6,"enemies":"The Guardian","floor":16,"turns":8},{"damage":20,"enemies":"3 Byrds","floor":18,"turns":5},{"damage":4,"enemies":"Chosen","floor":19,"turns":6},{"damage":7,"enemies":"Snake Plant","floor":22,"turns":8},{"damage":9,"enemies":"Book of Stabbing","floor":24,"turns":6},{"damage":4,"enemies":"Centurion and Healer","floor":29,"turns":5},{"damage":23,"enemies":"Slavers","floor":30,"turns":5},{"damage":9,"enemies":"Chosen and Byrds","floor":31,"turns":6},{"damage":24,"enemies":"Automaton","floor":33,"turns":9},{"damage":4,"enemies":"3 Shapes","floor":35,"turns":3},{"damage":4,"enemies":"Orb Walker","floor":36,"turns":4},{"damage":7,"enemies":"Sphere and 2 Shapes","floor":39,"turns":5},{"damage":12,"enemies":"4 Shapes","floor":41,"turns":16},{"damage":4,"enemies":"Maw","floor":45,"turns":6},{"damage":4,"enemies":"3 Darklings","floor":48,"turns":5},{"damage":4,"enemies":"Awakened One","floor":50,"turns":7}],"event_choices":[{"event_name":"Living Wall","player_choice":"Forget","floor":2,"damage_taken":0},{"event_name":"Shining Light","player_choice":"Entered Light","floor":3,"damage_taken":0},{"event_name":"Vampires","player_choice":"Ignored","floor":20,"damage_taken":0},{"event_name":"The Lab","player_choice":"Got Potions","floor":21,"damage_taken":0},{"event_name":"Tomb of Lord Red Mask","player_choice":"Paid","floor":46,"damage_taken":0}],"boss_relics":[{"not_picked":["Question Card","Pandora\u0027s Box"],"picked":"Runic Pyramid"},{"not_picked":["Runic Cube","Orrery"],"picked":"Sozu"}],"potions_floor_spawned":[1,7,13,19,29,31,35,39,41],"seed_played":"-2002213364516541082","ascension_level":0,"is_trial":false}