{"path_per_floor":["M","?","$","?","M","R","$","R","T","R","M","M","R","M","R","B",null,"M","?","?","M","$","R","M","M","T","R","E","$","?","M","R","B",null,"M","?","$","M","M","R","?","M","T","?","M","R","M","M","R","B"],"character_chosen":"IRONCLAD","items_purchased":["Uppercut","Oddly Smooth Stone"],"gold_per_floor":[116,116,41,41,54,54,54,54,100,100,120,136,136,147,147,252,252,267,267,192,205,33,33,53,69,122,122,156,3,3,23,23,119,119,131,131,6,25,38,38,0,19,19,19,36,36,54,67,67,67],"floor_reached":51,"campfire_rested":0,"playtime":1776,"current_hp_per_floor":[84,84,84,66,72,72,72,72,72,72,78,82,82,86,86,59,88,88,72,72,51,51,57,34,48,48,54,42,42,42,44,50,45,88,88,88,88,88,87,88,88,88,88,88,88,88,88,88,88,88],"items_purged":["Bash","Strike_R","Strike_R"],"gold":67,"score":659,"play_id":"94926993-efb4-48a9-b660-9af1796ca6da","local_time":"20180324155242","is_prod":false,"is_daily":false,"is_ascension_mode":false,"campfire_upgraded":10,"timestamp":1521903162,"path_taken":["M","?","$","?","M","R","$","R","T","R","M","M","R","M","R","BOSS","M","?","?","?","?","R","?","M","T","R","E","$","?","M","R","BOSS","M","?","$","?","M","R","?","M","T","?","M","R","?","?","R","BOSS"],"build_version":"2018-03-22v2","purchased_purges":4,"victory":true,"master_deck":["Strike_R","Defend_R+1","Defend_R","Defend_R+1","Defend_R+1","True Grit+1","Shockwave+1","Spot Weakness+1","Evolve+1","Cleave+1","Offering+1","Necronomicurse","True Grit+1","Uppercut+1","Sentinel+1","Barricade+1","Whirlwind+1","Reaper","Offering","Rage+1","Clumsy","Feel No Pain+1","Warcry+1"],"max_hp_per_floor":[88,88,88,88,88,88,88,88,88,88,88,88,88,88,88,88,88,88,88,88,88,88,88,88,88,88,88,88,88,88,88,88,88,88,88,88,88,88,88,88,88,88,88,88,88,88,88,88,88,88],"relics":["Burning Blood","Frozen Egg 2","Art of War","Eternal Feather","Necronomicon","Pen Nib","Dream Catcher","Oddly Smooth Stone","Cursed Key","Red Mask","Peace Pipe"],"card_choices":[{"not_picked":["Wild Strike","Sword Boomerang"],"picked":"True Grit","floor":1},{"not_picked":["Twin Strike","Burning Pact"],"picked":"Spot Weakness","floor":5},{"not_picked":["Feel No Pain","Spot Weakness"],"picked":"Evolve","floor":12},{"not_picked":["Perfected Strike","Entrench"],"picked":"Cleave","floor":14},{"not_picked":["Limit Break","Double Tap"],"picked":"Offering","floor":16},{"not_picked":["Dropkick","Havoc"],"picked":"True Grit","floor":21},{"not_picked":["Armaments","Twin Strike"],"picked":"Sentinel","floor":25},{"not_picked":["Clothesline","Iron Wave"],"picked":"Barricade","floor":28},{"not_picked":["Twin Strike","Pummel"],"picked":"Whirlwind","floor":31},{"not_picked":["Demon Form","Fiend Fire"],"picked":"Reaper","floor":33},{"not_picked":["Bloodletting","Second Wind"],"picked":"Rage","floor":39},{"not_picked":["Thunderclap","Dual Wield"],"picked":"Feel No Pain","floor":45},{"not_picked":["Pommel Strike","Hemokinesis"],"picked":"Warcry","floor":47}],"player_experience":1589344,"potions_floor_usage":[21,24,25,50,50,50],"damage_taken":[{"damage":10,"enemies":"Jaw Worm","floor":1,"turns":4},{"damage":0,"enemies":"Cultist","floor":5,"turns":3},{"damage":0,"enemies":"2 Louse","floor":11,"turns":3},{"damage":2,"enemies":"2 Fungi Beasts","floor":12,"turns":4},{"damage":2,"enemies":"Looter","floor":14,"turns":3},{"damage":33,"enemies":"The Guardian","floor":16,"turns":10},{"damage":4,"enemies":"Chosen","floor":18,"turns":4},{"damage":36,"enemies":"2 Thieves","floor":21,"turns":4},{"damage":29,"enemies":"Cultist and Chosen","floor":24,"turns":6},{"damage":7,"enemies":"3 Cultists","floor":25,"turns":6},{"damage":18,"enemies":"Book of Stabbing","floor":28,"turns":6},{"damage":4,"enemies":"Centurion and Healer","floor":31,"turns":3},{"damage":11,"enemies":"Collector","floor":33,"turns":10},{"damage":4,"enemies":"3 Darklings","floor":35,"turns":2},{"damage":8,"enemies":"3 Shapes","floor":38,"turns":6},{"damage":15,"enemies":"Sphere and 2 Shapes","floor":39,"turns":5},{"damage":17,"enemies":"3 Darklings","floor":42,"turns":3},{"damage":8,"enemies":"Maw","floor":45,"turns":7},{"damage":4,"enemies":"Sphere and 2 Shapes","floor":47,"turns":2},{"damage":9,"enemies":"4 Shapes","floor":48,"turns":3},{"damage":15,"enemies":"Awakened One","floor":50,"turns":8}],"event_choices":[{"event_name":"Match and Keep!","player_choice":"1 cards matched","floor":2,"damage_taken":0},{"event_name":"Scrap Ooze","player_choice":"success","floor":4,"damage_taken":18},{"event_name":"Cursed Tome","player_choice":"Obtained Book","floor":19,"damage_taken":0},{"event_name":"Beggar","player_choice":"Gave Gold","floor":20,"damage_taken":0},{"event_name":"Accursed Blacksmith","player_choice":"Forge","floor":30,"damage_taken":0},{"event_name":"Duplicator","player_choice":"One dupe","floor":36,"damage_taken":0},{"event_name":"Tomb of Lord Red Mask","player_choice":"Paid","floor":41,"damage_taken":0},{"event_name":"Wheel of Change","player_choice":"Full Heal","floor":44,"damage_taken":0}],"boss_relics":[{"not_picked":["Snecko Eye","Pandora\u0027s Box"],"picked":"Eternal Feather"},{"not_picked":["Black Star","Tiny House"],"picked":"Cursed Key"}],"potions_floor_spawned":[14,16,18,28,31,33,35,42,45,48],"seed_played":"2777511720388974765","ascension_level":0,"is_trial":false}