{"path_per_floor":["M","M","?","M","$","R","E","M","T","M","M","M","E","M","R","B",null,"M","$","?","?","M","E","R","M","T","E","R","?","R","M","R","B",null,"M","?","M","?","T","R","M","R","T","M","?","$","R","M","R","B"],"character_chosen":"IRONCLAD","items_purchased":["Battle Trance","Shrug It Off","True Grit","Feel No Pain","Flash of Steel","Master of Strategy"],"gold_per_floor":[117,131,131,146,3,3,37,50,50,61,78,88,115,131,131,226,226,237,41,41,41,54,80,80,98,179,213,213,213,213,225,225,324,324,342,342,356,356,356,356,372,372,426,436,436,107,107,118,118,118],"floor_reached":51,"campfire_rested":0,"playtime":2387,"current_hp_per_floor":[80,80,73,79,79,79,46,51,51,57,62,63,64,68,68,56,80,79,79,79,79,80,61,61,67,67,70,70,55,55,61,61,74,85,85,85,85,85,85,85,85,85,85,85,85,85,85,84,84,83],"items_purged":["Strike_R","Strike_R","Strike_R"],"gold":118,"score":725,"play_id":"eba9b70c-d262-415e-9781-6e9c3d059656","local_time":"20180320171453","is_prod":false,"is_daily":false,"is_ascension_mode":false,"campfire_upgraded":10,"timestamp":1521562493,"path_taken":["M","M","?","?","?","R","E","M","T","M","M","?","E","M","R","BOSS","M","$","?","?","M","E","R","M","T","E","R","?","R","M","R","BOSS","M","?","M","?","?","R","M","R","T","M","?","$","R","M","R","BOSS"],"build_version":"2018-03-15v3","purchased_purges":3,"victory":true,"master_deck":["Defend_R+1","Defend_R+1","Defend_R+1","Defend_R+1","Bash+1","Shrug It Off+1","Rage","Battle Trance","Havoc+1","Flame Barrier+1","Headbutt","Rampage+1","Impervious","Shrug It Off+1","Shrug It Off+1","True Grit+1","Feel No Pain","Shrug It Off+1","Body Slam+1","True Grit+1","Double Tap+1","Flash of Steel","Master of Strategy","Intimidate+1"],"max_hp_per_floor":[80,80,80,80,80,80,80,80,80,80,80,80,80,80,80,80,80,80,80,80,80,80,80,80,80,80,80,80,85,85,85,85,85,85,85,85,85,85,85,85,85,85,85,85,85,85,85,85,85,85],"relics":["Burning Blood","Ancient Tea Set","The Courier","War Paint","Shuriken","Sozu","Bag of Preparation","Pantograph","Orichalcum","Runic Pyramid","Lantern","Blood Vial"],"card_choices":[{"not_picked":["True Grit","Sentinel"],"picked":"Shrug It Off"},{"not_picked":["Wild Strike","Warcry"],"picked":"Rage"},{"not_picked":["Second Wind","Dropkick"],"picked":"Havoc"},{"not_picked":["Thunderclap","Heavy Blade"],"picked":"Flame Barrier"},{"not_picked":["Burning Pact","Havoc"],"picked":"Headbutt"},{"not_picked":["Iron Wave","Bludgeon"],"picked":"Rampage"},{"not_picked":["Fiend Fire","Limit Break"],"picked":"Impervious"},{"not_picked":["Armaments","Pommel Strike"],"picked":"Shrug It Off"},{"not_picked":["Armaments","Clothesline"],"picked":"Shrug It Off"},{"not_picked":["Blood for Blood","Impervious"],"picked":"Body Slam"},{"not_picked":["Pommel Strike","Infernal Blade"],"picked":"True Grit"},{"not_picked":["Evolve","Sever Soul"],"picked":"Double Tap"},{"not_picked":["Double Tap","Thunderclap"],"picked":"Intimidate"}],"player_experience":1559393,"potions_floor_usage":[7,27,50,50],"damage_taken":[{"damage":6,"enemies":"Cultist","floor":1,"turns":3},{"damage":6,"enemies":"Jaw Worm","floor":2,"turns":5},{"damage":0,"enemies":"Small Slimes","floor":4,"turns":3},{"damage":39,"enemies":"Gremlin Nob","floor":7,"turns":6},{"damage":1,"enemies":"Exordium Thugs","floor":8,"turns":5},{"damage":0,"enemies":"2 Fungi Beasts","floor":10,"turns":4},{"damage":1,"enemies":"Looter","floor":11,"turns":4},{"damage":5,"enemies":"3 Louse","floor":12,"turns":4},{"damage":5,"enemies":"3 Sentries","floor":13,"turns":10},{"damage":2,"enemies":"Blue Slaver","floor":14,"turns":4},{"damage":18,"enemies":"Hexaghost","floor":16,"turns":8},{"damage":7,"enemies":"3 Byrds","floor":18,"turns":6},{"damage":0,"enemies":"Spheric Guardian","floor":22,"turns":6},{"damage":25,"enemies":"Book of Stabbing","floor":23,"turns":8},{"damage":0,"enemies":"Centurion and Healer","floor":25,"turns":5},{"damage":3,"enemies":"Slavers","floor":27,"turns":6},{"damage":0,"enemies":"Snake Plant","floor":31,"turns":2},{"damage":17,"enemies":"Automaton","floor":33,"turns":10},{"damage":0,"enemies":"Orb Walker","floor":35,"turns":2},{"damage":4,"enemies":"3 Darklings","floor":37,"turns":7},{"damage":0,"enemies":"Sphere and 2 Shapes","floor":41,"turns":4},{"damage":0,"enemies":"4 Shapes","floor":44,"turns":6},{"damage":7,"enemies":"Maw","floor":48,"turns":6},{"damage":8,"enemies":"Awakened One","floor":50,"turns":10}],"event_choices":[{"event_name":"Golden Wing","player_choice":"Card Removal","floor":3,"damage_taken":0},{"event_name":"Vampires","player_choice":"Ignored","floor":20,"damage_taken":0},{"event_name":"Back to Basics","player_choice":"Simplicity","floor":21,"damage_taken":0},{"event_name":"Forgotten Altar","player_choice":"Shed Blood","floor":29,"damage_taken":0},{"event_name":"Mysterious Sphere","player_choice":"Ignore","floor":36,"damage_taken":0},{"event_name":"The Lab","player_choice":"Got Potions","floor":45,"damage_taken":0}],"boss_relics":[{"not_picked":["Pandora\u0027s Box","Cursed Key"],"picked":"Sozu"},{"not_picked":["Orrery","Black Blood"],"picked":"Runic Pyramid"}],"potions_floor_spawned":[1,4,10,16,22,23,33,35,41,48],"seed_played":"7311382225333402104","ascension_level":0,"is_trial":false}