{"path_per_floor":["M","?","?","?","M","E","R","$","T","R","$","M","E","?","R","B",null,"M","$","?","?","T","E","R","?","T","E","M","M","E","M","R","B",null,"M","?","M","M","$","E","R","?","T","?","M","R","T","$","R","B"],"character_chosen":"IRONCLAD","items_purchased":["Matryoshka","Shrug It Off","Happy Flower","Shrug It Off","Pen Nib","Bag of Marbles"],"gold_per_floor":[110,110,285,285,309,353,353,278,302,302,1,20,59,59,59,180,180,200,0,0,0,0,25,25,25,25,55,70,83,108,118,118,219,219,239,289,300,314,1,33,33,0,24,24,38,38,38,38,38,38],"floor_reached":51,"campfire_rested":0,"playtime":1685,"current_hp_per_floor":[80,60,60,60,66,72,72,72,72,72,72,78,69,66,66,36,80,77,77,77,77,77,71,71,71,71,80,80,80,80,80,80,80,80,80,80,80,80,80,80,80,80,80,70,76,76,76,76,76,80],"items_purged":["Bash","Strike_R"],"gold":38,"score":988,"play_id":"89540ee5-4f94-4cee-9f8a-c8b81a8061ea","local_time":"20180329012545","is_prod":false,"is_daily":false,"is_ascension_mode":false,"campfire_upgraded":7,"timestamp":1522279545,"path_taken":["M","?","?","?","?","E","R","$","T","R","$","M","E","?","R","BOSS","M","$","?","?","?","E","R","?","T","E","M","M","E","M","R","BOSS","M","?","M","M","$","E","R","?","T","?","M","R","?","?","R","BOSS"],"build_version":"2018-03-22v2","purchased_purges":2,"victory":true,"master_deck":["Strike_R","Strike_R","Strike_R","Defend_R","Defend_R","Defend_R","Defend_R","Shrug It Off+1","Shockwave+1","Shrug It Off+1","Shrug It Off+1","Iron Wave","Barricade+1","Body Slam+1","Shrug It Off+1","Battle Trance+1","Body Slam+1","Metallicize","Impervious","Madness","Madness","Body Slam+1","Flame Barrier+1"],"max_hp_per_floor":[80,80,80,80,80,80,80,80,80,80,80,80,80,80,80,80,80,80,80,80,80,80,80,80,80,80,80,80,80,80,80,80,80,80,80,80,80,80,80,80,80,80,80,80,80,80,80,80,80,80],"relics":["Burning Blood","NeowsBlessing","Bloody Idol","Blue Candle","Regal Pillow","Matryoshka","Juzu Bracelet","Bronze Scales","Runic Dome","Happy Flower","Oddly Smooth Stone","Dead Branch","Vajra","Ornamental Fan","The Courier","Bottled Flame","Prayer Wheel","Lizard Tail","Ice Cream","Pen Nib","Bag of Marbles","Ancient Tea Set","Red Mask","Art of War","Peace Pipe"],"card_choices":[{"not_picked":["Reckless Charge","Iron Wave"],"picked":"Shrug It Off","floor":1},{"not_picked":["Warcry","Thunderclap"],"picked":"Shockwave","floor":5},{"not_picked":["Warcry","Havoc"],"picked":"Shrug It Off","floor":6},{"not_picked":["Sword Boomerang","Cleave"],"picked":"Iron Wave","floor":12},{"not_picked":["Immolate","Offering"],"picked":"Barricade","floor":16},{"not_picked":["Sword Boomerang","Infernal Blade"],"picked":"Body Slam","floor":18},{"not_picked":["Headbutt","Havoc"],"picked":"Battle Trance","floor":23},{"not_picked":["Rampage","Combust"],"picked":"Metallicize","floor":31},{"not_picked":["Juggernaut","Dark Embrace"],"picked":"Impervious","floor":33},{"not_picked":["Havoc","Flex"],"picked":"Body Slam","floor":45},{"not_picked":["Thunderclap","Sword Boomerang"],"picked":"Flame Barrier","floor":47}],"player_experience":1622055,"potions_floor_usage":[13,30,31,50,50],"damage_taken":[{"damage":0,"enemies":"Cultist","floor":1,"turns":1},{"damage":0,"enemies":"Jaw Worm","floor":5,"turns":1},{"damage":0,"enemies":"3 Sentries","floor":6,"turns":2},{"damage":0,"enemies":"2 Louse","floor":12,"turns":3},{"damage":15,"enemies":"Gremlin Nob","floor":13,"turns":5},{"damage":36,"enemies":"The Guardian","floor":16,"turns":19},{"damage":9,"enemies":"3 Byrds","floor":18,"turns":4},{"damage":17,"enemies":"Gremlin Leader","floor":23,"turns":6},{"damage":2,"enemies":"Book of Stabbing","floor":27,"turns":4},{"damage":0,"enemies":"2 Thieves","floor":28,"turns":4},{"damage":0,"enemies":"Sentry and Sphere","floor":29,"turns":4},{"damage":0,"enemies":"Gremlin Leader","floor":30,"turns":5},{"damage":5,"enemies":"Slaver and Parasite","floor":31,"turns":3},{"damage":3,"enemies":"Champ","floor":33,"turns":7},{"damage":0,"enemies":"Orb Walker","floor":35,"turns":3},{"damage":0,"enemies":"Mysterious Sphere","floor":36,"turns":6},{"damage":0,"enemies":"3 Darklings","floor":37,"turns":7},{"damage":1,"enemies":"Sphere and 2 Shapes","floor":38,"turns":5},{"damage":6,"enemies":"Giant Head","floor":40,"turns":5},{"damage":5,"enemies":"4 Shapes","floor":45,"turns":4},{"damage":0,"enemies":"Time Eater","floor":50,"turns":8}],"event_choices":[{"event_name":"Golden Idol","player_choice":"Take Damage","floor":2,"damage_taken":0},{"event_name":"Liars Game","player_choice":"agreed","floor":3,"damage_taken":0},{"event_name":"Purifier","player_choice":"One Purge","floor":4,"damage_taken":0},{"event_name":"Scrap Ooze","player_choice":"success","floor":14,"damage_taken":3},{"event_name":"Addict","player_choice":"Ignored","floor":20,"damage_taken":0},{"event_name":"Forgotten Altar","player_choice":"Gave Idol","floor":21,"damage_taken":0},{"event_name":"Duplicator","player_choice":"One dupe","floor":25,"damage_taken":0},{"event_name":"Mysterious Sphere","player_choice":"Fight","floor":36,"damage_taken":0},{"event_name":"Tomb of Lord Red Mask","player_choice":"Paid","floor":42,"damage_taken":0},{"event_name":"Winding Halls","player_choice":"Embrace Madness","floor":44,"damage_taken":0}],"boss_relics":[{"not_picked":["Snecko Eye","Mark of Pain"],"picked":"Runic Dome"},{"not_picked":["Runic Cube","Black Star"],"picked":"Lizard Tail"}],"potions_floor_spawned":[1,12,16,28,29,30,31,33,37,40],"seed_played":"1828602318245716183","ascension_level":0,"is_trial":false}