{"path_per_floor":["M","M","$","?","M","R","M","R","T","R","?","M","E","M","R","B",null,"M","M","?","$","M","?","E","M","T","$","R","?","R","M","R","B",null,"M","$","?","$","M","R","M","E","T","?","?","M","R","M","R","B"],"character_chosen":"IRONCLAD","items_purchased":["Shrug It Off","Bag of Preparation"],"gold_per_floor":[116,128,53,53,73,73,85,85,85,85,160,171,204,220,220,322,322,335,349,264,88,104,104,132,150,150,50,50,50,50,69,69,164,164,176,176,176,51,64,64,79,105,151,151,0,10,10,23,23,23],"floor_reached":51,"campfire_rested":1,"playtime":2597,"current_hp_per_floor":[94,94,91,91,91,91,91,91,91,91,80,86,82,86,86,51,91,91,83,83,83,73,57,41,43,43,43,43,43,43,49,49,49,91,91,91,91,91,89,89,91,65,65,65,65,67,67,65,91,45],"items_purged":["Parasite","Strike_R","Strike_R"],"gold":23,"score":722,"play_id":"9870bfdd-0b93-4d34-9fee-8a201b66ed09","local_time":"20180326132906","is_prod":false,"is_daily":false,"is_ascension_mode":false,"campfire_upgraded":9,"timestamp":1522063746,"path_taken":["M","M","$","?","M","R","M","R","T","R","?","M","E","M","R","BOSS","M","M","?","$","M","?","E","M","T","$","R","?","R","M","R","BOSS","M","$","?","$","M","R","M","E","T","?","?","M","R","M","R","BOSS"],"build_version":"2018-03-22v2","purchased_purges":4,"victory":true,"master_deck":["Strike_R","Strike_R","Defend_R","Defend_R","Defend_R","Defend_R","Bash","Havoc+1","Shrug It Off+1","Intimidate+1","Rampage+1","Whirlwind+1","Double Tap","Barricade+1","Ghostly Armor+1","Shrug It Off+1","Ghostly Armor+1","Offering","Entrench+1","Offering","Feel No Pain+1","True Grit+1","Rampage+1"],"max_hp_per_floor":[94,94,91,91,91,91,91,91,91,91,91,91,91,91,91,91,91,91,91,91,91,91,91,91,91,91,91,91,91,91,91,91,91,91,91,91,91,91,91,91,91,91,91,91,91,91,91,91,91,91],"relics":["Burning Blood","Mango","Regal Pillow","Juzu Bracelet","Mark of Pain","Pen Nib","Bag of Preparation","Enchiridion","Thread and Needle","Du-Vu Doll","Lizard Tail","Frozen Egg 2","Omamori","Red Mask"],"card_choices":[{"not_picked":["Searing Blow","Perfected Strike"],"picked":"Havoc","floor":1.0},{"not_picked":["Havoc","Clash"],"picked":"Shrug It Off","floor":2.0},{"not_picked":["Sword Boomerang","Thunderclap"],"picked":"Intimidate","floor":5.0},{"not_picked":["Clash","Seeing Red"],"picked":"Rampage","floor":7.0},{"not_picked":["Flex","Pommel Strike"],"picked":"Whirlwind","floor":12.0},{"not_picked":["Searing Blow","Fire Breathing"],"picked":"Double Tap","floor":13.0},{"not_picked":["Offering","Impervious"],"picked":"Barricade","floor":16.0},{"not_picked":["Clothesline","Thunderclap"],"picked":"Ghostly Armor","floor":18.0},{"not_picked":["Rampage","Clothesline"],"picked":"Ghostly Armor","floor":22.0},{"not_picked":["Perfected Strike","Twin Strike"],"picked":"Offering","floor":24.0},{"not_picked":["Sword Boomerang","True Grit"],"picked":"Entrench","floor":25.0},{"not_picked":["Juggernaut","Reaper"],"picked":"Offering","floor":33.0},{"not_picked":["Shrug It Off","Heavy Blade"],"picked":"Feel No Pain","floor":35.0},{"not_picked":["Power Through","Corruption"],"picked":"True Grit","floor":42},{"not_picked":["Spot Weakness","Hemokinesis"],"picked":"Rampage","floor":48}],"player_experience":1602850,"potions_floor_usage":[42,50,50,50],"damage_taken":[{"damage":2.0,"enemies":"2 Louse","floor":1.0,"turns":4.0},{"damage":5.0,"enemies":"Cultist","floor":2.0,"turns":4.0},{"damage":0.0,"enemies":"Jaw Worm","floor":5.0,"turns":3.0},{"damage":2.0,"enemies":"Large Slime","floor":7.0,"turns":6.0},{"damage":0.0,"enemies":"2 Fungi Beasts","floor":12.0,"turns":3.0},{"damage":10.0,"enemies":"Lagavulin","floor":13.0,"turns":6.0},{"damage":2.0,"enemies":"Looter","floor":14.0,"turns":3.0},{"damage":41.0,"enemies":"Slime Boss","floor":16.0,"turns":8.0},{"damage":2.0,"enemies":"2 Thieves","floor":18.0,"turns":2.0},{"damage":14.0,"enemies":"Shell Parasite","floor":19.0,"turns":7.0},{"damage":16.0,"enemies":"Snake Plant","floor":22.0,"turns":9.0},{"damage":37.0,"enemies":"Book of Stabbing","floor":24.0,"turns":8.0},{"damage":4.0,"enemies":"Chosen and Byrds","floor":25.0,"turns":9.0},{"damage":0.0,"enemies":"Centurion and Healer","floor":31.0,"turns":10.0},{"damage":6.0,"enemies":"Champ","floor":33.0,"turns":11.0},{"damage":4.0,"enemies":"3 Shapes","floor":35.0,"turns":8.0},{"damage":8.0,"enemies":"3 Darklings","floor":39.0,"turns":1.0},{"damage":4.0,"enemies":"Sphere and 2 Shapes","floor":41.0,"turns":9.0},{"damage":32,"enemies":"Giant Head","floor":42,"turns":14},{"damage":4,"enemies":"Maw","floor":46,"turns":12},{"damage":8,"enemies":"3 Darklings","floor":48,"turns":8},{"damage":52,"enemies":"Donu and Deca","floor":50,"turns":16}],"event_choices":[{"event_name":"The Lab","player_choice":"Got Potions","floor":4.0,"damage_taken":0.0},{"event_name":"World of Goop","player_choice":"Gather Gold","floor":11.0,"damage_taken":0.0},{"event_name":"Addict","player_choice":"Obtained Relic","floor":20.0,"damage_taken":0.0},{"event_name":"Cursed Tome","player_choice":"Obtained Book","floor":23.0,"damage_taken":0.0},{"event_name":"Drug Dealer","player_choice":"Ignored","floor":29.0,"damage_taken":0.0},{"event_name":"Upgrade Shrine","player_choice":"Upgraded","floor":37.0,"damage_taken":0.0},{"event_name":"Purifier","player_choice":"One Purge","floor":44,"damage_taken":0},{"event_name":"Tomb of Lord Red Mask","player_choice":"Paid","floor":45,"damage_taken":0}],"boss_relics":[],"potions_floor_spawned":[1,7,12,14,16,18,25,31,39,41,42],"seed_played":"1597761479520281257","ascension_level":0,"is_trial":false}