{"path_per_floor":["M","M","?","$","?","R","T","E","T","$","M","R","E","?","R","B",null,"M","?","?","M","?","R","E","R","T","E","$","M","M","?","R","B",null,"M","?","M","$","?","R","M","?","T","?","R","M","M","?","R","B"],"character_chosen":"IRONCLAD","items_purchased":["Shrug It Off","Shrug It Off","Strength Potion","Impervious"],"gold_per_floor":[116,133,133,8,8,8,8,33,113,13,31,31,60,60,60,188,188,201,201,201,225,225,225,264,264,264,302,105,128,153,153,153,281,281,295,295,315,30,0,0,18,18,18,18,18,42,56,56,56,56],"floor_reached":51,"campfire_rested":1,"playtime":1816,"current_hp_per_floor":[80,80,64,64,64,64,64,56,56,56,62,62,67,47,47,35,80,80,80,80,78,78,78,65,65,65,69,69,53,57,57,57,35,80,80,80,80,80,80,80,80,70,70,62,62,64,33,33,57,74],"items_purged":["Strike_R","Defend_R","Writhe","Strike_R"],"gold":56,"score":739,"play_id":"ecaeda0b-d66e-4c28-a55c-d6d573027795","local_time":"20180330134757","is_prod":false,"is_daily":false,"is_ascension_mode":false,"campfire_upgraded":8,"timestamp":1522410477,"path_taken":["M","M","?","$","?","R","?","E","T","$","M","R","E","?","R","BOSS","M","?","?","M","?","R","E","R","T","E","$","M","M","?","R","BOSS","M","?","M","$","?","R","M","?","T","?","R","M","M","?","R","BOSS"],"build_version":"2018-03-29v2","purchased_purges":4,"victory":true,"master_deck":["Strike_R","Strike_R+1","Defend_R+1","Defend_R","Iron Wave","Shrug It Off+1","Shrug It Off+1","Iron Wave+1","Limit Break+1","Offering","Headbutt+1","Twin Strike+1","Flex+1","Shrug It Off+1","Pummel+1","Barricade+1","Shockwave+1","Impervious","Madness","Madness","Panacea+1","Blind","Body Slam+1","Entrench+1"],"max_hp_per_floor":[80,80,80,80,80,80,80,80,80,80,80,80,80,80,80,80,80,80,80,80,80,80,80,80,80,80,80,80,80,80,80,80,80,80,80,80,80,80,80,80,80,80,80,82,82,82,82,82,82,82],"relics":["Burning Blood","Paper Frog","Molten Egg 2","Self Forming Clay","Juzu Bracelet","Golden Idol","Mark of Pain","Question Card","Toolbox","Pen Nib","Omamori","Sozu","Red Mask","Singing Bowl"],"card_choices":[{"not_picked":["Havoc","Anger"],"picked":"Iron Wave","floor":0.0},{"not_picked":["Flex","Hemokinesis"],"picked":"Shrug It Off","floor":1.0},{"not_picked":["Headbutt","Anger"],"picked":"Iron Wave","floor":8.0},{"not_picked":["Reckless Charge","Clash"],"picked":"Limit Break","floor":13.0},{"not_picked":["Immolate","Fiend Fire"],"picked":"Offering","floor":16.0},{"not_picked":["Thunderclap","Hemokinesis"],"picked":"Headbutt","floor":18.0},{"not_picked":["Corruption","Sentinel"],"picked":"Twin Strike","floor":21.0},{"not_picked":["Bludgeon","Whirlwind","Searing Blow"],"picked":"Flex","floor":24.0},{"not_picked":["Sword Boomerang","Wild Strike","Blood for Blood"],"picked":"Pummel","floor":29.0},{"not_picked":["Bludgeon","Juggernaut","Brutality"],"picked":"Barricade","floor":33},{"not_picked":["Heavy Blade","Wild Strike","Iron Wave"],"picked":"Shockwave","floor":37},{"not_picked":["Purity","Secret Weapon","Bandage Up"],"picked":"Panacea","floor":44},{"not_picked":["Dark Shackles","Jack Of All Trades","Mind Blast"],"picked":"Blind","floor":44},{"not_picked":["Combust","Clash","Entrench"],"picked":"Body Slam","floor":46},{"not_picked":["Bloodletting","Clash","Rupture"],"picked":"Entrench","floor":47}],"player_experience":1630835,"potions_floor_usage":[33,50,50,50],"damage_taken":[{"damage":1.0,"enemies":"Jaw Worm","floor":1.0,"turns":4.0},{"damage":0.0,"enemies":"Small Slimes","floor":2.0,"turns":4.0},{"damage":14.0,"enemies":"3 Sentries","floor":8.0,"turns":12.0},{"damage":0.0,"enemies":"2 Louse","floor":11.0,"turns":2.0},{"damage":1.0,"enemies":"Gremlin Nob","floor":13.0,"turns":3.0},{"damage":18.0,"enemies":"The Guardian","floor":16.0,"turns":19.0},{"damage":4.0,"enemies":"Shell Parasite","floor":18.0,"turns":5.0},{"damage":8.0,"enemies":"Chosen","floor":21.0,"turns":4.0},{"damage":19.0,"enemies":"Slavers","floor":24.0,"turns":6.0},{"damage":6.0,"enemies":"Book of Stabbing","floor":27.0,"turns":5.0},{"damage":22.0,"enemies":"Sentry and Sphere","floor":29.0,"turns":4.0},{"damage":6,"enemies":"Snake Plant","floor":30,"turns":2},{"damage":28,"enemies":"Collector","floor":33,"turns":7},{"damage":4,"enemies":"3 Shapes","floor":35,"turns":5},{"damage":4,"enemies":"3 Darklings","floor":37,"turns":6},{"damage":4,"enemies":"Maw","floor":41,"turns":9},{"damage":4,"enemies":"4 Shapes","floor":46,"turns":4},{"damage":37,"enemies":"Sphere and 2 Shapes","floor":47,"turns":8},{"damage":4,"enemies":"Time Eater","floor":50,"turns":12}],"event_choices":[{"event_name":"Shining Light","player_choice":"Entered Light","floor":3.0,"damage_taken":0.0},{"event_name":"Match and Keep!","player_choice":"0 cards matched","floor":5.0,"damage_taken":0.0},{"event_name":"Golden Idol","player_choice":"Take Damage","floor":14.0,"damage_taken":0.0},{"event_name":"The Lab","player_choice":"Got Potions","floor":19.0,"damage_taken":0.0},{"event_name":"Purifier","player_choice":"One Purge","floor":20.0,"damage_taken":0.0},{"event_name":"The Mausoleum","player_choice":"Yes","floor":22.0,"damage_taken":0.0},{"event_name":"Purifier","player_choice":"One Purge","floor":31,"damage_taken":0},{"event_name":"Tomb of Lord Red Mask","player_choice":"Paid","floor":39,"damage_taken":0},{"event_name":"Winding Halls","player_choice":"Embrace Madness","floor":42,"damage_taken":0},{"event_name":"SensoryStone","player_choice":"Memory 3","floor":44,"damage_taken":0},{"event_name":"Mysterious Sphere","player_choice":"Ignore","floor":48,"damage_taken":0}],"boss_relics":[{"not_picked":["Velvet Choker","White Beast Statue"],"picked":"Sozu"}],"potions_floor_spawned":[8,11,13,27,29,30,33,37,41,47],"seed_played":"5468390753710901168","ascension_level":0,"is_trial":false}