{"path_per_floor":["M","?","M","M","?","R","?","R","T","R","M","$","E","M","R","B",null,"M","M","?","M","M","R","E","R","T","?","M","M","T","E","R","B",null,"M","?","$","M","M","R","M","T","T","M","R","M","R","?","R","B"],"character_chosen":"IRONCLAD","items_purchased":["Happy Flower","Feel No Pain","Strawberry","Body Slam","Energy Potion","Orichalcum","Explosive Potion","Explosive Potion"],"gold_per_floor":[113,188,208,218,218,218,218,218,218,218,231,3,36,49,49,145,145,159,169,169,182,196,196,227,227,527,527,544,560,583,609,609,709,709,720,720,50,68,86,86,101,101,101,112,112,123,123,0,0,0],"floor_reached":51,"campfire_rested":0,"playtime":1932,"current_hp_per_floor":[80,69,69,75,59,59,64,64,64,64,66,66,53,59,59,63,85,85,85,85,80,79,79,58,58,58,58,56,52,52,47,47,45,85,83,79,86,95,102,102,104,104,104,104,104,106,106,106,106,106],"items_purged":["Bash","Strike_R"],"gold":0,"score":739,"play_id":"aa1c0fe3-2713-4d56-8ff5-8eae11e7a38a","local_time":"20180404160016","is_prod":false,"is_daily":false,"is_ascension_mode":false,"campfire_upgraded":9,"timestamp":1522850416,"path_taken":["M","?","M","?","?","R","?","R","T","R","M","$","E","M","R","BOSS","M","M","?","M","M","R","E","R","T","?","?","M","?","E","R","BOSS","M","?","$","M","M","R","?","?","T","?","R","M","R","?","R","BOSS"],"build_version":"2018-03-29v2","purchased_purges":2,"victory":true,"master_deck":["Strike_R+1","Strike_R+1","Strike_R+1","Defend_R+1","Defend_R","Defend_R","Defend_R","True Grit+1","Carnage+1","Disarm+1","Flame Barrier+1","Uppercut+1","Offering","Disarm","Spot Weakness+1","Whirlwind+1","Flame Barrier+1","True Grit+1","Barricade+1","Reaper","Ghostly Armor+1","Feel No Pain+1","Body Slam+1","Disarm+1"],"max_hp_per_floor":[80,80,80,80,80,80,85,85,85,85,85,85,85,85,85,85,85,85,85,85,85,85,85,85,85,85,85,85,85,85,85,85,85,85,85,91,98,100,102,102,104,104,104,104,104,106,106,106,106,106],"relics":["Burning Blood","Unceasing Top","Happy Flower","Whetstone","Black Star","Gremlin Horn","Mercury Hourglass","Old Coin","Singing Bowl","Frozen Egg 2","Toolbox","Runic Dome","Strawberry","Orichalcum","Gambling Chip","Girya","Red Mask"],"card_choices":[{"not_picked":["Sword Boomerang","Power Through"],"picked":"True Grit","floor":1.0},{"not_picked":["Clothesline","Armaments"],"picked":"Carnage","floor":3.0},{"not_picked":["Second Wind","Anger"],"picked":"Disarm","floor":4.0},{"not_picked":["Cleave","Pommel Strike"],"picked":"Flame Barrier","floor":11.0},{"not_picked":["Pommel Strike","Headbutt"],"picked":"Uppercut","floor":13.0},{"not_picked":["Double Tap","Feed"],"picked":"Offering","floor":16.0},{"not_picked":["Second Wind","Heavy Blade"],"picked":"Disarm","floor":19.0},{"not_picked":["Sword Boomerang","Uppercut"],"picked":"Spot Weakness","floor":21.0},{"not_picked":["Havoc","Evolve"],"picked":"Whirlwind","floor":24.0},{"not_picked":["Carnage","Demon Form"],"picked":"Flame Barrier","floor":28.0},{"not_picked":["Intimidate","Havoc"],"picked":"True Grit","floor":29.0},{"not_picked":["Ghostly Armor","Warcry"],"picked":"Barricade","floor":31.0},{"not_picked":["Barricade","Juggernaut"],"picked":"Reaper","floor":33.0},{"not_picked":["Rupture","Sever Soul"],"picked":"Ghostly Armor","floor":35},{"not_picked":["Headbutt","Warcry"],"picked":"Disarm","floor":44}],"player_experience":1660000,"potions_floor_usage":[38,38,50,50],"damage_taken":[{"damage":5.0,"enemies":"Small Slimes","floor":1.0,"turns":5.0},{"damage":6.0,"enemies":"2 Louse","floor":3.0,"turns":3.0},{"damage":0.0,"enemies":"Cultist","floor":4.0,"turns":2.0},{"damage":4.0,"enemies":"Red Slaver","floor":11.0,"turns":3.0},{"damage":19.0,"enemies":"Gremlin Nob","floor":13.0,"turns":5.0},{"damage":0.0,"enemies":"Exordium Wildlife","floor":14.0,"turns":6.0},{"damage":2.0,"enemies":"Slime Boss","floor":16.0,"turns":8.0},{"damage":4.0,"enemies":"Spheric Guardian","floor":18.0,"turns":3.0},{"damage":4.0,"enemies":"Shell Parasite","floor":19.0,"turns":4.0},{"damage":11.0,"enemies":"Cultist and Chosen","floor":21.0,"turns":7.0},{"damage":7.0,"enemies":"Centurion and Healer","floor":22.0,"turns":11.0},{"damage":27.0,"enemies":"Slavers","floor":24.0,"turns":6.0},{"damage":8.0,"enemies":"3 Cultists","floor":28.0,"turns":3.0},{"damage":10.0,"enemies":"Snake Plant","floor":29.0,"turns":3.0},{"damage":11.0,"enemies":"Book of Stabbing","floor":31.0,"turns":8.0},{"damage":8.0,"enemies":"Collector","floor":33.0,"turns":10.0},{"damage":10,"enemies":"3 Darklings","floor":35,"turns":2},{"damage":7,"enemies":"Orb Walker","floor":38,"turns":2},{"damage":4,"enemies":"Maw","floor":39,"turns":7},{"damage":13,"enemies":"3 Darklings","floor":41,"turns":8},{"damage":0,"enemies":"4 Shapes","floor":44,"turns":6},{"damage":4,"enemies":"Sphere and 2 Shapes","floor":46,"turns":1},{"damage":9,"enemies":"Time Eater","floor":50,"turns":9}],"event_choices":[{"event_name":"World of Goop","player_choice":"Gather Gold","floor":2.0,"damage_taken":0.0},{"event_name":"Shining Light","player_choice":"Entered Light","floor":5.0,"damage_taken":0.0},{"event_name":"Big Fish","player_choice":"Donut","floor":7.0,"damage_taken":0.0},{"event_name":"Drug Dealer","player_choice":"Ignored","floor":20.0,"damage_taken":0.0},{"event_name":"Ghosts","player_choice":"Ignored","floor":27.0,"damage_taken":0.0},{"event_name":"SensoryStone","player_choice":"Memory 3","floor":36,"damage_taken":0},{"event_name":"Tomb of Lord Red Mask","player_choice":"Paid","floor":48,"damage_taken":0}],"boss_relics":[],"potions_floor_spawned":[11,16,18,19,24,38,44],"seed_played":"6405176888404840464","ascension_level":0,"is_trial":false}