{"path_per_floor":["M","M","M","?","?","R","$","R","T","E","?","?","?","M","R","B",null,"M","M","?","M","M","R","M","M","T","$","?","M","R","M","R","B",null,"M","M","?","M","M","R","?","M","T","M","R","?","M","$","R","B"],"character_chosen":"IRONCLAD","items_purchased":["Barricade","Metallicize","Bag of Preparation","Master of Strategy"],"gold_per_floor":[110,130,140,140,140,140,65,65,92,126,126,126,126,136,136,237,237,250,267,317,328,345,345,359,373,398,255,255,266,266,279,279,381,381,399,410,410,422,435,435,435,451,451,468,468,468,483,38,38,38],"floor_reached":51,"campfire_rested":0,"playtime":2403,"current_hp_per_floor":[80,80,80,80,73,73,73,73,73,38,43,50,50,53,53,46,92,92,92,92,87,82,82,75,77,77,77,77,83,83,85,85,77,92,92,92,92,92,92,92,80,86,86,85,85,85,91,91,91,92],"items_purged":["Bash","Strike_R"],"gold":38,"score":753,"play_id":"eeeeb264-d99f-42b4-892b-7c38fef437b5","local_time":"20180328002452","is_prod":false,"is_daily":false,"is_ascension_mode":false,"campfire_upgraded":9,"timestamp":1522189492,"path_taken":["M","M","?","?","?","R","$","R","T","E","?","?","?","M","R","BOSS","M","M","?","M","M","R","M","?","T","$","?","M","R","M","R","BOSS","M","M","?","M","M","R","?","M","T","M","R","?","M","$","R","BOSS"],"build_version":"2018-03-22v2","purchased_purges":2,"victory":true,"master_deck":["Strike_R+1","Strike_R+1","Defend_R+1","Defend_R+1","Defend_R+1","Defend_R+1","True Grit+1","Shrug It Off","Evolve+1","Barricade+1","Metallicize+1","Shrug It Off+1","Battle Trance","Entrench+1","Metallicize+1","Shrug It Off","Offering","Body Slam+1","Metallicize","Shrug It Off","Impervious","Madness","Madness","Body Slam+1","Master of Strategy"],"max_hp_per_floor":[80,80,80,80,80,80,80,80,80,80,85,92,92,92,92,92,92,92,92,92,92,92,92,92,92,92,92,92,92,92,92,92,92,92,92,92,92,92,92,92,92,92,92,92,92,92,92,92,92,92],"relics":["Black Blood","Ginger","Spirit Poop","Orichalcum","Shuriken","Strawberry","Mark of Pain","Pen Nib","Gambling Chip","Bag of Preparation"],"card_choices":[{"not_picked":["Anger","Pummel"],"picked":"True Grit","floor":1.0},{"not_picked":["Iron Wave","Carnage"],"picked":"Shrug It Off","floor":2.0},{"not_picked":["Thunderclap","Combust"],"picked":"Evolve","floor":3.0},{"not_picked":["Combust","Evolve"],"picked":"Metallicize","floor":10.0},{"not_picked":["Pommel Strike","Sword Boomerang"],"picked":"Shrug It Off","floor":14.0},{"not_picked":["Carnage","Thunderclap"],"picked":"Battle Trance","floor":18.0},{"not_picked":["Headbutt","Cleave"],"picked":"Entrench","floor":19.0},{"not_picked":["Clash","Limit Break"],"picked":"Metallicize","floor":21},{"not_picked":["Sword Boomerang","Havoc"],"picked":"Shrug It Off","floor":22},{"not_picked":["Feel No Pain","Searing Blow"],"picked":"Offering","floor":24},{"not_picked":["Shrug It Off","Wild Strike"],"picked":"Body Slam","floor":25},{"not_picked":["Headbutt","True Grit"],"picked":"Shrug It Off","floor":31},{"not_picked":["Offering","Brutality"],"picked":"Impervious","floor":33},{"not_picked":["Dual Wield","Pummel"],"picked":"Body Slam","floor":47}],"player_experience":1614815,"potions_floor_usage":[21,21,21,50,50],"damage_taken":[{"damage":6.0,"enemies":"Cultist","floor":1.0,"turns":4.0},{"damage":2.0,"enemies":"Jaw Worm","floor":2.0,"turns":5.0},{"damage":3.0,"enemies":"Small Slimes","floor":3.0,"turns":3.0},{"damage":41.0,"enemies":"Gremlin Nob","floor":10.0,"turns":6.0},{"damage":3.0,"enemies":"Looter","floor":14.0,"turns":5.0},{"damage":13.0,"enemies":"The Guardian","floor":16.0,"turns":20.0},{"damage":0.0,"enemies":"Chosen","floor":18.0,"turns":6.0},{"damage":0.0,"enemies":"Shell Parasite","floor":19.0,"turns":10.0},{"damage":11,"enemies":"3 Cultists","floor":21,"turns":15},{"damage":11,"enemies":"Snecko","floor":22,"turns":11},{"damage":13,"enemies":"Snake Plant","floor":24,"turns":9},{"damage":4,"enemies":"Centurion and Healer","floor":25,"turns":12},{"damage":0,"enemies":"Snecko","floor":29,"turns":7},{"damage":4,"enemies":"3 Cultists","floor":31,"turns":8},{"damage":14,"enemies":"Collector","floor":33,"turns":7},{"damage":6,"enemies":"3 Darklings","floor":35,"turns":7},{"damage":4,"enemies":"Orb Walker","floor":36,"turns":4},{"damage":4,"enemies":"4 Shapes","floor":38,"turns":7},{"damage":4,"enemies":"Sphere and 2 Shapes","floor":39,"turns":8},{"damage":4,"enemies":"Maw","floor":42,"turns":6},{"damage":11,"enemies":"4 Shapes","floor":44,"turns":8},{"damage":4,"enemies":"3 Darklings","floor":47,"turns":8},{"damage":4,"enemies":"Time Eater","floor":50,"turns":5}],"event_choices":[{"event_name":"Bonfire Elementals","player_choice":"CURSE","floor":4.0,"damage_taken":0.0},{"event_name":"Golden Wing","player_choice":"Card Removal","floor":5.0,"damage_taken":0.0},{"event_name":"Big Fish","player_choice":"Donut","floor":11.0,"damage_taken":0.0},{"event_name":"Dead Adventurer","player_choice":"Searched \u00271\u0027 times","floor":12.0,"damage_taken":0.0},{"event_name":"The Woman in Blue","player_choice":"Bought 0 Potions","floor":13.0,"damage_taken":0.0},{"event_name":"The Joust","player_choice":"Bet on Murderer","floor":20.0,"damage_taken":0.0},{"event_name":"Back to Basics","player_choice":"Simplicity","floor":28,"damage_taken":0},{"event_name":"Winding Halls","player_choice":"Embrace Madness","floor":41,"damage_taken":0},{"event_name":"The Lab","player_choice":"Got Potions","floor":46,"damage_taken":0}],"boss_relics":[{"not_picked":["Calling Bell","Runic Pyramid"],"picked":"Black Blood"}],"potions_floor_spawned":[2,3,16,18,19,29,33,38,42,44,47],"seed_played":"3371951663704278015","ascension_level":0,"is_trial":false}