{"path_per_floor":["M","?","M","?","?","E","R","?","T","R","M","M","$","E","R","B",null,"M","?","?","$","?","E","R","M","T","M","R","E","R","M","R","B",null,"M","$","?","M","?","R","M","M","T","?","$","R","?","M","R","B"],"character_chosen":"IRONCLAD","items_purchased":["Pear","Pommel Strike","Inflame","Uppercut","Metallicize","Shuriken"],"gold_per_floor":[116,177,188,288,288,317,317,317,340,340,360,370,105,130,130,226,226,243,243,243,32,32,61,61,81,81,101,101,129,129,142,142,244,244,259,36,36,54,54,54,69,80,80,0,0,0,0,14,14,14],"floor_reached":51,"campfire_rested":0,"playtime":2762,"current_hp_per_floor":[78,78,80,80,80,40,40,40,40,40,48,56,66,55,55,37,90,75,75,75,75,75,68,68,76,76,82,82,90,90,90,90,87,90,90,90,90,90,90,90,90,88,88,88,88,90,90,86,90,30],"items_purged":["Defend_R","Writhe"],"gold":14,"score":666,"play_id":"4b5dba0a-ac4c-4afb-b331-f397e32c1a03","local_time":"20180326222102","is_prod":false,"is_daily":false,"is_ascension_mode":false,"campfire_upgraded":9,"timestamp":1522095662,"path_taken":["M","?","M","?","?","E","R","?","T","R","M","M","$","E","R","BOSS","M","?","?","$","?","E","R","?","T","M","R","E","R","M","R","BOSS","M","$","?","M","?","R","M","M","T","?","?","R","?","M","R","BOSS"],"build_version":"2018-03-22v2","purchased_purges":2,"victory":true,"master_deck":["Strike_R","Strike_R","Strike_R","Strike_R","Defend_R+1","Defend_R","Bash","Immolate","Rage+1","Intimidate+1","Disarm+1","Headbutt","Rage+1","Double Tap+1","Whirlwind+1","Pommel Strike+1","Inflame+1","Uppercut+1","Inflame+1","Ghostly Armor","Sword Boomerang+1","Pommel Strike+1","Shrug It Off","Shrug It Off","Brutality","Shrug It Off+1","Metallicize","Rage+1","Feel No Pain+1","Injury","Feel No Pain"],"max_hp_per_floor":[80,80,80,80,80,80,80,80,80,80,80,80,90,90,90,90,90,90,90,90,90,90,90,90,90,90,90,90,90,90,90,90,90,90,90,90,90,90,90,90,90,90,90,90,90,90,90,90,90,90],"relics":["Burning Blood","The Courier","Blood Vial","Pear","Pen Nib","Sozu","Blue Candle","War Paint","Shovel","Art of War","Eternal Feather","Shuriken","Juzu Bracelet","Red Mask","Happy Flower"],"card_choices":[{"not_picked":["Flex","Havoc"],"picked":"Rage","floor":1.0},{"not_picked":["Corruption","Burning Pact"],"picked":"Intimidate","floor":3.0},{"not_picked":["Perfected Strike","Combust"],"picked":"Disarm","floor":6.0},{"not_picked":["Corruption","Searing Blow"],"picked":"Headbutt","floor":11},{"not_picked":["Hemokinesis","Headbutt"],"picked":"Rage","floor":12},{"not_picked":["Fiend Fire","Berserk"],"picked":"Double Tap","floor":16},{"not_picked":["Havoc","Wild Strike"],"picked":"Whirlwind","floor":18},{"not_picked":["Heavy Blade","Bloodletting"],"picked":"Ghostly Armor","floor":23},{"not_picked":["Shrug It Off","Body Slam"],"picked":"Sword Boomerang","floor":25},{"not_picked":["Wild Strike","Body Slam"],"picked":"Pommel Strike","floor":27},{"not_picked":["Feel No Pain","Second Wind"],"picked":"Shrug It Off","floor":29},{"not_picked":["True Grit","Whirlwind"],"picked":"Shrug It Off","floor":31},{"not_picked":["Immolate","Feed"],"picked":"Brutality","floor":33},{"not_picked":["Reckless Charge","Body Slam"],"picked":"Shrug It Off","floor":35},{"not_picked":["Clash","Heavy Blade"],"picked":"Feel No Pain","floor":38},{"not_picked":["Heavy Blade","Bloodletting"],"picked":"Feel No Pain","floor":48}],"player_experience":1607306,"potions_floor_usage":[16,23,29,50],"damage_taken":[{"damage":8.0,"enemies":"Jaw Worm","floor":1.0,"turns":6.0},{"damage":0.0,"enemies":"Small Slimes","floor":3.0,"turns":5.0},{"damage":46.0,"enemies":"Gremlin Nob","floor":6.0,"turns":5.0},{"damage":0,"enemies":"2 Louse","floor":11,"turns":4},{"damage":0,"enemies":"2 Fungi Beasts","floor":12,"turns":5},{"damage":19,"enemies":"3 Sentries","floor":14,"turns":10},{"damage":26,"enemies":"Slime Boss","floor":16,"turns":18},{"damage":21,"enemies":"Spheric Guardian","floor":18,"turns":7},{"damage":15,"enemies":"Book of Stabbing","floor":23,"turns":4},{"damage":0,"enemies":"Chosen","floor":25,"turns":5},{"damage":2,"enemies":"Sentry and Sphere","floor":27,"turns":4},{"damage":12,"enemies":"Gremlin Leader","floor":29,"turns":6},{"damage":3,"enemies":"Snecko","floor":31,"turns":3},{"damage":9,"enemies":"Champ","floor":33,"turns":8},{"damage":1,"enemies":"3 Darklings","floor":35,"turns":4},{"damage":1,"enemies":"Orb Walker","floor":38,"turns":4},{"damage":6,"enemies":"3 Darklings","floor":41,"turns":6},{"damage":8,"enemies":"4 Shapes","floor":42,"turns":12},{"damage":10,"enemies":"Maw","floor":48,"turns":7},{"damage":66,"enemies":"Donu and Deca","floor":50,"turns":11}],"event_choices":[{"event_name":"Golden Wing","player_choice":"Gained Gold","floor":2.0,"damage_taken":0.0},{"event_name":"Golden Shrine","player_choice":"Pray","floor":4.0,"damage_taken":0.0},{"event_name":"Upgrade Shrine","player_choice":"Upgraded","floor":5.0,"damage_taken":0.0},{"event_name":"Dead Adventurer","player_choice":"Searched \u00270\u0027 times","floor":8,"damage_taken":0},{"event_name":"The Lab","player_choice":"Got Potions","floor":19,"damage_taken":0},{"event_name":"The Mausoleum","player_choice":"Yes","floor":20,"damage_taken":0},{"event_name":"Transmorgrifier","player_choice":"Transform","floor":22,"damage_taken":0},{"event_name":"Duplicator","player_choice":"One dupe","floor":37,"damage_taken":0},{"event_name":"Mysterious Sphere","player_choice":"Ignore","floor":39,"damage_taken":0},{"event_name":"Tomb of Lord Red Mask","player_choice":"Paid","floor":44,"damage_taken":0},{"event_name":"Accursed Blacksmith","player_choice":"Forge","floor":47,"damage_taken":0}],"boss_relics":[{"not_picked":["Runic Cube","Pandora\u0027s Box"],"picked":"Sozu"},{"not_picked":["Runic Pyramid","Velvet Choker"],"picked":"Eternal Feather"}],"potions_floor_spawned":[3,12,14,16,18,25,29,31,42],"seed_played":"-1472025097779514629","ascension_level":0,"is_trial":false}