{"path_per_floor":["M","?","M","M","$","R","?","?","T","R","M","M","R","E","R","B",null,"M","?","T","$","?","E","M","R","T","$","M","M","E","?","R","B",null,"M","?","M","M","M","$","M","R","T","$","?","$","R","M","R","B"],"character_chosen":"IRONCLAD","items_purchased":["True Grit","Seeing Red","Metallicize","Oddly Smooth Stone"],"gold_per_floor":[211,211,229,241,142,142,142,142,220,220,232,248,248,276,276,377,377,395,310,336,236,161,191,205,205,205,8,24,38,73,253,253,348,348,362,362,381,396,407,326,343,343,370,220,220,77,77,89,89,89],"floor_reached":51,"campfire_rested":2,"playtime":1920,"current_hp_per_floor":[80,80,80,80,80,80,64,64,64,64,70,78,78,80,80,17,80,80,80,80,80,80,80,80,80,80,80,80,80,80,56,56,63,80,80,80,80,80,80,80,80,80,80,80,80,80,80,80,80,16],"items_purged":["Strike_R","Bash","Defend_R","Rupture"],"gold":89,"score":735,"play_id":"d442ecb0-a341-4022-9e8b-dd208da24a36","local_time":"20180401174341","is_prod":false,"is_daily":false,"is_ascension_mode":false,"campfire_upgraded":7,"timestamp":1522597421,"path_taken":["M","?","M","M","$","R","?","?","T","R","M","M","R","E","R","BOSS","M","?","?","?","?","E","?","R","T","$","M","M","E","?","R","BOSS","M","?","?","M","M","?","M","R","T","$","?","$","R","?","R","BOSS"],"build_version":"2018-03-29v2","purchased_purges":6,"victory":true,"master_deck":["Defend_R+1","Defend_R+1","Whirlwind+1","True Grit+1","Reaper+1","Metallicize+1","Battle Trance+1","Double Tap+1","Sentinel+1","Uppercut+1","Flex+1","Metallicize+1","Shrug It Off+1","Seeing Red+1","Rampage+1","Inflame+1","Metallicize+1"],"max_hp_per_floor":[80,80,80,80,80,80,80,80,80,80,80,80,80,80,80,80,80,80,80,80,80,80,80,80,80,80,80,80,80,80,80,80,80,80,80,80,80,80,80,80,80,80,80,80,80,80,80,80,80,80],"relics":["Burning Blood","Letter Opener","Orichalcum","Astrolabe","Vajra","Happy Flower","Bag of Marbles","Frozen Egg 2","Mummified Hand","Runic Cube","Whetstone","Oddly Smooth Stone"],"card_choices":[{"not_picked":["Battle Trance","Pommel Strike"],"picked":"Whirlwind","floor":3.0},{"not_picked":["Warcry","Entrench"],"picked":"Iron Wave","floor":4.0},{"not_picked":["Sword Boomerang","Second Wind"],"picked":"Reaper","floor":11.0},{"not_picked":["Ghostly Armor","Pommel Strike"],"picked":"Metallicize","floor":12.0},{"not_picked":["Blood for Blood","Infernal Blade"],"picked":"Battle Trance","floor":14.0},{"not_picked":["Brutality","Reaper"],"picked":"Double Tap","floor":16.0},{"not_picked":["Seeing Red","Body Slam"],"picked":"Metallicize","floor":23.0},{"not_picked":["Twin Strike","Heavy Blade"],"picked":"Shrug It Off","floor":24.0},{"not_picked":["Intimidate","Iron Wave"],"picked":"Rampage","floor":29.0},{"not_picked":["Armaments","Clothesline"],"picked":"Rupture","floor":30},{"not_picked":["Berserk","Heavy Blade"],"picked":"Inflame","floor":39}],"player_experience":1642780,"potions_floor_usage":[48,50,50],"damage_taken":[{"damage":5.0,"enemies":"2 Louse","floor":1.0,"turns":3.0},{"damage":1.0,"enemies":"Cultist","floor":3.0,"turns":3.0},{"damage":1.0,"enemies":"Jaw Worm","floor":4.0,"turns":6.0},{"damage":0.0,"enemies":"Exordium Wildlife","floor":11.0,"turns":4.0},{"damage":2.0,"enemies":"Blue Slaver","floor":12.0,"turns":5.0},{"damage":0.0,"enemies":"3 Sentries","floor":14.0,"turns":9.0},{"damage":73.0,"enemies":"Hexaghost","floor":16.0,"turns":16.0},{"damage":0.0,"enemies":"3 Byrds","floor":18.0,"turns":3.0},{"damage":11.0,"enemies":"Slavers","floor":23.0,"turns":4.0},{"damage":0.0,"enemies":"Spheric Guardian","floor":24.0,"turns":3.0},{"damage":0.0,"enemies":"Cultist and Chosen","floor":28.0,"turns":3.0},{"damage":0.0,"enemies":"Slaver and Parasite","floor":29.0,"turns":5.0},{"damage":0,"enemies":"Book of Stabbing","floor":30,"turns":5},{"damage":23,"enemies":"Collector","floor":33,"turns":6},{"damage":0,"enemies":"Orb Walker","floor":35,"turns":3},{"damage":0,"enemies":"3 Darklings","floor":37,"turns":3},{"damage":0,"enemies":"4 Shapes","floor":38,"turns":7},{"damage":0,"enemies":"Maw","floor":39,"turns":6},{"damage":5,"enemies":"3 Darklings","floor":41,"turns":3},{"damage":0,"enemies":"4 Shapes","floor":48,"turns":2},{"damage":78,"enemies":"Awakened One","floor":50,"turns":8}],"event_choices":[{"event_name":"Bonfire Elementals","player_choice":"BASIC","floor":2.0,"damage_taken":0.0},{"event_name":"Shining Light","player_choice":"Entered Light","floor":7.0,"damage_taken":0.0},{"event_name":"Match and Keep!","player_choice":"0 cards matched","floor":8.0,"damage_taken":0.0},{"event_name":"Addict","player_choice":"Obtained Relic","floor":19.0,"damage_taken":0.0},{"event_name":"Beggar","player_choice":"Gave Gold","floor":22.0,"damage_taken":0.0},{"event_name":"Knowing Skull","player_choice":"GOLD GOLD ","floor":31,"damage_taken":0},{"event_name":"Purifier","player_choice":"One Purge","floor":36,"damage_taken":0},{"event_name":"SecretPortal","player_choice":"Rejected Portal.","floor":45,"damage_taken":0}],"boss_relics":[{"not_picked":["Runic Dome","Pandora\u0027s Box"],"picked":"Runic Cube"}],"potions_floor_spawned":[3,4,12,24,28,29,33,37,39],"seed_played":"531450055829687689","ascension_level":0,"is_trial":false}