{"path_per_floor":["M","M","M","M","$","R","?","E","T","M","E","?","R","E","R","B",null,"M","?","M","$","M","R","M","R","T","R","?","M","M","E","R","B",null,"M","?","?","T","$","R","?","R","T","R","M","R","$","?","R","B"],"character_chosen":"IRONCLAD","items_purchased":["Strawberry","Shrug It Off","Master of Strategy"],"gold_per_floor":[110,121,137,147,72,72,72,100,176,186,219,219,219,247,247,343,373,386,386,403,97,116,116,129,129,155,155,155,166,185,219,219,324,324,335,335,335,417,292,292,292,292,317,317,333,333,6,0,0,0],"floor_reached":51,"campfire_rested":1,"playtime":1839,"current_hp_per_floor":[80,80,80,80,80,80,73,58,58,64,59,59,59,59,59,32,85,85,69,77,84,80,80,78,78,78,78,92,92,92,92,92,74,92,84,74,74,74,74,74,74,74,74,74,74,74,74,74,92,52],"items_purged":["Strike_R","Strike_R","Strike_R","Defend_R"],"gold":0,"score":681,"play_id":"a941ca13-1b50-430b-a7a2-891734f816d1","local_time":"20180407185936","is_prod":false,"is_daily":false,"is_ascension_mode":false,"campfire_upgraded":7,"timestamp":1523120376,"path_taken":["M","M","M","M","$","R","?","E","T","M","E","?","R","E","R","BOSS","M","?","M","$","?","R","M","R","T","R","?","M","M","E","R","BOSS","M","?","?","?","?","R","?","R","T","R","?","R","$","?","R","BOSS"],"build_version":"2018-04-05v2","purchased_purges":4,"victory":true,"master_deck":["Strike_R+1","Defend_R","Defend_R","Bash+1","Flame Barrier+1","Shrug It Off+1","Inflame","Seeing Red","Rampage+1","True Grit+1","Clothesline+1","Headbutt+1","Shrug It Off+1","Seeing Red","Shrug It Off","Disarm+1","Secret Weapon+1","Secret Weapon","Secret Weapon","Master of Strategy"],"max_hp_per_floor":[80,80,80,80,80,80,80,80,80,80,80,80,80,80,80,80,85,85,85,85,92,92,92,92,92,92,92,92,92,92,92,92,92,92,92,92,92,92,92,92,92,92,92,92,92,92,92,92,92,92],"relics":["Burning Blood","Bag of Marbles","Bottled Flame","Blood Vial","Bronze Scales","Tiny House","Nilry\u0027s Codex","Strawberry","Regal Pillow","Shovel","Ornamental Fan","Sozu","Toolbox","Self Forming Clay","Bag of Preparation","Mummified Hand","Omamori","Red Mask"],"card_choices":[{"not_picked":["Anger","Iron Wave"],"picked":"Flame Barrier","floor":1.0},{"not_picked":["Headbutt","Rage"],"picked":"Shrug It Off","floor":2.0},{"not_picked":["Anger","Cleave"],"picked":"Inflame","floor":3.0},{"not_picked":["Perfected Strike","Feel No Pain"],"picked":"Seeing Red","floor":4.0},{"not_picked":["Thunderclap","Bludgeon"],"picked":"Whirlwind","floor":10.0},{"not_picked":["Clothesline","Wild Strike"],"picked":"Rage","floor":11.0},{"not_picked":["Flex","Feel No Pain"],"picked":"Rampage","floor":14.0},{"not_picked":["Flex","Carnage"],"picked":"True Grit","floor":17.0},{"not_picked":["Pommel Strike","Armaments"],"picked":"Clothesline","floor":18.0},{"not_picked":["Flex","Clothesline"],"picked":"Headbutt","floor":20.0},{"not_picked":["Twin Strike","Headbutt"],"picked":"Seeing Red","floor":24.0},{"not_picked":["Intimidate","Heavy Blade"],"picked":"Shrug It Off","floor":29.0},{"not_picked":["Sword Boomerang","Blood for Blood"],"picked":"Disarm","floor":30.0},{"not_picked":["Blind","Trip"],"picked":"Secret Weapon","floor":36},{"not_picked":["Mind Blast","Flash of Steel"],"picked":"Secret Weapon","floor":36},{"not_picked":["Finesse","Mind Blast"],"picked":"Secret Weapon","floor":36}],"player_experience":1684026,"potions_floor_usage":[31,31,50,50],"damage_taken":[{"damage":6.0,"enemies":"Jaw Worm","floor":1.0,"turns":3.0},{"damage":1.0,"enemies":"2 Louse","floor":2.0,"turns":3.0},{"damage":1.0,"enemies":"Cultist","floor":3.0,"turns":3.0},{"damage":0.0,"enemies":"Lots of Slimes","floor":4.0,"turns":1.0},{"damage":21.0,"enemies":"Lagavulin","floor":8.0,"turns":11.0},{"damage":0.0,"enemies":"Exordium Thugs","floor":10.0,"turns":4.0},{"damage":11.0,"enemies":"3 Sentries","floor":11.0,"turns":4.0},{"damage":8.0,"enemies":"Gremlin Nob","floor":14.0,"turns":4.0},{"damage":35.0,"enemies":"Hexaghost","floor":16.0,"turns":9.0},{"damage":5.0,"enemies":"Shell Parasite","floor":18.0,"turns":5.0},{"damage":0.0,"enemies":"2 Thieves","floor":20.0,"turns":1.0},{"damage":12.0,"enemies":"Snake Plant","floor":22.0,"turns":3.0},{"damage":25.0,"enemies":"Sentry and Sphere","floor":24.0,"turns":6.0},{"damage":1.0,"enemies":"Centurion and Healer","floor":29.0,"turns":9.0},{"damage":1.0,"enemies":"3 Cultists","floor":30.0,"turns":3.0},{"damage":3,"enemies":"Gremlin Leader","floor":31,"turns":7},{"damage":24,"enemies":"Champ","floor":33,"turns":15},{"damage":14,"enemies":"3 Darklings","floor":35,"turns":6},{"damage":8,"enemies":"3 Shapes","floor":45,"turns":6},{"damage":46,"enemies":"Time Eater","floor":50,"turns":9}],"event_choices":[{"event_name":"Golden Wing","player_choice":"Card Removal","floor":7.0,"damage_taken":0.0},{"event_name":"The Lab","player_choice":"Got Potions","floor":12.0,"damage_taken":0.0},{"event_name":"Cursed Tome","player_choice":"Obtained Book","floor":19.0,"damage_taken":0.0},{"event_name":"Bonfire Elementals","player_choice":"UNCOMMON","floor":28.0,"damage_taken":0.0},{"event_name":"SensoryStone","player_choice":"Memory 3","floor":36,"damage_taken":0},{"event_name":"Wheel of Change","player_choice":"Card Removal","floor":41,"damage_taken":0},{"event_name":"Tomb of Lord Red Mask","player_choice":"Paid","floor":48,"damage_taken":0}],"boss_relics":[{"not_picked":["Cursed Key","Orrery"],"picked":"Sozu"}],"potions_floor_spawned":[2,3,4,11,22,30,31,45],"seed_played":"1905674107386728291","ascension_level":0,"is_trial":false}