{"path_per_floor":["M","M","?","M","$","E","R","M","T","R","E","M","?","M","R","B",null,"M","?","M","M","M","R","E","R","T","R","?","$","E","$","R","B",null,"M","?","?","M","$","R","M","M","T","$","T","M","?","M","R","B"],"character_chosen":"IRONCLAD","items_purchased":["Secret Technique","True Grit","Battle Trance"],"gold_per_floor":[116,129,79,89,14,43,43,54,104,104,130,148,168,187,187,292,292,309,309,325,342,362,362,389,389,389,389,389,64,91,91,91,187,187,205,205,205,217,55,55,67,83,107,107,107,120,120,131,131,131],"floor_reached":51,"campfire_rested":0,"playtime":4035,"current_hp_per_floor":[71,72,72,72,72,54,54,54,54,54,55,61,62,68,68,64,82,82,82,85,72,70,70,58,58,58,58,40,40,39,39,39,47,99,102,102,102,105,105,105,108,108,108,108,108,108,108,108,108,108],"items_purged":["Defend_R","Strike_R","Limit Break"],"gold":131,"score":797,"play_id":"096b2b68-2694-4383-a777-a139de7758d1","local_time":"20180406191525","is_prod":false,"is_daily":false,"is_ascension_mode":false,"campfire_upgraded":9,"timestamp":1523034925,"path_taken":["M","M","?","M","$","E","R","?","T","R","E","M","?","M","R","BOSS","M","?","M","M","M","R","E","R","T","R","?","?","E","$","R","BOSS","M","?","?","?","$","R","M","M","T","$","?","M","?","M","R","BOSS"],"build_version":"2018-04-05v2","purchased_purges":3,"victory":true,"master_deck":["Shrug It Off+1","Shrug It Off+1","Barricade+1","Intimidate+1","Entrench+1","Feed+1","Whirlwind+1","Seeing Red+1","Shrug It Off+1","Body Slam+1","Flame Barrier+1","Secret Technique","True Grit+1","Impervious","Metallicize+1","Battle Trance","Havoc"],"max_hp_per_floor":[72,72,72,72,72,72,72,72,72,72,82,82,82,82,82,82,82,82,82,85,88,91,91,91,91,91,91,96,96,99,99,99,99,99,102,102,102,105,105,105,108,108,108,108,108,108,108,108,108,108],"relics":["Burning Blood","Bag of Marbles","Lantern","Pear","Odd Mushroom","Astrolabe","Bird Faced Urn","Anchor","Bottled Tornado","Philosopher\u0027s Stone","Whetstone","Charon\u0027s Ashes"],"card_choices":[{"not_picked":["Body Slam","Berserk"],"picked":"Shrug It Off","floor":1},{"not_picked":["Cleave","Warcry"],"picked":"Pommel Strike","floor":2},{"not_picked":["Wild Strike","Hemokinesis"],"picked":"Shrug It Off","floor":8},{"not_picked":["Pummel","Heavy Blade"],"picked":"Barricade","floor":11},{"not_picked":["Second Wind","Cleave"],"picked":"Intimidate","floor":12},{"not_picked":["Blood for Blood","Flame Barrier"],"picked":"Entrench","floor":14},{"not_picked":["Bludgeon","Limit Break"],"picked":"Feed","floor":16},{"not_picked":["Hemokinesis","Searing Blow"],"picked":"Shrug It Off","floor":18},{"not_picked":["Power Through","Cleave"],"picked":"Body Slam","floor":21},{"not_picked":["Heavy Blade","Pommel Strike"],"picked":"Flame Barrier","floor":22},{"not_picked":["Bludgeon","Limit Break"],"picked":"Impervious","floor":33},{"not_picked":["Cleave","Searing Blow"],"picked":"Metallicize","floor":35}],"player_experience":1678292,"potions_floor_usage":[13,13,24,50,50,50],"damage_taken":[{"damage":7,"enemies":"Small Slimes","floor":1,"turns":4},{"damage":5,"enemies":"Jaw Worm","floor":2,"turns":4},{"damage":0,"enemies":"Cultist","floor":4,"turns":3},{"damage":24,"enemies":"Gremlin Nob","floor":6,"turns":4},{"damage":6,"enemies":"Gremlin Gang","floor":8,"turns":4},{"damage":15,"enemies":"Lagavulin","floor":11,"turns":9},{"damage":0,"enemies":"Exordium Wildlife","floor":12,"turns":8},{"damage":5,"enemies":"The Mushroom Lair","floor":13,"turns":5},{"damage":0,"enemies":"Looter","floor":14,"turns":3},{"damage":10,"enemies":"Slime Boss","floor":16,"turns":39},{"damage":0,"enemies":"3 Byrds","floor":18,"turns":3},{"damage":0,"enemies":"Chosen","floor":20,"turns":12},{"damage":22,"enemies":"Slaver and Parasite","floor":21,"turns":5},{"damage":11,"enemies":"Centurion and Healer","floor":22,"turns":8},{"damage":18,"enemies":"Book of Stabbing","floor":24,"turns":7},{"damage":12,"enemies":"Slavers","floor":30,"turns":10},{"damage":0,"enemies":"Collector","floor":33,"turns":6},{"damage":0,"enemies":"Orb Walker","floor":35,"turns":5},{"damage":0,"enemies":"3 Shapes","floor":38,"turns":6},{"damage":0,"enemies":"Maw","floor":41,"turns":11},{"damage":0,"enemies":"3 Darklings","floor":42,"turns":1},{"damage":0,"enemies":"Sphere and 2 Shapes","floor":46,"turns":4},{"damage":0,"enemies":"4 Shapes","floor":48,"turns":3},{"damage":0,"enemies":"Donu and Deca","floor":50,"turns":5}],"event_choices":[{"event_name":"The Cleric","player_choice":"Card Removal","floor":3,"damage_taken":0},{"event_name":"Mushrooms","player_choice":"Fought Mushrooms","floor":13,"damage_taken":0},{"event_name":"Back to Basics","player_choice":"Elegance","floor":19,"damage_taken":0},{"event_name":"Forgotten Altar","player_choice":"Shed Blood","floor":28,"damage_taken":0},{"event_name":"SecretPortal","player_choice":"Rejected Portal.","floor":37,"damage_taken":0},{"event_name":"Transmorgrifier","player_choice":"Transform","floor":47,"damage_taken":0}],"boss_relics":[{"not_picked":["Runic Pyramid","Black Blood"],"picked":"Astrolabe"},{"not_picked":["Snecko Eye","Black Star"],"picked":"Philosopher\u0027s Stone"}],"potions_floor_spawned":[2,11,12,18,22,24,33,35,41,42],"seed_played":"-6126574331352121429","ascension_level":0,"is_trial":false}