{"path_per_floor":["M","?","M","M","M","E","R","M","T","R","M","M","M","?","R","B",null,"M","?","?","M","T","E","M","R","T","R","?","$","?","E","R","B",null,"M","M","M","?","M","R","E","R","T","R","M","M","M","M","R","B"],"character_chosen":"IRONCLAD","items_purchased":["Metallicize","Dodecahedron"],"gold_per_floor":[14,14,28,43,57,87,87,103,103,103,120,133,153,153,153,255,255,270,270,195,215,261,291,303,303,329,329,329,2,2,27,27,129,129,139,155,175,175,186,186,211,211,257,257,268,288,302,321,321,321],"floor_reached":51,"campfire_rested":0,"playtime":2549,"current_hp_per_floor":[80,80,80,80,80,80,80,80,80,80,80,80,80,80,80,42,80,80,80,80,80,80,71,80,80,80,80,80,80,80,80,80,80,80,80,76,80,70,80,80,80,80,80,80,80,80,80,80,80,80],"items_purged":[],"gold":321,"score":823,"play_id":"b994a229-d359-40b2-bed4-2a6f264a6a32","local_time":"20180411233001","is_prod":false,"is_daily":false,"is_ascension_mode":false,"campfire_upgraded":7,"timestamp":1523482201,"path_taken":["M","?","?","M","M","E","R","M","T","R","M","M","M","?","R","BOSS","M","?","?","?","?","E","M","R","T","R","?","$","?","E","R","BOSS","M","?","M","?","M","R","E","R","T","R","?","M","M","M","R","BOSS"],"build_version":"2018-04-05v2","purchased_purges":1,"victory":true,"master_deck":["Strike_R","Strike_R","Defend_R","Defend_R+1","Defend_R","Defend_R+1","Feel No Pain+1","True Grit+1","Body Slam+1","Spot Weakness","Reaper","True Grit+1","Body Slam+1","Shrug It Off+1","Barricade+1","Power Through+1","Ghostly Armor","Burning Pact+1","Metallicize","Shockwave+1","Madness","Madness","Warcry+1","Body Slam+1","Intimidate+1"],"max_hp_per_floor":[80,80,80,80,80,80,80,80,80,80,80,80,80,80,80,80,80,80,80,80,80,80,80,80,80,80,80,80,80,80,80,80,80,80,80,80,80,80,80,80,80,80,80,80,80,80,80,80,80,80],"relics":["Black Blood","Magic Flower","War Paint","Peace Pipe","Runic Dome","Lantern","Bottled Lightning","Pen Nib","Dodecahedron","Vajra","Dream Catcher","Blood Vial"],"card_choices":[{"not_picked":["Wild Strike","Pommel Strike"],"picked":"Feel No Pain","floor":1},{"not_picked":["Second Wind","Thunderclap"],"picked":"True Grit","floor":3},{"not_picked":["Searing Blow","Armaments"],"picked":"Body Slam","floor":5},{"not_picked":["Pommel Strike","Cleave"],"picked":"Spot Weakness","floor":6},{"not_picked":["Intimidate","Pommel Strike"],"picked":"Reaper","floor":8},{"not_picked":["Iron Wave","Searing Blow"],"picked":"True Grit","floor":11},{"not_picked":["Pummel","Rupture"],"picked":"Body Slam","floor":12},{"not_picked":["Wild Strike","Cleave"],"picked":"Shrug It Off","floor":13},{"not_picked":["Dark Embrace","Berserk"],"picked":"Barricade","floor":16},{"not_picked":["Uppercut","Perfected Strike"],"picked":"Power Through","floor":23},{"not_picked":["Seeing Red","Sentinel"],"picked":"Ghostly Armor","floor":24},{"not_picked":["Perfected Strike","Double Tap"],"picked":"Shockwave","floor":37},{"not_picked":["Cleave","Inflame"],"picked":"Warcry","floor":39},{"not_picked":["Cleave","Iron Wave"],"picked":"Body Slam","floor":45},{"not_picked":["Metallicize","Body Slam"],"picked":"Intimidate","floor":46}],"player_experience":1725166,"potions_floor_usage":[21,21,36,50],"damage_taken":[{"damage":3,"enemies":"Jaw Worm","floor":1,"turns":6},{"damage":8,"enemies":"Small Slimes","floor":3,"turns":4},{"damage":1,"enemies":"2 Louse","floor":4,"turns":3},{"damage":9,"enemies":"Red Slaver","floor":5,"turns":7},{"damage":9,"enemies":"3 Sentries","floor":6,"turns":15},{"damage":2,"enemies":"Looter","floor":8,"turns":3},{"damage":5,"enemies":"Gremlin Gang","floor":11,"turns":7},{"damage":6,"enemies":"3 Louse","floor":12,"turns":5},{"damage":3,"enemies":"Exordium Wildlife","floor":13,"turns":4},{"damage":67,"enemies":"Hexaghost","floor":16,"turns":12},{"damage":15,"enemies":"3 Byrds","floor":18,"turns":8},{"damage":2,"enemies":"Spheric Guardian","floor":21,"turns":4},{"damage":33,"enemies":"Book of Stabbing","floor":23,"turns":7},{"damage":5,"enemies":"Centurion and Healer","floor":24,"turns":6},{"damage":9,"enemies":"Gremlin Leader","floor":31,"turns":8},{"damage":0,"enemies":"Automaton","floor":33,"turns":7},{"damage":0,"enemies":"3 Shapes","floor":35,"turns":5},{"damage":34,"enemies":"3 Darklings","floor":36,"turns":12},{"damage":8,"enemies":"4 Shapes","floor":37,"turns":13},{"damage":3,"enemies":"Maw","floor":39,"turns":8},{"damage":0,"enemies":"Giant Head","floor":41,"turns":6},{"damage":12,"enemies":"3 Darklings","floor":45,"turns":9},{"damage":0,"enemies":"4 Shapes","floor":46,"turns":7},{"damage":12,"enemies":"Maw","floor":47,"turns":7},{"damage":0,"enemies":"3 Darklings","floor":48,"turns":7},{"damage":10,"enemies":"Awakened One","floor":50,"turns":8}],"event_choices":[{"event_name":"The Cleric","player_choice":"Leave","floor":2,"damage_taken":0},{"event_name":"Accursed Blacksmith","player_choice":"Forge","floor":14,"damage_taken":0},{"event_name":"Ghosts","player_choice":"Ignored","floor":19,"damage_taken":0},{"event_name":"Beggar","player_choice":"Gave Gold","floor":20,"damage_taken":0},{"event_name":"The Library","player_choice":"Read","floor":28,"damage_taken":0},{"event_name":"Addict","player_choice":"Ignored","floor":30,"damage_taken":0},{"event_name":"Winding Halls","player_choice":"Embrace Madness","floor":38,"damage_taken":0}],"boss_relics":[{"not_picked":["Eternal Feather","Pandora\u0027s Box"],"picked":"Runic Dome"},{"not_picked":["Orrery","Runic Pyramid"],"picked":"Black Blood"}],"potions_floor_spawned":[5,6,8,12,16,18,24,35,41,45],"seed_played":"941410283536203575","ascension_level":0,"is_trial":false}