{"path_per_floor":["M","?","M","$","?","R","E","R","T","M","E","R","$","?","R","B",null,"M","?","M","M","?","R","E","$","T","$","M","E","R","M","R","B",null,"M","M","?","M","M","R","M","$","T","R","M","R","?","M","R","B"],"character_chosen":"IRONCLAD","items_purchased":["Metallicize","Inflame","Thread and Needle"],"gold_per_floor":[110,110,128,53,53,53,88,88,88,104,130,130,30,30,30,150,150,174,174,190,202,202,202,229,67,117,83,97,123,123,143,143,243,243,256,266,266,285,299,299,313,14,14,14,24,24,0,10,10,10],"floor_reached":51,"campfire_rested":2,"playtime":1490,"current_hp_per_floor":[87,69,75,75,75,75,69,69,69,75,68,68,68,46,46,24,88,83,83,88,88,88,88,88,88,88,88,88,88,88,88,88,68,88,88,88,88,64,61,61,72,72,72,72,79,88,88,88,88,88],"items_purged":["Strike_R","Strike_R","Strike_R"],"gold":10,"score":745,"play_id":"7dd75a1b-2e80-48c1-b61b-80106a0bb71e","local_time":"20180413030157","is_prod":false,"is_daily":false,"is_ascension_mode":false,"campfire_upgraded":9,"timestamp":1523581317,"path_taken":["M","?","M","?","?","R","E","R","T","M","E","R","$","?","R","BOSS","M","?","M","M","?","R","E","?","T","$","M","E","R","M","R","BOSS","M","M","?","M","M","R","?","$","T","R","M","R","?","M","R","BOSS"],"build_version":"2018-04-05v2","purchased_purges":3,"victory":true,"master_deck":["Strike_R+1","Defend_R+1","Defend_R+1","Defend_R+1","Bash+1","Shrug It Off+1","True Grit+1","Whirlwind+1","Offering+1","Flex+1","Body Slam+1","Metallicize+1","Inflame+1","Limit Break+1","Exhume+1","Inflame+1"],"max_hp_per_floor":[88,88,88,88,88,88,88,88,88,88,88,88,88,88,88,88,88,88,88,88,88,88,88,88,88,88,88,88,88,88,88,88,88,88,88,88,88,88,88,88,88,88,88,88,88,88,88,88,88,88],"relics":["Black Blood","Ornamental Fan","Bag of Marbles","Art of War","Bloody Idol","Blue Candle","War Paint","Whetstone","Mark of Pain","Thread and Needle","Pen Nib","Red Mask"],"card_choices":[{"not_picked":["Burning Pact","Body Slam"],"picked":"Shrug It Off","floor":1},{"not_picked":["Pummel","Uppercut"],"picked":"True Grit","floor":7},{"not_picked":["Exhume","Combust"],"picked":"Whirlwind","floor":10},{"not_picked":["Immolate","Bludgeon"],"picked":"Offering","floor":16},{"not_picked":["Heavy Blade","Burning Pact"],"picked":"Flex","floor":20},{"not_picked":["Iron Wave","Shrug It Off"],"picked":"Body Slam","floor":21},{"not_picked":["Berserk","Barricade"],"picked":"Limit Break","floor":33},{"not_picked":["Heavy Blade","Perfected Strike"],"picked":"Exhume","floor":39},{"not_picked":["Havoc","Sword Boomerang"],"picked":"Inflame","floor":41}],"player_experience":1738351,"potions_floor_usage":[11,21,31,50,50,50],"damage_taken":[{"damage":7,"enemies":"2 Louse","floor":1,"turns":3},{"damage":0,"enemies":"Small Slimes","floor":3,"turns":5},{"damage":12,"enemies":"3 Sentries","floor":7,"turns":11},{"damage":0,"enemies":"Cultist","floor":10,"turns":2},{"damage":13,"enemies":"Lagavulin","floor":11,"turns":10},{"damage":28,"enemies":"Slime Boss","floor":16,"turns":17},{"damage":15,"enemies":"Shell Parasite","floor":18,"turns":17},{"damage":4,"enemies":"2 Thieves","floor":20,"turns":1},{"damage":4,"enemies":"Snecko","floor":21,"turns":5},{"damage":4,"enemies":"Slavers","floor":24,"turns":1},{"damage":4,"enemies":"Sentry and Sphere","floor":28,"turns":1},{"damage":6,"enemies":"Book of Stabbing","floor":29,"turns":5},{"damage":5,"enemies":"Centurion and Healer","floor":31,"turns":5},{"damage":35,"enemies":"Collector","floor":33,"turns":9},{"damage":6,"enemies":"3 Darklings","floor":35,"turns":3},{"damage":6,"enemies":"Orb Walker","floor":36,"turns":2},{"damage":39,"enemies":"Maw","floor":38,"turns":6},{"damage":18,"enemies":"Sphere and 2 Shapes","floor":39,"turns":4},{"damage":4,"enemies":"3 Darklings","floor":41,"turns":2},{"damage":8,"enemies":"Maw","floor":45,"turns":4},{"damage":8,"enemies":"4 Shapes","floor":48,"turns":1},{"damage":9,"enemies":"Awakened One","floor":50,"turns":5}],"event_choices":[{"event_name":"Shining Light","player_choice":"Entered Light","floor":2,"damage_taken":0},{"event_name":"Liars Game","player_choice":"disagreed","floor":5,"damage_taken":0},{"event_name":"Golden Idol","player_choice":"Take Damage","floor":14,"damage_taken":0},{"event_name":"Forgotten Altar","player_choice":"Gave Idol","floor":19,"damage_taken":0},{"event_name":"Back to Basics","player_choice":"Elegance","floor":22,"damage_taken":0},{"event_name":"Purifier","player_choice":"One Purge","floor":37,"damage_taken":0},{"event_name":"Tomb of Lord Red Mask","player_choice":"Paid","floor":47,"damage_taken":0}],"boss_relics":[{"not_picked":["Black Star","Snecko Eye"],"picked":"Black Blood"},{"not_picked":["Calling Bell","Pandora\u0027s Box"],"picked":"Mark of Pain"}],"potions_floor_spawned":[1,7,10,20,21,29,33,36,39,41,48],"seed_played":"9185818450761912863","ascension_level":0,"is_trial":false}