{"path_per_floor":["M","M","M","?","$","R","E","R","T","?","M","E","M","M","R","B",null,"M","M","M","M","$","E","R","M","T","R","$","R","E","M","R","B",null,"M","?","?","M","M","E","R","M","T","M","R","M","R","$","R","B"],"character_chosen":"IRONCLAD","items_purchased":["War Paint","Vajra","Limit Break","Strength Potion"],"gold_per_floor":[13,31,47,47,47,47,73,73,120,120,140,172,192,202,202,297,297,317,329,339,355,129,163,163,175,175,175,19,19,47,57,57,161,161,178,178,178,194,213,239,239,254,300,311,311,328,328,32,32,32],"floor_reached":51,"campfire_rested":1,"playtime":3307,"current_hp_per_floor":[96,96,96,77,77,77,47,47,47,47,46,46,48,54,54,49,96,96,88,75,81,81,59,59,42,42,42,42,70,72,72,72,54,96,89,79,79,81,87,81,81,75,82,87,87,94,94,94,94,71],"items_purged":["Strike_R","Strike_R"],"gold":32,"score":781,"play_id":"bab1b4cc-2760-436e-a0b2-02ea67c471fd","local_time":"20180411063458","is_prod":false,"is_daily":false,"is_ascension_mode":false,"campfire_upgraded":10,"timestamp":1523421298,"path_taken":["M","?","M","?","$","R","E","R","T","?","M","E","M","M","R","BOSS","M","?","M","M","?","E","R","M","T","R","$","R","E","M","R","BOSS","M","?","?","M","M","E","R","M","T","?","R","M","R","?","R","BOSS"],"build_version":"2018-04-05v2","purchased_purges":2,"victory":true,"master_deck":["Strike_R+1","Strike_R","Defend_R+1","Defend_R","Defend_R+1","Defend_R","Bash+1","Intimidate+1","Spot Weakness+1","Shrug It Off+1","Sword Boomerang+1","Iron Wave","Flame Barrier+1","True Grit+1","Warcry+1","Offering","Shrug It Off+1","Offering","Whirlwind+1","Master of Strategy","Flame Barrier+1","Heavy Blade+1","Spot Weakness+1","Flex+1","Limit Break+1"],"max_hp_per_floor":[96,96,96,96,96,96,96,96,96,96,96,96,96,96,96,96,96,96,96,96,96,96,96,96,96,96,96,96,96,96,96,96,96,96,96,96,96,96,96,96,96,96,103,103,103,103,103,103,103,103],"relics":["Burning Blood","Bag of Marbles","Happy Flower","Lantern","Lizard Tail","War Paint","Mercury Hourglass","Unceasing Top","Vajra","Prayer Wheel","Philosopher\u0027s Stone","Magic Flower","Strawberry"],"card_choices":[{"not_picked":["Flex","Searing Blow"],"picked":"Headbutt","floor":1},{"not_picked":["Anger","Havoc"],"picked":"Intimidate","floor":2},{"not_picked":["Dual Wield","Fire Breathing"],"picked":"Spot Weakness","floor":7},{"not_picked":["Pommel Strike","Clothesline"],"picked":"Shrug It Off","floor":11},{"not_picked":["Warcry","Pommel Strike"],"picked":"Sword Boomerang","floor":13},{"not_picked":["Reckless Charge","Flex"],"picked":"Iron Wave","floor":14},{"not_picked":["Havoc","Seeing Red"],"picked":"Flame Barrier","floor":19},{"not_picked":["Corruption","Warcry"],"picked":"True Grit","floor":20},{"not_picked":["Wild Strike","Twin Strike"],"picked":"Warcry","floor":21},{"not_picked":["Feel No Pain","Hemokinesis"],"picked":"Offering","floor":23},{"not_picked":["Cleave","Blood for Blood"],"picked":"Shrug It Off","floor":30},{"not_picked":["Immolate","Fiend Fire"],"picked":"Offering","floor":33},{"not_picked":["True Grit","Armaments"],"picked":"Whirlwind","floor":35},{"not_picked":["Apotheosis","Dark Shackles"],"picked":"Master of Strategy","floor":36},{"not_picked":["Carnage","Combust"],"picked":"Flame Barrier","floor":39},{"not_picked":["Cleave","Body Slam"],"picked":"Heavy Blade","floor":40},{"not_picked":["Havoc","True Grit"],"picked":"Spot Weakness","floor":42},{"not_picked":["Pommel Strike","Havoc"],"picked":"Flex","floor":44}],"player_experience":1717375,"potions_floor_usage":[18,20,21,23,33,35,40,40,50,50,50],"damage_taken":[{"damage":1,"enemies":"Cultist","floor":1,"turns":3},{"damage":1,"enemies":"Jaw Worm","floor":2,"turns":3},{"damage":2,"enemies":"Small Slimes","floor":3,"turns":4},{"damage":36,"enemies":"Lagavulin","floor":7,"turns":7},{"damage":7,"enemies":"Exordium Wildlife","floor":11,"turns":3},{"damage":6,"enemies":"3 Sentries","floor":12,"turns":8},{"damage":4,"enemies":"Blue Slaver","floor":13,"turns":2},{"damage":0,"enemies":"Gremlin Gang","floor":14,"turns":3},{"damage":11,"enemies":"The Guardian","floor":16,"turns":8},{"damage":0,"enemies":"Chosen","floor":18,"turns":4},{"damage":14,"enemies":"Spheric Guardian","floor":19,"turns":4},{"damage":19,"enemies":"Cultist and Chosen","floor":20,"turns":8},{"damage":15,"enemies":"Slaver and Parasite","floor":21,"turns":8},{"damage":28,"enemies":"Slavers","floor":23,"turns":6},{"damage":23,"enemies":"Sentry and Sphere","floor":25,"turns":6},{"damage":4,"enemies":"Gremlin Leader","floor":30,"turns":4},{"damage":6,"enemies":"Snecko","floor":31,"turns":5},{"damage":72,"enemies":"Automaton","floor":33,"turns":14},{"damage":13,"enemies":"3 Darklings","floor":35,"turns":4},{"damage":4,"enemies":"Orb Walker","floor":38,"turns":3},{"damage":0,"enemies":"4 Shapes","floor":39,"turns":2},{"damage":12,"enemies":"Nemesis","floor":40,"turns":5},{"damage":15,"enemies":"Maw","floor":42,"turns":6},{"damage":4,"enemies":"Sphere and 2 Shapes","floor":44,"turns":1},{"damage":2,"enemies":"4 Shapes","floor":46,"turns":5},{"damage":32,"enemies":"Time Eater","floor":50,"turns":5}],"event_choices":[{"event_name":"Shining Light","player_choice":"Entered Light","floor":4,"damage_taken":0},{"event_name":"Living Wall","player_choice":"Forget","floor":10,"damage_taken":0},{"event_name":"SensoryStone","player_choice":"Memory 3","floor":36,"damage_taken":0}],"boss_relics":[{"not_picked":["Runic Dome","Mark of Pain"],"picked":"Lizard Tail"},{"not_picked":["White Beast Statue","Tiny House"],"picked":"Philosopher\u0027s Stone"}],"potions_floor_spawned":[2,11,12,13,14,19,21,25,31,33,39,40,42],"seed_played":"-4779862356407419986","ascension_level":0,"is_trial":false}