{"path_per_floor":["M","?","?","M","$","E","R","?","T","R","E","?","E","?","R","B",null,"M","M","?","$","M","R","E","R","T","R","$","R","M","?","R","B",null,"M","M","?","M","?","R","M","R","T","R","$","?","?","E","R","B"],"character_chosen":"IRONCLAD","items_purchased":["Rage","Brutality","Block Potion"],"gold_per_floor":[118,68,68,88,13,48,48,48,72,72,106,130,156,156,156,253,253,268,284,284,149,162,162,197,197,224,224,99,99,111,111,111,216,216,235,254,254,273,273,273,292,292,346,346,9,9,9,38,38,38],"floor_reached":51,"campfire_rested":3,"playtime":2176,"current_hp_per_floor":[84,84,84,90,90,81,81,81,81,81,74,77,66,71,71,22,101,95,101,101,101,98,98,23,68,68,68,68,68,77,57,103,69,106,106,89,106,106,93,93,103,103,103,103,103,93,93,41,88,52],"items_purged":["Defend_R","Defend_R","Bash","Searing Blow"],"gold":38,"score":730,"play_id":"6af5f5dd-d6ae-475f-b9ec-51b2cb200bd7","local_time":"20180408152955","is_prod":false,"is_daily":false,"is_ascension_mode":false,"campfire_upgraded":9,"timestamp":1523194195,"path_taken":["M","?","?","M","$","E","R","?","T","R","E","?","E","?","R","BOSS","M","M","?","$","M","R","E","R","T","R","$","R","M","?","R","BOSS","M","M","?","M","?","R","M","R","T","R","$","?","?","E","R","BOSS"],"build_version":"2018-04-05v2","purchased_purges":4,"victory":true,"master_deck":["Strike_R","Strike_R","Strike_R","Shrug It Off+1","Rage+1","Rage+1","Iron Wave","True Grit+1","Disarm","Demon Form+1","Twin Strike+1","Rage+1","Barricade+1","Pummel+1","Sword Boomerang+1","Madness+1","Madness+1","Warcry+1","Shrug It Off+1","Brutality","Panacea","Blind","Master of Strategy"],"max_hp_per_floor":[96,96,96,96,96,96,96,96,96,96,96,96,96,101,101,101,101,101,101,101,101,101,101,101,101,101,101,101,101,101,106,106,106,106,106,106,106,106,106,106,106,106,106,106,106,106,106,108,108,108],"relics":["Black Blood","Juzu Bracelet","Bag of Marbles","Omamori","Odd Mushroom","Regal Pillow","Charon\u0027s Ashes","Art of War","Prayer Wheel","Astrolabe","Singing Bowl","Blood Vial"],"card_choices":[{"not_picked":["Clash","Corruption"],"picked":"Shrug It Off","floor":1.0},{"not_picked":["Evolve","Second Wind"],"picked":"Rage","floor":4.0},{"not_picked":["Twin Strike","Reckless Charge"],"picked":"Iron Wave","floor":6.0},{"not_picked":["Exhume","Havoc"],"picked":"True Grit","floor":11.0},{"not_picked":["Clash","True Grit"],"picked":"Disarm","floor":13.0},{"not_picked":["Double Tap","Impervious"],"picked":"Demon Form","floor":16.0},{"not_picked":["Headbutt","Armaments"],"picked":"Twin Strike","floor":18.0},{"not_picked":["Juggernaut","Impervious"],"picked":"Barricade","floor":33.0},{"not_picked":["Clothesline","Inflame"],"picked":"Sword Boomerang","floor":35.0},{"not_picked":["Rupture","Twin Strike"],"picked":"Warcry","floor":41},{"not_picked":["Clash","Anger"],"picked":"Shrug It Off","floor":43},{"not_picked":["Purity","Jack Of All Trades"],"picked":"Panacea","floor":46},{"not_picked":["Mind Blast","Deep Breath"],"picked":"Blind","floor":46},{"not_picked":["Purity","Bandage Up"],"picked":"Master of Strategy","floor":46}],"player_experience":1688106,"potions_floor_usage":[41,41,48,48,48],"damage_taken":[{"damage":18.0,"enemies":"Jaw Worm","floor":1.0,"turns":6.0},{"damage":0.0,"enemies":"2 Louse","floor":4.0,"turns":3.0},{"damage":15.0,"enemies":"Gremlin Nob","floor":6.0,"turns":4.0},{"damage":13.0,"enemies":"Lagavulin","floor":11.0,"turns":9.0},{"damage":3.0,"enemies":"The Mushroom Lair","floor":12.0,"turns":5.0},{"damage":17.0,"enemies":"Gremlin Nob","floor":13.0,"turns":5.0},{"damage":55.0,"enemies":"Slime Boss","floor":16.0,"turns":28.0},{"damage":16.0,"enemies":"Spheric Guardian","floor":18.0,"turns":8.0},{"damage":0.0,"enemies":"Chosen","floor":19.0,"turns":6.0},{"damage":13.0,"enemies":"Centurion and Healer","floor":22.0,"turns":7.0},{"damage":85.0,"enemies":"Gremlin Leader","floor":24.0,"turns":10.0},{"damage":1.0,"enemies":"Snake Plant","floor":30.0,"turns":8.0},{"damage":44.0,"enemies":"Collector","floor":33.0,"turns":11.0},{"damage":8.0,"enemies":"3 Shapes","floor":35.0,"turns":6.0},{"damage":27,"enemies":"3 Darklings","floor":36,"turns":10},{"damage":2,"enemies":"4 Shapes","floor":38,"turns":6},{"damage":0,"enemies":"Maw","floor":41,"turns":6},{"damage":64,"enemies":"2 Orb Walkers","floor":48,"turns":7},{"damage":48,"enemies":"Time Eater","floor":50,"turns":11}],"event_choices":[{"event_name":"The Cleric","player_choice":"Card Removal","floor":2.0,"damage_taken":0.0},{"event_name":"Transmorgrifier","player_choice":"Transform","floor":3.0,"damage_taken":0.0},{"event_name":"Liars Game","player_choice":"disagreed","floor":8.0,"damage_taken":0.0},{"event_name":"Mushrooms","player_choice":"Fought Mushrooms","floor":12.0,"damage_taken":0.0},{"event_name":"Big Fish","player_choice":"Donut","floor":14.0,"damage_taken":0.0},{"event_name":"The Mausoleum","player_choice":"Yes","floor":20.0,"damage_taken":0.0},{"event_name":"Forgotten Altar","player_choice":"Shed Blood","floor":31.0,"damage_taken":0.0},{"event_name":"Bonfire Elementals","player_choice":"UNCOMMON","floor":37,"damage_taken":0},{"event_name":"Winding Halls","player_choice":"Embrace Madness","floor":39,"damage_taken":0},{"event_name":"SensoryStone","player_choice":"Memory 3","floor":46,"damage_taken":0},{"event_name":"Mysterious Sphere","player_choice":"Ignore","floor":47,"damage_taken":0}],"boss_relics":[],"potions_floor_spawned":[1,4,12,13,18,24,30,33,35,36,41],"seed_played":"-8835370519452398286","ascension_level":0,"is_trial":false}