{"path_per_floor":["M","?","?","M","?","E","R","M","T","$","?","E","M","M","R","B",null,"M","?","M","?","?","E","M","R","T","M","?","$","R","M","R","B",null,"M","?","?","?","?","R","E","R","T","M","M","M","R","$","R","B"],"character_chosen":"IRONCLAD","items_purchased":["Singing Bowl","Lantern","Block Potion"],"gold_per_floor":[20,20,20,36,36,71,71,84,84,9,9,37,47,60,60,156,186,197,247,265,265,265,300,318,318,345,361,361,116,116,130,130,230,230,241,241,241,241,241,241,267,267,321,337,353,366,366,39,39,39],"floor_reached":51,"campfire_rested":0,"playtime":1737,"current_hp_per_floor":[76,76,81,85,85,73,73,69,69,69,62,34,40,46,46,20,90,77,77,84,84,84,92,102,102,102,106,106,106,106,112,112,114,114,116,108,108,93,93,93,101,101,103,117,125,134,134,134,134,134],"items_purged":["Bash","Strike_R","Defend_R"],"gold":39,"score":878,"play_id":"3c656d5b-1da4-46b8-9490-e9e6be51bd44","local_time":"20180412093115","is_prod":false,"is_daily":false,"is_ascension_mode":false,"campfire_upgraded":9,"timestamp":1523518275,"path_taken":["M","?","?","?","?","E","R","M","T","?","?","E","?","M","R","BOSS","M","?","M","?","?","E","M","R","T","?","?","$","R","M","R","BOSS","M","?","?","?","?","R","E","R","T","?","M","M","R","$","R","BOSS"],"build_version":"2018-04-05v2","purchased_purges":3,"victory":true,"master_deck":["Defend_R","Defend_R","Defend_R","Shrug It Off+1","Impervious+1","Spot Weakness","Body Slam+1","Shrug It Off+1","Feel No Pain","Feed+1","Disarm+1","Body Slam+1","Entrench+1","Ghostly Armor+1","Evolve+1","Disarm+1","Master of Strategy","Blind+1","Madness+1","Madness+1","Shrug It Off+1"],"max_hp_per_floor":[80,80,85,85,85,85,85,85,85,85,85,85,85,85,85,85,90,90,90,94,94,94,98,102,102,102,106,106,106,106,112,112,114,114,116,118,118,118,118,118,120,120,122,128,128,134,134,134,134,134],"relics":["Burning Blood","Calipers","Art of War","Prayer Wheel","Matryoshka","Tiny House","Anchor","Orichalcum","Bronze Scales","Singing Bowl","Astrolabe","Bag of Preparation","Letter Opener","Blood Vial","Lantern"],"card_choices":[{"not_picked":["Flame Barrier","Corruption"],"picked":"Shrug It Off","floor":1},{"not_picked":["Twin Strike","Barricade"],"picked":"Impervious","floor":6},{"not_picked":["Havoc","Clothesline"],"picked":"Spot Weakness","floor":8},{"not_picked":["Clash","Havoc"],"picked":"Body Slam","floor":12},{"not_picked":["Iron Wave","Heavy Blade"],"picked":"Shrug It Off","floor":13},{"not_picked":["Thunderclap","True Grit"],"picked":"Feel No Pain","floor":14},{"not_picked":["Brutality","Limit Break"],"picked":"Feed","floor":16},{"not_picked":["True Grit","Body Slam"],"picked":"Disarm","floor":17},{"not_picked":["Sword Boomerang","Heavy Blade"],"picked":"Body Slam","floor":20},{"not_picked":["Warcry","Flex"],"picked":"Ghostly Armor","floor":24},{"not_picked":["Madness","Transmutation"],"picked":"Master of Strategy","floor":36},{"not_picked":["Swift Strike","Apotheosis"],"picked":"Blind","floor":36},{"not_picked":["Dark Embrace","Warcry"],"picked":"Shrug It Off","floor":45}],"player_experience":1731835,"potions_floor_usage":[6,6,12,23,23,23,41,50,50],"damage_taken":[{"damage":10,"enemies":"Jaw Worm","floor":1,"turns":5},{"damage":2,"enemies":"2 Louse","floor":4,"turns":3},{"damage":18,"enemies":"Gremlin Nob","floor":6,"turns":4},{"damage":10,"enemies":"Small Slimes","floor":8,"turns":5},{"damage":34,"enemies":"Lagavulin","floor":12,"turns":10},{"damage":0,"enemies":"Gremlin Gang","floor":13,"turns":5},{"damage":0,"enemies":"3 Louse","floor":14,"turns":4},{"damage":32,"enemies":"The Guardian","floor":16,"turns":15},{"damage":19,"enemies":"Chosen","floor":18,"turns":7},{"damage":3,"enemies":"Shell Parasite","floor":20,"turns":7},{"damage":17,"enemies":"Slavers","floor":23,"turns":9},{"damage":0,"enemies":"Centurion and Healer","floor":24,"turns":6},{"damage":0,"enemies":"Snake Plant","floor":27,"turns":3},{"damage":0,"enemies":"Chosen and Byrds","floor":31,"turns":7},{"damage":1,"enemies":"Automaton","floor":33,"turns":10},{"damage":0,"enemies":"3 Darklings","floor":35,"turns":6},{"damage":0,"enemies":"2 Orb Walkers","floor":41,"turns":5},{"damage":0,"enemies":"3 Shapes","floor":44,"turns":3},{"damage":0,"enemies":"3 Darklings","floor":45,"turns":5},{"damage":0,"enemies":"Maw","floor":46,"turns":6},{"damage":0,"enemies":"Time Eater","floor":50,"turns":6}],"event_choices":[{"event_name":"The Cleric","player_choice":"Leave","floor":2,"damage_taken":0},{"event_name":"Big Fish","player_choice":"Donut","floor":3,"damage_taken":0},{"event_name":"Liars Game","player_choice":"disagreed","floor":5,"damage_taken":0},{"event_name":"Golden Wing","player_choice":"Card Removal","floor":11,"damage_taken":0},{"event_name":"The Joust","player_choice":"Bet on Murderer","floor":19,"damage_taken":0},{"event_name":"Upgrade Shrine","player_choice":"Upgraded","floor":21,"damage_taken":0},{"event_name":"The Library","player_choice":"Read","floor":22,"damage_taken":0},{"event_name":"Cursed Tome","player_choice":"Ignored","floor":28,"damage_taken":0},{"event_name":"SensoryStone","player_choice":"Memory 3","floor":36,"damage_taken":0},{"event_name":"Tomb of Lord Red Mask","player_choice":"Ignored","floor":37,"damage_taken":0},{"event_name":"Winding Halls","player_choice":"Embrace Madness","floor":38,"damage_taken":0}],"boss_relics":[{"not_picked":["Runic Cube","Eternal Feather"],"picked":"Tiny House"},{"not_picked":["Black Blood","White Beast Statue"],"picked":"Astrolabe"}],"potions_floor_spawned":[1,4,8,13,16,20,27,31,46],"seed_played":"1725633499014197192","ascension_level":0,"is_trial":false}