{"path_per_floor":["M","?","M","M","M","E","?","E","T","M","T","M","?","M","R"],"character_chosen":"IRONCLAD","items_purchased":[],"gold_per_floor":[119,119,136,151,163,189,189,229,229,245,272,297,377,396,396],"floor_reached":16,"campfire_rested":1,"playtime":1015,"current_hp_per_floor":[80,80,71,69,70,40,40,31,31,26,26,28,10,16,40],"items_purged":[],"gold":396,"play_id":"d0930c97-58ac-448e-9e3c-59848862377e","is_prod":false,"is_daily":false,"campfire_rituals":0,"campfire_upgraded":0,"is_hardmode":false,"path_taken":["M","?","?","M","M","E","?","E","T","M","?","M","?","M","R","BOSS"],"build_version":"2017-12-21-PROD1","purchased_purges":0,"victory":false,"master_deck":["Strike_R","Strike_R","Strike_R","Strike_R","Strike_R","Defend_R","Defend_R","Bash","Flex","Dropkick","Pummel","Rampage","Cleave","Seeing Red","Cleave","Injury","Cleave","Uppercut","Pommel Strike","Pummel"],"max_hp_per_floor":[80,80,80,80,80,80,80,80,80,80,80,80,80,80,80],"relics":["Burning Blood","Paper Frog","Golden Idol","Shovel","Vajra","Orichalcum","Bottled Lightning"],"campfire_meditates":0,"card_choices":[{"not_picked":["Uppercut","Second Wind"],"picked":"Dropkick"},{"not_picked":["Searing Blow","Perfected Strike"],"picked":"Rampage"},{"not_picked":["Metallicize","Heavy Blade"],"picked":"Cleave"},{"not_picked":["Evolve","Brutality"],"picked":"Seeing Red"},{"not_picked":["Body Slam","Flame Barrier"],"picked":"Cleave"},{"not_picked":["True Grit","Anger"],"picked":"Cleave"},{"not_picked":["Havoc","Hemokinesis"],"picked":"Uppercut"},{"not_picked":["Body Slam","Sword Boomerang"],"picked":"Pommel Strike"},{"not_picked":["Inflame","Rampage"],"picked":"Pummel"}],"player_experience":42051,"potions_floor_usage":[8,8,13,16,16],"damage_taken":[{"damage":5,"enemies":"Cultist","floor":1,"turns":4},{"damage":15,"enemies":"Looter","floor":3,"turns":3},{"damage":8,"enemies":"Jaw Worm","floor":4,"turns":3},{"damage":5,"enemies":"Lots of Slimes","floor":5,"turns":2},{"damage":36,"enemies":"Lagavulin","floor":6,"turns":4},{"damage":15,"enemies":"Gremlin Nob","floor":8,"turns":4},{"damage":11,"enemies":"Large Slime","floor":10,"turns":3},{"damage":4,"enemies":"Exordium Thugs","floor":12,"turns":3},{"damage":24,"enemies":"Lagavulin Event","floor":13,"turns":4},{"damage":0,"enemies":"Exordium Wildlife","floor":14,"turns":2},{"damage":45,"enemies":"The Guardian","floor":16,"turns":7}],"event_choices":[{"event_name":"Living Wall","player_choice":"Change","floor":2,"damage_taken":0},{"event_name":"Golden Idol","player_choice":"Take Wound","floor":7,"damage_taken":0},{"event_name":"Dead Adventurer","player_choice":"Searched \u00271\u0027 times","floor":13,"damage_taken":0}],"boss_relics":[],"potions_floor_spawned":[1,4,6,8,13,14],"seed_played":"3444287334881036085","killed_by":"The Guardian","is_trial":false}