{"path_per_floor":["M","?","M","M","?","R","$","M","T","M","?","$","M","M","R","B",null,"M","M","?","$","?"],"character_chosen":"IRONCLAD","items_purchased":["Bottled Lightning","Cleave","Dramatic Entrance"],"gold_per_floor":[117,292,309,320,320,320,5,23,47,61,61,13,28,41,41,161,161,174,197,197,102,2],"floor_reached":23,"campfire_rested":2,"playtime":1328,"current_hp_per_floor":[80,80,80,72,56,80,80,78,78,58,58,58,56,56,80,41,80,39,38,38,38,38],"items_purged":["Corruption"],"gold":2,"play_id":"b71fe0aa-fd7a-40bd-8079-35f12f0ae43d","is_prod":false,"is_daily":false,"campfire_rituals":0,"campfire_upgraded":0,"is_hardmode":false,"path_taken":["M","?","M","?","?","R","$","M","T","?","?","$","M","M","R","BOSS","M","M","?","$","?","E"],"build_version":"2017-12-21-PROD1","purchased_purges":1,"victory":false,"master_deck":["Strike_R","Strike_R","Strike_R","Strike_R","Strike_R","Defend_R","Defend_R","Defend_R","Defend_R","Uppercut","Doubt","Spot Weakness","Twin Strike","Flex","Flex","Injury","Cleave","Reaper","Flex","Reaper","Perfected Strike","Metallicize","Dramatic Entrance","J.A.X."],"max_hp_per_floor":[80,80,80,80,80,80,80,80,80,80,80,80,80,80,80,80,80,80,80,80,80,80],"relics":["Black Blood","Golden Idol","Bottled Lightning","Bag of Marbles"],"campfire_meditates":0,"card_choices":[{"not_picked":["Heavy Blade","Shrug It Off"],"picked":"Uppercut"},{"not_picked":["Pommel Strike","Clash"],"picked":"Spot Weakness"},{"not_picked":["Dual Wield","Clash"],"picked":"Twin Strike"},{"not_picked":["Clash","Cleave"],"picked":"Flex"},{"not_picked":["Battle Trance","Rupture"],"picked":"Flex"},{"not_picked":["Flex","Clothesline"],"picked":"Reaper"},{"not_picked":["Cleave","Searing Blow"],"picked":"Flex"},{"not_picked":["Bludgeon","Brutality"],"picked":"Reaper"},{"not_picked":["Twin Strike","Thunderclap"],"picked":"Perfected Strike"},{"not_picked":["Body Slam","Flex"],"picked":"Metallicize"}],"player_experience":10534,"potions_floor_usage":[23,23],"damage_taken":[{"damage":6,"enemies":"Jaw Worm","floor":1,"turns":5},{"damage":2,"enemies":"Cultist","floor":3,"turns":4},{"damage":14,"enemies":"Blue Slaver","floor":4,"turns":5},{"damage":8,"enemies":"2 Fungi Beasts","floor":8,"turns":5},{"damage":26,"enemies":"Exordium Wildlife","floor":10,"turns":5},{"damage":8,"enemies":"Red Slaver","floor":13,"turns":2},{"damage":14,"enemies":"Large Slime","floor":14,"turns":5},{"damage":59,"enemies":"Slime Boss","floor":16,"turns":10},{"damage":51,"enemies":"Spheric Guardian","floor":18,"turns":7},{"damage":33,"enemies":"3 Byrds","floor":19,"turns":6},{"damage":38,"enemies":"Book of Stabbing","floor":23,"turns":3}],"event_choices":[{"event_name":"Liars Game","player_choice":"agreed","floor":2,"damage_taken":0},{"event_name":"Golden Idol","player_choice":"Take Damage","floor":5,"damage_taken":0},{"event_name":"Accursed Blacksmith","player_choice":"Forge","floor":11,"damage_taken":0},{"event_name":"Back to Basics","player_choice":"Simplicity","floor":20,"damage_taken":0},{"event_name":"Drug Dealer","player_choice":"Got JAXXED","floor":22,"damage_taken":0}],"boss_relics":[{"not_picked":["Tiny House","Orrery"],"picked":"Black Blood"}],"potions_floor_spawned":[1,10,13,14,19],"seed_played":"-4302974103163922713","killed_by":"Book of Stabbing","is_trial":false}