{"path_per_floor":["M","?","$","M","M","E","R","M","T","?","?","M","?","E","R","B",null,"M","$","?","?","?","R","M","$","T","M","M","?","M","E","R"],"character_chosen":"IRONCLAD","items_purchased":["Flex","Panache"],"gold_per_floor":[118,118,91,111,124,157,157,173,173,173,123,133,99,125,125,226,226,236,40,40,40,40,40,53,53,80,98,118,118,131,163,163],"floor_reached":33,"campfire_rested":3,"playtime":1928,"current_hp_per_floor":[80,68,68,72,73,43,67,54,54,54,54,33,33,11,50,16,83,54,54,54,82,60,60,60,60,60,42,52,37,46,50,78],"items_purged":[],"gold":163,"play_id":"1e097b44-203f-4d64-9b33-11e03da444c3","is_prod":false,"is_daily":false,"campfire_rituals":0,"campfire_upgraded":1,"is_hardmode":false,"path_taken":["M","?","$","M","M","E","R","M","T","?","?","?","?","E","R","BOSS","M","$","?","?","?","R","?","$","T","M","M","?","M","E","R","BOSS"],"build_version":"2017-12-21-PROD1","purchased_purges":0,"victory":false,"master_deck":["Defend_R","Defend_R","Defend_R","Defend_R","Bash","Sever Soul","Flex","Blood for Blood","Flex","Feed","Flame Barrier","Shrug It Off","Feed","Spot Weakness","Panache","Bite_R","Bite_R","Bite_R","Bite_R","Bite_R","Seeing Red","Thunderclap","Iron Wave","Sever Soul"],"max_hp_per_floor":[80,80,80,80,80,80,80,80,80,80,80,80,80,83,83,83,83,86,86,86,86,60,60,60,60,60,60,63,68,68,78,78],"relics":["Burning Blood","Bag of Preparation","Prayer Wheel","Regal Pillow","Ginger","Magic Flower","Lizard Tail","Anchor","Strawberry"],"campfire_meditates":0,"card_choices":[{"not_picked":["Reckless Charge","Metallicize"],"picked":"Sever Soul"},{"not_picked":["Shrug It Off","True Grit"],"picked":"Blood for Blood"},{"not_picked":["Shrug It Off","Anger"],"picked":"Flex"},{"not_picked":["Clash","Burning Pact"],"picked":"Feed"},{"not_picked":["Perfected Strike","Corruption"],"picked":"Flame Barrier"},{"not_picked":["Pommel Strike","Reckless Charge"],"picked":"Shrug It Off"},{"not_picked":["Juggernaut","Offering"],"picked":"Feed"},{"not_picked":["Rage","Pommel Strike"],"picked":"Spot Weakness"},{"not_picked":["Shrug It Off","Infernal Blade"],"picked":"Seeing Red"},{"not_picked":["Rage","Warcry"],"picked":"Thunderclap"},{"not_picked":["Corruption","Havoc"],"picked":"Iron Wave"},{"not_picked":["Burning Pact","Heavy Blade"],"picked":"Sever Soul"}],"player_experience":37364,"potions_floor_usage":[16,18,27,30,31,31,31],"damage_taken":[{"damage":6,"enemies":"Cultist","floor":1,"turns":3},{"damage":2,"enemies":"Looter","floor":4,"turns":5},{"damage":5,"enemies":"Jaw Worm","floor":5,"turns":4},{"damage":36,"enemies":"Lagavulin","floor":6,"turns":5},{"damage":19,"enemies":"2 Fungi Beasts","floor":8,"turns":3},{"damage":27,"enemies":"Exordium Wildlife","floor":12,"turns":4},{"damage":31,"enemies":"3 Sentries","floor":14,"turns":6},{"damage":43,"enemies":"Slime Boss","floor":16,"turns":9},{"damage":43,"enemies":"Shell Parasite","floor":18,"turns":10},{"damage":0,"enemies":"Chosen","floor":24,"turns":5},{"damage":32,"enemies":"Snake Plant","floor":27,"turns":3},{"damage":31,"enemies":"Centurion and Healer","floor":28,"turns":6},{"damage":12,"enemies":"Snecko","floor":30,"turns":5},{"damage":41,"enemies":"Slavers","floor":31,"turns":6},{"damage":192,"enemies":"Champ","floor":33,"turns":15}],"event_choices":[{"event_name":"Scrap Ooze","player_choice":"success","floor":2,"damage_taken":12},{"event_name":"Big Fish","player_choice":"Box","floor":10,"damage_taken":0},{"event_name":"The Cleric","player_choice":"Card Removal","floor":11,"damage_taken":0},{"event_name":"World of Goop","player_choice":"Left","floor":13,"damage_taken":0},{"event_name":"Beggar","player_choice":"Ignored","floor":20,"damage_taken":0},{"event_name":"The Library","player_choice":"Heal","floor":21,"damage_taken":0},{"event_name":"Vampires","player_choice":"Became a vampire","floor":22,"damage_taken":0},{"event_name":"Forgotten Altar","player_choice":"Shed Blood","floor":29,"damage_taken":0}],"boss_relics":[{"not_picked":["White Beast Statue","Runic Cube"],"picked":"Lizard Tail"}],"potions_floor_spawned":[1,5,6,18,24,28,30],"seed_played":"4995573193443852266","killed_by":"Champ","is_trial":false}