{"path_per_floor":["M","?","?","M","M","M","E","M","T","E","M","E","M","M","R","B",null,"M","M","M","M","$","E","R","?","T","M","?","?","E","M","R","B",null,"M","?","M","M","?"],"character_chosen":"IRONCLAD","items_purchased":["Ornamental Fan","Panache"],"gold_per_floor":[19,19,19,37,52,77,112,128,128,166,191,230,243,257,257,385,385,406,422,437,452,18,62,62,62,86,104,29,29,65,80,80,210,210,225,0,16,39,39],"floor_reached":40,"campfire_rested":0,"playtime":2676,"current_hp_per_floor":[76,76,76,70,64,64,45,53,53,25,60,57,77,71,71,11,87,70,61,70,56,56,59,59,59,59,59,59,43,29,60,60,57,87,62,62,54,34,34],"items_purged":[],"gold":39,"play_id":"4ded1417-ac21-4647-95e2-fc0f6b7d731c","is_prod":false,"is_daily":false,"campfire_rituals":0,"campfire_upgraded":0,"is_hardmode":false,"path_taken":["M","?","?","M","M","M","E","M","T","E","M","E","M","M","R","BOSS","M","M","M","?","$","E","R","?","T","M","?","?","E","?","R","BOSS","M","?","M","M","?","E"],"build_version":"2017-12-21-PROD1","purchased_purges":0,"victory":false,"master_deck":["Strike_R","Strike_R","Strike_R","Strike_R","Defend_R","Defend_R","Defend_R","Defend_R","Bash","Reaper","Spot Weakness","Injury","Thunderclap","Spot Weakness","Clothesline","Flex","Double Tap","Rampage","Thunderclap","Blood for Blood","Infernal Blade","Double Tap","Shockwave","Thunderclap","Pommel Strike","Flame Barrier","Panache","Iron Wave","Writhe","Uppercut","Anger","Double Tap","Clumsy","Body Slam","Battle Trance","Thunderclap"],"max_hp_per_floor":[80,80,80,80,80,80,80,80,80,80,80,87,87,87,87,87,87,87,87,87,87,87,87,87,87,87,87,87,87,87,87,87,87,87,87,87,87,87,87],"relics":["Burning Blood","Mercury Hourglass","Golden Idol","Happy Flower","Shovel","Bronze Scales","Strawberry","Toxic Egg","Cursed Key","Ornamental Fan","Bag of Preparation","Dream Catcher","Anchor","Enchiridion","Meat on the Bone","War Paint","Black Star","Red Mask"],"campfire_meditates":0,"card_choices":[{"not_picked":["Dark Embrace","Berserk"],"picked":"Reaper"},{"not_picked":["Heavy Blade","Searing Blow"],"picked":"Spot Weakness"},{"not_picked":["Reckless Charge","Sword Boomerang"],"picked":"Thunderclap"},{"not_picked":["Sword Boomerang","Offering"],"picked":"Spot Weakness"},{"not_picked":["Evolve","Dual Wield"],"picked":"Clothesline"},{"not_picked":["True Grit","Iron Wave"],"picked":"Flex"},{"not_picked":["Rupture","Dropkick"],"picked":"Double Tap"},{"not_picked":["Shockwave","True Grit"],"picked":"Rampage"},{"not_picked":["Dual Wield","Rampage"],"picked":"Thunderclap"},{"not_picked":["Bludgeon","Rampage"],"picked":"Blood for Blood"},{"not_picked":["Rage","Perfected Strike"],"picked":"Infernal Blade"},{"not_picked":["Impervious","Demon Form"],"picked":"Double Tap"},{"not_picked":["Rupture","Bloodletting"],"picked":"Shockwave"},{"not_picked":["Headbutt","Corruption"],"picked":"Thunderclap"},{"not_picked":["Clothesline","Twin Strike"],"picked":"Pommel Strike"},{"not_picked":["Combust","Shockwave"],"picked":"Flame Barrier"},{"not_picked":["Clothesline","Intimidate"],"picked":"Iron Wave"},{"not_picked":["Twin Strike","Sword Boomerang"],"picked":"Uppercut"},{"not_picked":["Pommel Strike","Armaments"],"picked":"Anger"},{"not_picked":["Exhume","Bludgeon"],"picked":"Double Tap"},{"not_picked":["Headbutt","Shrug It Off"],"picked":"Body Slam"},{"not_picked":["Feel No Pain","Headbutt"],"picked":"Battle Trance"},{"not_picked":["Iron Wave","Twin Strike"],"picked":"Thunderclap"}],"player_experience":34673,"potions_floor_usage":[7,18,19,21,23],"damage_taken":[{"damage":10,"enemies":"Jaw Worm","floor":1,"turns":4},{"damage":12,"enemies":"Cultist","floor":4,"turns":4},{"damage":12,"enemies":"Looter","floor":5,"turns":3},{"damage":16,"enemies":"2 Fungi Beasts","floor":6,"turns":3},{"damage":25,"enemies":"Gremlin Nob","floor":7,"turns":4},{"damage":13,"enemies":"Gremlin Gang","floor":8,"turns":2},{"damage":44,"enemies":"Lagavulin","floor":10,"turns":6},{"damage":11,"enemies":"Large Slime","floor":11,"turns":4},{"damage":34,"enemies":"3 Sentries","floor":12,"turns":4},{"damage":4,"enemies":"Exordium Thugs","floor":13,"turns":3},{"damage":12,"enemies":"2 Fungi Beasts","floor":14,"turns":2},{"damage":78,"enemies":"Slime Boss","floor":16,"turns":10},{"damage":23,"enemies":"Spheric Guardian","floor":18,"turns":4},{"damage":16,"enemies":"Shell Parasite","floor":19,"turns":3},{"damage":15,"enemies":"3 Cultists","floor":20,"turns":4},{"damage":20,"enemies":"Snake Plant","floor":21,"turns":4},{"damage":27,"enemies":"Gremlin Leader","floor":23,"turns":4},{"damage":6,"enemies":"Chosen and Byrds","floor":27,"turns":3},{"damage":20,"enemies":"Book of Stabbing","floor":30,"turns":4},{"damage":11,"enemies":"Centurion and Healer","floor":31,"turns":3},{"damage":21,"enemies":"Collector","floor":33,"turns":10},{"damage":31,"enemies":"3 Darklings","floor":35,"turns":3},{"damage":14,"enemies":"Orb Walker","floor":37,"turns":3},{"damage":38,"enemies":"Maw","floor":38,"turns":8},{"damage":55,"enemies":"Nemesis","floor":40,"turns":6}],"event_choices":[{"event_name":"Big Fish","player_choice":"Box","floor":2,"damage_taken":0},{"event_name":"Golden Idol","player_choice":"Take Wound","floor":3,"damage_taken":0},{"event_name":"Drug Dealer","player_choice":"Ignored","floor":25,"damage_taken":0},{"event_name":"Beggar","player_choice":"Gave Gold","floor":28,"damage_taken":0},{"event_name":"Cursed Tome","player_choice":"Obtained Book","floor":29,"damage_taken":0},{"event_name":"Tomb of Lord Red Mask","player_choice":"Paid","floor":36,"damage_taken":0}],"boss_relics":[{"not_picked":["Astrolabe","Ectoplasm"],"picked":"Cursed Key"},{"not_picked":["White Beast Statue","Runic Cube"],"picked":"Black Star"}],"potions_floor_spawned":[5,6,7,10,16,18,20,21,30,38],"seed_played":"-359089643691698328","killed_by":"Nemesis","is_trial":false}