{"path_per_floor":["M","?","?","?","M","R","E","?","T","R","E","R","?","?","R","B",null,"M","M","?","$","?","?","R","?","T","R","?","?","E","M","R"],"character_chosen":"IRONCLAD","items_purchased":["Panache","Jack Of All Trades","Blood for Blood"],"gold_per_floor":[116,191,191,191,205,205,238,338,364,364,398,398,398,398,398,524,524,539,563,563,204,129,129,129,129,129,129,44,44,69,83,83],"floor_reached":33,"campfire_rested":6,"playtime":1573,"current_hp_per_floor":[80,69,62,69,60,86,64,64,64,64,30,56,56,56,82,15,87,47,12,12,12,12,12,38,38,38,64,64,64,18,54,80],"items_purged":[],"gold":83,"play_id":"82407633-8bf4-4814-86ff-e4c2235d3730","is_prod":false,"is_daily":false,"campfire_rituals":0,"campfire_upgraded":1,"is_hardmode":false,"path_taken":["M","?","?","?","M","R","E","?","T","R","E","R","?","?","R","BOSS","M","M","?","$","?","?","R","?","T","R","?","?","E","M","R","BOSS"],"build_version":"2017-12-21-PROD1","purchased_purges":0,"victory":false,"master_deck":["Strike_R","Strike_R","Strike_R","Strike_R","Strike_R","Defend_R","Defend_R","Defend_R","Bash","Seeing Red","Twin Strike","Inflame","Exhume","Perfected Strike","Battle Trance","Panache","Jack Of All Trades","Blood for Blood","Writhe","Uppercut","Whirlwind"],"max_hp_per_floor":[80,80,80,87,87,87,87,87,87,87,87,87,87,87,87,87,87,87,87,87,87,87,87,87,87,87,87,87,87,87,87,87],"relics":["Burning Blood","Juzu Bracelet","Shuriken","Strawberry","Molten Egg","Oddly Smooth Stone","Toolbox","Bloody Idol","Lizard Tail","Lantern","Omamori","Mercury Hourglass","Bottled Flame"],"campfire_meditates":0,"card_choices":[{"not_picked":["Reckless Charge","Dual Wield"],"picked":"Seeing Red"},{"not_picked":["Dual Wield","Havoc"],"picked":"Twin Strike"},{"not_picked":["Metallicize","Body Slam"],"picked":"Inflame"},{"not_picked":["Dark Embrace","Immolate"],"picked":"Exhume"},{"not_picked":["True Grit","Twin Strike"],"picked":"Perfected Strike"},{"not_picked":["Wild Strike","Seeing Red"],"picked":"Battle Trance"},{"not_picked":["Clash","Feel No Pain"],"picked":"Uppercut"},{"not_picked":["Hemokinesis","Disarm"],"picked":"Whirlwind"}],"player_experience":30959,"potions_floor_usage":[7,33],"damage_taken":[{"damage":5,"enemies":"Jaw Worm","floor":1,"turns":5},{"damage":15,"enemies":"Blue Slaver","floor":5,"turns":3},{"damage":28,"enemies":"Lagavulin","floor":7,"turns":5},{"damage":40,"enemies":"3 Sentries","floor":11,"turns":7},{"damage":77,"enemies":"Slime Boss","floor":16,"turns":14},{"damage":46,"enemies":"Shell Parasite","floor":18,"turns":6},{"damage":41,"enemies":"3 Byrds","floor":19,"turns":7},{"damage":57,"enemies":"Book of Stabbing","floor":30,"turns":5},{"damage":21,"enemies":"Snake Plant","floor":31,"turns":2},{"damage":129,"enemies":"Champ","floor":33,"turns":8}],"event_choices":[{"event_name":"World of Goop","player_choice":"Gather Gold","floor":2,"damage_taken":0},{"event_name":"Scrap Ooze","player_choice":"success","floor":3,"damage_taken":7},{"event_name":"Big Fish","player_choice":"Box","floor":4,"damage_taken":0},{"event_name":"Golden Shrine","player_choice":"Pray","floor":8,"damage_taken":0},{"event_name":"Fountain of Cleansing","player_choice":"Removed Curse","floor":13,"damage_taken":0},{"event_name":"Golden Idol","player_choice":"Take Wound","floor":14,"damage_taken":0},{"event_name":"Upgrade Shrine","player_choice":"Upgraded","floor":20,"damage_taken":0},{"event_name":"Beggar","player_choice":"Gave Gold","floor":22,"damage_taken":0},{"event_name":"The Mausoleum","player_choice":"Yes","floor":23,"damage_taken":0},{"event_name":"Purifier","player_choice":"One Purge","floor":25,"damage_taken":0},{"event_name":"Addict","player_choice":"Obtained Relic","floor":28,"damage_taken":0},{"event_name":"Forgotten Altar","player_choice":"Gave Idol","floor":29,"damage_taken":0}],"boss_relics":[{"not_picked":["Sozu","Ectoplasm"],"picked":"Lizard Tail"}],"potions_floor_spawned":[1,16,19,31],"seed_played":"-7732840111553004393","killed_by":"Champ","is_trial":false}