{"path_per_floor":["M","?","M","?","$","R","?","R","T","M","R","M","M","E","R","B",null,"M","$","M","M","?","R","$","E","T","R","M","R","?","M","R","B",null,"M","?","?","M","M"],"character_chosen":"IRONCLAD","items_purchased":["Pommel Strike","Mind Blast","Panache"],"gold_per_floor":[113,113,125,125,1,1,1,1,27,50,50,68,92,136,136,257,257,276,201,220,233,233,233,19,54,54,54,75,75,75,88,88,207,207,223,283,283,304,322],"floor_reached":40,"campfire_rested":5,"playtime":2456,"current_hp_per_floor":[80,73,78,62,62,62,62,62,62,61,80,70,76,52,76,18,80,78,78,80,69,69,69,69,26,26,50,48,72,72,34,59,26,89,66,62,52,47,49],"items_purged":["Defend_R"],"gold":322,"play_id":"f0482c92-b406-412a-bb21-569ffd48444f","is_prod":false,"is_daily":false,"campfire_rituals":0,"campfire_upgraded":3,"is_hardmode":false,"path_taken":["M","?","M","?","$","R","?","R","T","M","R","M","?","E","R","BOSS","M","$","M","M","?","R","$","E","T","R","M","R","?","M","R","BOSS","M","?","?","M","?","E"],"build_version":"2017-12-21-PROD1","purchased_purges":1,"victory":false,"master_deck":["Strike_R","Strike_R","Strike_R","Strike_R","Strike_R","Defend_R","Defend_R","Bash","Flex","Anger","Pommel Strike","Mind Blast","Battle Trance","Iron Wave","Fire Breathing","Feed","Limit Break","Shrug It Off","Flex","Writhe","Panache","Cleave","Whirlwind","Pommel Strike","Limit Break","Anger","Anger","Blood for Blood","Fire Breathing","Heavy Blade","Infernal Blade","Madness","Madness","Fire Breathing","Limit Break"],"max_hp_per_floor":[80,80,80,80,80,80,80,80,80,80,80,80,80,80,80,80,80,80,80,80,80,80,80,80,80,80,80,83,83,83,86,86,89,89,92,92,92,95,95],"relics":["Black Blood","Golden Idol","Toxic Egg","Pen Nib","Lantern","Ornamental Fan","Gambling Chip","Orrery","Sundial"],"campfire_meditates":0,"card_choices":[{"not_picked":["Wild Strike","Warcry"],"picked":"Flex"},{"not_picked":["Dropkick","Feel No Pain"],"picked":"Anger"},{"not_picked":["Shockwave","Thunderclap"],"picked":"Battle Trance"},{"not_picked":["Dual Wield","Hemokinesis"],"picked":"Iron Wave"},{"not_picked":["Rage","Iron Wave"],"picked":"Fire Breathing"},{"not_picked":["Cleave","Wild Strike"],"picked":"Feed"},{"not_picked":["Brutality","Berserk"],"picked":"Limit Break"},{"not_picked":["Anger","Disarm"],"picked":"Shrug It Off"},{"not_picked":["Clash","Rampage"],"picked":"Flex"},{"not_picked":["Body Slam","Bloodletting"],"picked":"Cleave"},{"not_picked":["Spot Weakness","Searing Blow"],"picked":"Whirlwind"},{"not_picked":["Body Slam","Bloodletting"],"picked":"Pommel Strike"},{"not_picked":["Bludgeon","Immolate"],"picked":"Limit Break"},{"not_picked":["Sword Boomerang","Inflame"],"picked":"Anger"},{"not_picked":["Perfected Strike","Body Slam"],"picked":"Anger"},{"not_picked":["Dropkick","Iron Wave"],"picked":"Blood for Blood"},{"not_picked":["Seeing Red","Uppercut"],"picked":"Fire Breathing"},{"not_picked":["Pommel Strike","Cleave"],"picked":"Heavy Blade"},{"not_picked":["Uppercut","Twin Strike"],"picked":"Infernal Blade"},{"not_picked":["Wild Strike","Twin Strike"],"picked":"Fire Breathing"},{"not_picked":["Bloodletting","Rage"],"picked":"Limit Break"}],"player_experience":22900,"potions_floor_usage":[28,28,38],"damage_taken":[{"damage":6,"enemies":"Jaw Worm","floor":1,"turns":4},{"damage":1,"enemies":"Cultist","floor":3,"turns":3},{"damage":7,"enemies":"Looter","floor":10,"turns":3},{"damage":16,"enemies":"Large Slime","floor":12,"turns":3},{"damage":0,"enemies":"2 Fungi Beasts","floor":13,"turns":2},{"damage":30,"enemies":"Gremlin Nob","floor":14,"turns":4},{"damage":64,"enemies":"Hexaghost","floor":16,"turns":8},{"damage":12,"enemies":"2 Thieves","floor":18,"turns":4},{"damage":5,"enemies":"Spheric Guardian","floor":20,"turns":3},{"damage":21,"enemies":"Snake Plant","floor":21,"turns":2},{"damage":53,"enemies":"Book of Stabbing","floor":25,"turns":5},{"damage":24,"enemies":"Slaver and Parasite","floor":28,"turns":4},{"damage":51,"enemies":"Centurion and Healer","floor":31,"turns":5},{"damage":46,"enemies":"Collector","floor":33,"turns":8},{"damage":36,"enemies":"3 Darklings","floor":35,"turns":4},{"damage":14,"enemies":"Mysterious Sphere","floor":36,"turns":2},{"damage":18,"enemies":"Orb Walker","floor":38,"turns":4},{"damage":8,"enemies":"3 Darklings","floor":39,"turns":2},{"damage":70,"enemies":"Giant Head","floor":40,"turns":6}],"event_choices":[{"event_name":"Golden Wing","player_choice":"Card Removal","floor":2,"damage_taken":0},{"event_name":"Golden Idol","player_choice":"Take Damage","floor":4,"damage_taken":0},{"event_name":"The Lab","player_choice":"Got Potions","floor":7,"damage_taken":0},{"event_name":"The Mausoleum","player_choice":"Yes","floor":22,"damage_taken":0},{"event_name":"Drug Dealer","player_choice":"Ignored","floor":30,"damage_taken":0},{"event_name":"Mysterious Sphere","player_choice":"Fight","floor":36,"damage_taken":0},{"event_name":"Winding Halls","player_choice":"Embrace Madness","floor":37,"damage_taken":0}],"boss_relics":[{"not_picked":["Eternal Feather","White Beast Statue"],"picked":"Black Blood"},{"not_picked":["Velvet Choker","Runic Dome"],"picked":"Orrery"}],"potions_floor_spawned":[3,10,12,18,21,25,35,36],"seed_played":"-801969551929911217","killed_by":"Giant Head","is_trial":false}