{"path_per_floor":["M","?","?","M","M","R","E","M","T","M","M","?","M","M","R","B",null,"M","?","M","M"],"character_chosen":"IRONCLAD","items_purchased":[],"gold_per_floor":[117,117,117,135,147,147,180,191,191,209,224,224,237,252,252,353,353,369,369,382,399],"floor_reached":22,"campfire_rested":0,"playtime":1479,"current_hp_per_floor":[68,68,68,69,68,68,61,66,66,64,70,80,80,80,80,49,80,79,64,48,23],"items_purged":[],"gold":399,"play_id":"7b787010-9703-47cb-b86f-fbcbfc77780c","is_prod":false,"is_daily":false,"campfire_rituals":0,"campfire_upgraded":2,"is_hardmode":false,"path_taken":["M","?","?","M","M","R","E","M","T","?","M","?","M","M","R","BOSS","M","?","M","M","?"],"build_version":"2017-12-21-PROD1","purchased_purges":0,"victory":false,"master_deck":["Strike_R","Strike_R","Strike_R","Strike_R","Strike_R","Defend_R","Defend_R","Defend_R","Defend_R","Bash","Armaments","Whirlwind","Blood for Blood","Anger","Metallicize","Flame Barrier","Flex","Rampage","Barricade","Metallicize","Anger","Armaments"],"max_hp_per_floor":[80,80,80,80,80,80,80,80,80,80,80,80,80,80,80,80,80,80,85,85,85],"relics":["Burning Blood","Ancient Tea Set","Torii","Black Star"],"campfire_meditates":0,"card_choices":[{"not_picked":["True Grit","Headbutt"],"picked":"Armaments"},{"not_picked":["Feel No Pain","Rage"],"picked":"Whirlwind"},{"not_picked":["Twin Strike","Warcry"],"picked":"Blood for Blood"},{"not_picked":["Bludgeon","Whirlwind"],"picked":"Anger"},{"not_picked":["Feel No Pain","True Grit"],"picked":"Metallicize"},{"not_picked":["Dual Wield","Pummel"],"picked":"Reckless Charge"},{"not_picked":["Pommel Strike","Sword Boomerang"],"picked":"Flame Barrier"},{"not_picked":["Twin Strike","Inflame"],"picked":"Flex"},{"not_picked":["Inflame","Pommel Strike"],"picked":"Rampage"},{"not_picked":["Double Tap","Reaper"],"picked":"Barricade"},{"not_picked":["Feel No Pain","Corruption"],"picked":"Metallicize"},{"not_picked":["Cleave","Uppercut"],"picked":"Anger"},{"not_picked":["Sever Soul","Disarm"],"picked":"Armaments"}],"player_experience":12989,"potions_floor_usage":[],"damage_taken":[{"damage":18,"enemies":"Blue Slaver","floor":1,"turns":6},{"damage":5,"enemies":"Cultist","floor":4,"turns":4},{"damage":7,"enemies":"Looter","floor":5,"turns":4},{"damage":13,"enemies":"Gremlin Nob","floor":7,"turns":4},{"damage":1,"enemies":"Lots of Slimes","floor":8,"turns":3},{"damage":8,"enemies":"Large Slime","floor":10,"turns":6},{"damage":0,"enemies":"Gremlin Gang","floor":11,"turns":1},{"damage":4,"enemies":"Lots of Slimes","floor":13,"turns":2},{"damage":2,"enemies":"Large Slime","floor":14,"turns":7},{"damage":37,"enemies":"Hexaghost","floor":16,"turns":11},{"damage":7,"enemies":"Shell Parasite","floor":18,"turns":10},{"damage":22,"enemies":"3 Byrds","floor":20,"turns":6},{"damage":31,"enemies":"3 Cultists","floor":21,"turns":5},{"damage":23,"enemies":"Snake Plant","floor":22,"turns":2}],"event_choices":[{"event_name":"Liars Game","player_choice":"disagreed","floor":2,"damage_taken":0},{"event_name":"Accursed Blacksmith","player_choice":"Forge","floor":3,"damage_taken":0},{"event_name":"Bonfire Elementals","player_choice":"ATTACK","floor":12,"damage_taken":0},{"event_name":"Forgotten Altar","player_choice":"Shed Blood","floor":19,"damage_taken":0}],"boss_relics":[{"not_picked":["Lizard Tail","White Beast Statue"],"picked":"Black Star"}],"potions_floor_spawned":[7,10,11,13,14,21],"seed_played":"-3507173447481712046","killed_by":"Snake Plant","is_trial":false}