{"path_per_floor":["M","M","?","M","$","R","E","M","T","?","E","M","M","$","R","B",null,"M","?","$","?","M","R","E","?","T","R","M","M"],"character_chosen":"IRONCLAD","items_purchased":["Dramatic Entrance","Bag of Preparation","Bandage Up","Flex","Whirlwind"],"gold_per_floor":[209,226,226,242,152,152,185,204,204,204,236,250,267,20,20,122,122,136,136,56,56,70,70,97,97,169,169,183,201],"floor_reached":30,"campfire_rested":3,"playtime":2013,"current_hp_per_floor":[80,80,68,60,60,80,54,34,41,41,19,15,33,33,59,37,87,80,80,80,80,55,81,62,62,62,62,50,54],"items_purged":[],"gold":201,"play_id":"10acb2ce-9e48-4de7-a9bc-8fc7ef9ce790","is_prod":false,"is_daily":false,"campfire_rituals":0,"campfire_upgraded":1,"is_hardmode":false,"path_taken":["M","M","?","M","$","R","E","?","T","?","E","M","M","$","R","BOSS","M","?","$","?","M","R","E","?","T","R","M","M","E"],"build_version":"2017-12-21-PROD1","purchased_purges":0,"victory":false,"master_deck":["Strike_R","Strike_R","Strike_R","Strike_R","Strike_R","Defend_R","Defend_R","Defend_R","Defend_R","Bash","Dropkick","Infernal Blade","Seeing Red","Dramatic Entrance","Evolve","Burning Pact","Demon Form","Blood for Blood","Twin Strike","Bandage Up","Impervious","Cleave","Flex","Infernal Blade","Blood for Blood","Flex","Rampage","Flex","Whirlwind","Seeing Red","Searing Blow","Flex","Perfected Strike"],"max_hp_per_floor":[80,80,80,80,80,80,80,80,87,87,87,87,87,87,87,87,87,87,87,87,87,87,87,97,97,97,97,97,97],"relics":["Burning Blood","Matryoshka","Toolbox","Strawberry","Frozen Egg","Happy Flower","Letter Opener","Bag of Preparation","Orrery","Pear","Orichalcum","Meat on the Bone"],"campfire_meditates":0,"card_choices":[{"not_picked":["Body Slam","Feel No Pain"],"picked":"Dropkick"},{"not_picked":["True Grit","Havoc"],"picked":"Infernal Blade"},{"not_picked":["Shockwave","Evolve"],"picked":"Seeing Red"},{"not_picked":["True Grit","Rupture"],"picked":"Evolve"},{"not_picked":["Heavy Blade","Rupture"],"picked":"Burning Pact"},{"not_picked":["Perfected Strike","Thunderclap"],"picked":"Demon Form"},{"not_picked":["Twin Strike","Sentinel"],"picked":"Blood for Blood"},{"not_picked":["Body Slam","Warcry"],"picked":"Twin Strike"},{"not_picked":["Fiend Fire","Juggernaut"],"picked":"Impervious"},{"not_picked":["Rupture","Iron Wave"],"picked":"Cleave"},{"not_picked":["Spot Weakness","Rupture"],"picked":"Flex"},{"not_picked":["Anger","Corruption"],"picked":"Infernal Blade"},{"not_picked":["Clothesline","Hemokinesis"],"picked":"Blood for Blood"},{"not_picked":["Anger","Clothesline"],"picked":"Flex"},{"not_picked":["Intimidate","Warcry"],"picked":"Shrug It Off"},{"not_picked":["Fiend Fire","Rage"],"picked":"Seeing Red"},{"not_picked":["Sever Soul","Armaments"],"picked":"Searing Blow"},{"not_picked":["Havoc","Rupture"],"picked":"Flex"},{"not_picked":["Headbutt","Pommel Strike"],"picked":"Perfected Strike"}],"player_experience":28946,"potions_floor_usage":[13,13,16,22,24,24],"damage_taken":[{"damage":1,"enemies":"Jaw Worm","floor":1,"turns":3},{"damage":1,"enemies":"Cultist","floor":2,"turns":3},{"damage":14,"enemies":"Blue Slaver","floor":4,"turns":3},{"damage":32,"enemies":"Gremlin Nob","floor":7,"turns":4},{"damage":26,"enemies":"Exordium Wildlife","floor":8,"turns":4},{"damage":28,"enemies":"3 Sentries","floor":11,"turns":7},{"damage":10,"enemies":"Lots of Slimes","floor":12,"turns":3},{"damage":0,"enemies":"3 Louse","floor":13,"turns":5},{"damage":32,"enemies":"The Guardian","floor":16,"turns":7},{"damage":13,"enemies":"3 Byrds","floor":18,"turns":5},{"damage":35,"enemies":"Shell Parasite","floor":22,"turns":5},{"damage":35,"enemies":"Slavers","floor":24,"turns":5},{"damage":34,"enemies":"Centurion and Healer","floor":28,"turns":5},{"damage":18,"enemies":"Snecko","floor":29,"turns":5},{"damage":60,"enemies":"Book of Stabbing","floor":30,"turns":4}],"event_choices":[{"event_name":"Scrap Ooze","player_choice":"success","floor":3,"damage_taken":12},{"event_name":"Accursed Blacksmith","player_choice":"Rummage","floor":10,"damage_taken":0},{"event_name":"Transmorgrifier","player_choice":"Transform","floor":19,"damage_taken":0},{"event_name":"Addict","player_choice":"Ignored","floor":21,"damage_taken":0},{"event_name":"Drug Dealer","player_choice":"Ignored","floor":25,"damage_taken":0}],"boss_relics":[{"not_picked":["Cursed Key","Velvet Choker"],"picked":"Orrery"}],"potions_floor_spawned":[1,4,8,13,16,18],"seed_played":"7985377325550288900","killed_by":"Book of Stabbing","is_trial":false}