{"path_per_floor":["M","M","M","$","M","R","E","R","T","E","$","R","$","?","R","B",null,"M","M","M","?","$","E","R","M","T","?","?","R","M","E","R","B",null,"M","M","$","M","?","R"],"character_chosen":"IRONCLAD","items_purchased":["Blood for Blood","Infernal Blade","Flash of Steel","Bronze Scales","Oddly Smooth Stone"],"gold_per_floor":[111,121,134,24,41,41,76,76,76,102,102,102,14,14,14,137,137,157,182,201,201,50,89,89,105,105,105,105,105,124,164,164,294,294,309,327,177,193,0,0],"floor_reached":41,"campfire_rested":5,"playtime":2915,"current_hp_per_floor":[80,77,80,80,80,80,53,53,53,48,48,72,72,72,72,28,80,80,80,59,59,59,43,69,61,61,61,45,71,60,39,65,13,87,87,72,72,28,28,55],"items_purged":[],"gold":0,"play_id":"330ec1e0-fced-4533-81d5-78abb4b318f7","is_prod":false,"is_daily":false,"campfire_rituals":0,"campfire_upgraded":3,"is_hardmode":false,"path_taken":["M","M","M","$","M","R","E","R","T","E","$","R","$","?","R","BOSS","M","M","M","?","$","E","R","M","T","?","?","R","M","E","R","BOSS","M","M","$","M","?","R","E"],"build_version":"2017-12-21-PROD1","purchased_purges":0,"victory":false,"master_deck":["Strike_R","Strike_R","Strike_R","Strike_R","Strike_R","Defend_R","Defend_R","Defend_R","Defend_R","Bash","Iron Wave","Iron Wave","Thunderclap","Blood for Blood","Infernal Blade","Pommel Strike","Demon Form","Battle Trance","Flash of Steel","Injury","Juggernaut","Anger","Headbutt","Iron Wave","Armaments","Juggernaut","Necronomicurse","Metallicize","Double Tap","Iron Wave"],"max_hp_per_floor":[80,80,80,80,80,80,80,80,80,80,80,80,80,80,80,80,80,80,80,80,80,80,87,87,87,87,87,87,87,87,87,87,87,87,87,87,87,90,90,90],"relics":["Black Blood","Ginger","Red Skull","Anchor","Golden Idol","Sozu","Bronze Scales","Strawberry","Champion Belt","Necronomicon","Molten Egg","Oddly Smooth Stone","Red Mask"],"campfire_meditates":0,"card_choices":[{"not_picked":["Heavy Blade","Shockwave"],"picked":"Iron Wave"},{"not_picked":["Clothesline","Pummel"],"picked":"Iron Wave"},{"not_picked":["Perfected Strike","Twin Strike"],"picked":"Thunderclap"},{"not_picked":["Body Slam","Dropkick"],"picked":"Pommel Strike"},{"not_picked":["Shrug It Off","Rage"],"picked":"Demon Form"},{"not_picked":["Warcry","Rage"],"picked":"Battle Trance"},{"not_picked":["Fiend Fire","Offering"],"picked":"Juggernaut"},{"not_picked":["Warcry","Headbutt"],"picked":"Anger"},{"not_picked":["Perfected Strike","Dropkick"],"picked":"Headbutt"},{"not_picked":["Heavy Blade","Clash"],"picked":"Iron Wave"},{"not_picked":["Body Slam","True Grit"],"picked":"Armaments"},{"not_picked":["Twin Strike","Headbutt"],"picked":"Metallicize"},{"not_picked":["Fiend Fire","Feed"],"picked":"Double Tap"},{"not_picked":["Sword Boomerang","Dropkick"],"picked":"Iron Wave"}],"player_experience":14468,"potions_floor_usage":[10],"damage_taken":[{"damage":5,"enemies":"Jaw Worm","floor":1,"turns":4},{"damage":9,"enemies":"Cultist","floor":2,"turns":4},{"damage":2,"enemies":"Looter","floor":3,"turns":3},{"damage":5,"enemies":"3 Louse","floor":5,"turns":3},{"damage":33,"enemies":"3 Sentries","floor":7,"turns":6},{"damage":23,"enemies":"Lagavulin","floor":10,"turns":5},{"damage":50,"enemies":"The Guardian","floor":16,"turns":8},{"damage":0,"enemies":"Spheric Guardian","floor":18,"turns":3},{"damage":0,"enemies":"Chosen","floor":19,"turns":3},{"damage":27,"enemies":"Snake Plant","floor":20,"turns":4},{"damage":29,"enemies":"Book of Stabbing","floor":23,"turns":4},{"damage":14,"enemies":"3 Cultists","floor":25,"turns":5},{"damage":17,"enemies":"Snecko","floor":30,"turns":6},{"damage":27,"enemies":"Gremlin Leader","floor":31,"turns":5},{"damage":79,"enemies":"Automaton","floor":33,"turns":11},{"damage":10,"enemies":"Orb Walker","floor":35,"turns":4},{"damage":25,"enemies":"3 Shapes","floor":36,"turns":7},{"damage":57,"enemies":"3 Darklings","floor":38,"turns":5},{"damage":83,"enemies":"Giant Head","floor":41,"turns":8}],"event_choices":[{"event_name":"Golden Idol","player_choice":"Take Wound","floor":14,"damage_taken":0},{"event_name":"Back to Basics","player_choice":"Simplicity","floor":21,"damage_taken":0},{"event_name":"The Library","player_choice":"Read","floor":27,"damage_taken":0},{"event_name":"Cursed Tome","player_choice":"Obtained Book","floor":28,"damage_taken":0},{"event_name":"Tomb of Lord Red Mask","player_choice":"Paid","floor":39,"damage_taken":0}],"boss_relics":[{"not_picked":["Cursed Key","Astrolabe"],"picked":"Sozu"},{"not_picked":["Eternal Feather","Tiny House"],"picked":"Black Blood"}],"potions_floor_spawned":[5,7,10,20,23,25,33],"seed_played":"-8650139599076895788","killed_by":"Giant Head","is_trial":false}