{"path_per_floor":["M","?","?","$","$","E","M","R","T","R","M","M","E","M","R","B",null,"M","M","?","?","M","?","E","R","T","R","M","R","T","M","R","B",null,"M","?","$","M","$","E","M","R","T","M","?","E","M","M","R","B"],"character_chosen":"IRONCLAD","items_purchased":["Armaments","Magic Flower","Regal Pillow","Bronze Scales","Shuriken"],"gold_per_floor":[112,112,112,62,62,97,110,110,110,110,131,156,197,211,211,339,339,357,382,382,297,310,310,351,351,378,378,393,393,393,408,408,529,529,554,917,249,267,12,46,71,71,94,107,107,140,160,174,174,174],"floor_reached":51,"campfire_rested":4,"playtime":3085,"current_hp_per_floor":[80,80,80,80,80,65,69,69,69,69,77,80,75,75,75,68,80,80,63,63,63,54,38,18,42,42,66,48,72,82,73,73,15,90,50,39,39,47,47,17,77,77,84,81,71,49,54,31,76,15],"items_purged":["Defend_R"],"gold":174,"play_id":"337b469f-982b-4d2f-8f99-c2ed03d1ab51","is_prod":false,"is_daily":false,"campfire_rituals":0,"campfire_upgraded":5,"is_hardmode":false,"path_taken":["M","?","?","?","$","E","M","R","T","R","M","M","E","?","R","BOSS","M","M","?","?","M","?","E","R","T","R","?","R","?","M","R","BOSS","M","?","?","M","$","E","?","R","T","M","?","E","M","M","R","BOSS"],"build_version":"2018-01-11-PROD2","purchased_purges":1,"victory":true,"master_deck":["Strike_R","Strike_R","Strike_R","Strike_R","Strike_R","Defend_R","Defend_R","Bash","Infernal Blade","Injury","Armaments","Iron Wave","Armaments","Spot Weakness","Fiend Fire","Infernal Blade","Exhume","Pommel Strike","Heavy Blade","Twin Strike","Necronomicurse","Immolate","Regret","Burning Pact","Parasite","Iron Wave","Exhume","Parasite","Anger","Carnage","Doubt","Havoc","Madness","Madness","Feel No Pain","Whirlwind","Pummel"],"max_hp_per_floor":[80,80,80,80,80,80,80,80,80,80,80,80,80,80,80,80,80,80,80,80,80,80,80,80,80,80,80,80,80,90,90,90,90,90,90,90,90,90,90,90,90,90,97,97,97,97,97,100,100,100],"relics":["Burning Blood","Golden Idol","Blood Vial","Charon\u0027s Ashes","Happy Flower","Cursed Key","Champion Belt","Necronomicon","Peace Pipe","Ancient Tea Set","Pear","Lizard Tail","Old Coin","Magic Flower","Regal Pillow","Bronze Scales","Shuriken","Anchor","Strawberry","Omamori"],"campfire_meditates":0,"card_choices":[{"not_picked":["Thunderclap","Havoc"],"picked":"Infernal Blade"},{"not_picked":["True Grit","Anger"],"picked":"Iron Wave"},{"not_picked":["Dual Wield","Corruption"],"picked":"Armaments"},{"not_picked":["True Grit","Cleave"],"picked":"Spot Weakness"},{"not_picked":["Cleave","Iron Wave"],"picked":"Fiend Fire"},{"not_picked":["Whirlwind","Blood for Blood"],"picked":"Infernal Blade"},{"not_picked":["Fiend Fire","Offering"],"picked":"Exhume"},{"not_picked":["Rupture","Uppercut"],"picked":"Pommel Strike"},{"not_picked":["Pommel Strike","Clash"],"picked":"Heavy Blade"},{"not_picked":["Thunderclap","Flame Barrier"],"picked":"Twin Strike"},{"not_picked":["Body Slam","Rage"],"picked":"Immolate"},{"not_picked":["Warcry","Rage"],"picked":"Burning Pact"},{"not_picked":["Wild Strike","Shrug It Off"],"picked":"Iron Wave"},{"not_picked":["Juggernaut","Offering"],"picked":"Exhume"},{"not_picked":["Wild Strike","Shrug It Off"],"picked":"Anger"},{"not_picked":["Pummel","Twin Strike"],"picked":"Carnage"},{"not_picked":["Rupture","Searing Blow"],"picked":"Havoc"},{"not_picked":["Shrug It Off","Twin Strike"],"picked":"Feel No Pain"},{"not_picked":["Shockwave","Dropkick"],"picked":"Whirlwind"},{"not_picked":["Feed","Havoc"],"picked":"Pummel"}],"player_experience":64104,"potions_floor_usage":[6,6,6,13,24,28,31,31,38,41,47,48,50],"damage_taken":[{"damage":4,"enemies":"Jaw Worm","floor":1,"turns":5},{"damage":27,"enemies":"Lagavulin","floor":6,"turns":7},{"damage":4,"enemies":"Blue Slaver","floor":7,"turns":3},{"damage":0,"enemies":"Cultist","floor":11,"turns":3},{"damage":5,"enemies":"Looter","floor":12,"turns":4},{"damage":11,"enemies":"3 Sentries","floor":13,"turns":4},{"damage":8,"enemies":"Exordium Thugs","floor":14,"turns":5},{"damage":15,"enemies":"Slime Boss","floor":16,"turns":8},{"damage":0,"enemies":"Shell Parasite","floor":18,"turns":2},{"damage":23,"enemies":"3 Byrds","floor":19,"turns":4},{"damage":17,"enemies":"Centurion and Healer","floor":22,"turns":3},{"damage":28,"enemies":"Book of Stabbing","floor":24,"turns":4},{"damage":28,"enemies":"Chosen and Byrds","floor":28,"turns":3},{"damage":17,"enemies":"Slaver and Parasite","floor":31,"turns":3},{"damage":78,"enemies":"Automaton","floor":33,"turns":8},{"damage":46,"enemies":"3 Darklings","floor":35,"turns":4},{"damage":19,"enemies":"Mysterious Sphere","floor":36,"turns":4},{"damage":19,"enemies":"3 Shapes","floor":38,"turns":3},{"damage":42,"enemies":"Nemesis","floor":40,"turns":4},{"damage":44,"enemies":"Maw","floor":41,"turns":5},{"damage":15,"enemies":"3 Darklings","floor":44,"turns":3},{"damage":34,"enemies":"Giant Head","floor":46,"turns":6},{"damage":7,"enemies":"4 Shapes","floor":47,"turns":3},{"damage":40,"enemies":"Maw","floor":48,"turns":5},{"damage":73,"enemies":"Donu and Deca","floor":50,"turns":7}],"event_choices":[{"event_name":"The Lab","player_choice":"Got Potions","floor":2,"damage_taken":0},{"event_name":"Golden Idol","player_choice":"Take Wound","floor":3,"damage_taken":0},{"event_name":"Back to Basics","player_choice":"Elegance","floor":20,"damage_taken":0},{"event_name":"Addict","player_choice":"Obtained Relic","floor":21,"damage_taken":0},{"event_name":"Cursed Tome","player_choice":"Obtained Book","floor":23,"damage_taken":0},{"event_name":"Mysterious Sphere","player_choice":"Fight","floor":36,"damage_taken":0},{"event_name":"Winding Halls","player_choice":"Embrace Madness","floor":45,"damage_taken":0}],"boss_relics":[{"not_picked":["Runic Pyramid","Sozu"],"picked":"Cursed Key"},{"not_picked":["White Beast Statue","Calling Bell"],"picked":"Lizard Tail"}],"potions_floor_spawned":[1,6,13,18,22,24,28,36,44,46,48],"seed_played":"-703083253349098580","is_trial":false}