{"path_per_floor":["M","?","M","?","M","E","M","E","T","M","M","M","R","$","R","B",null,"M","?","?","M","M","E","R","E","T","M","M","M","R","M","R","B",null,"M","M","M","$","?","E","M","M","T","$","M","?","R","E","R","B"],"character_chosen":"IRONCLAD","items_purchased":["Pear","War Paint","Bottled Lightning","Bandage Up","Uppercut"],"gold_per_floor":[119,194,204,304,316,342,353,386,386,401,419,429,429,28,28,125,125,135,135,50,69,86,119,119,151,178,189,207,222,222,238,238,333,333,343,358,374,27,0,25,40,52,107,70,89,89,89,122,122,122],"floor_reached":51,"campfire_rested":6,"playtime":3659,"current_hp_per_floor":[80,69,74,74,80,59,54,26,26,16,19,15,39,49,76,26,90,84,63,63,63,63,39,57,63,63,36,36,34,52,63,63,41,63,61,40,39,39,39,42,53,48,48,48,26,26,44,49,63,24],"items_purged":[],"gold":122,"play_id":"d79f7ae6-0e59-45dc-8d3a-450ae9d35e7f","is_prod":false,"is_daily":false,"campfire_rituals":0,"campfire_upgraded":1,"is_hardmode":false,"path_taken":["M","?","M","?","M","E","M","E","T","M","M","M","R","$","R","BOSS","M","?","?","M","M","E","R","E","T","M","M","M","R","M","R","BOSS","M","M","M","$","?","E","M","M","T","$","M","?","R","E","R","BOSS"],"build_version":"2018-01-11-PROD2","purchased_purges":0,"victory":true,"master_deck":["Defend_R","Defend_R","Defend_R","Bash","Blood for Blood","Heavy Blade","Armaments","Flex","Heavy Blade","Flex","Seeing Red","Wild Strike","Twin Strike","Anger","Demon Form","Cleave","Bite_R","Bite_R","Bite_R","Bite_R","Bite_R","Demon Form","Heavy Blade","Spot Weakness","Sever Soul","Pommel Strike","Flex","Berserk","Whirlwind","Uppercut","Whirlwind","Bandage Up","Demon Form","Flex","Sever Soul","Regret","Heavy Blade","Uppercut","Evolve","Disarm"],"max_hp_per_floor":[80,80,80,80,80,80,80,80,80,80,80,80,80,90,90,90,90,90,63,63,63,63,63,63,63,63,63,63,63,63,63,63,63,63,63,63,63,63,63,63,63,63,63,63,63,63,63,63,63,63],"relics":["Burning Blood","Toolbox","Prayer Wheel","Magic Flower","Pear","War Paint","Snecko Eye","Matryoshka","Anchor","Vajra","Pen Nib","Toxic Egg","Cursed Key","Bottled Lightning","Red Mask","Ancient Tea Set","Dream Catcher","Bag of Marbles","Pantograph"],"campfire_meditates":0,"card_choices":[{"not_picked":["Hemokinesis","Cleave"],"picked":"Blood for Blood"},{"not_picked":["Bloodletting","Perfected Strike"],"picked":"Heavy Blade"},{"not_picked":["Heavy Blade","Havoc"],"picked":"Armaments"},{"not_picked":["Body Slam","Pommel Strike"],"picked":"Flex"},{"not_picked":["Second Wind","Dark Embrace"],"picked":"Heavy Blade"},{"not_picked":["Body Slam","Power Through"],"picked":"Flex"},{"not_picked":["Warcry","Rupture"],"picked":"Seeing Red"},{"not_picked":["Bloodletting","Warcry"],"picked":"Wild Strike"},{"not_picked":["Anger","Clash"],"picked":"Twin Strike"},{"not_picked":["Offering","Shrug It Off"],"picked":"Anger"},{"not_picked":["Berserk","Impervious"],"picked":"Demon Form"},{"not_picked":["Shrug It Off","Havoc"],"picked":"Cleave"},{"not_picked":["Armaments","Sword Boomerang"],"picked":"Demon Form"},{"not_picked":["Metallicize","Impervious"],"picked":"Heavy Blade"},{"not_picked":["Rage","Bloodletting"],"picked":"Spot Weakness"},{"not_picked":["Twin Strike","Shockwave"],"picked":"Sever Soul"},{"not_picked":["Body Slam","Anger"],"picked":"Pommel Strike"},{"not_picked":["Corruption","Havoc"],"picked":"Flex"},{"not_picked":["Immolate","Dark Embrace"],"picked":"Berserk"},{"not_picked":["Evolve","Wild Strike"],"picked":"Whirlwind"},{"not_picked":["Body Slam","Second Wind"],"picked":"Uppercut"},{"not_picked":["Combust","Clash"],"picked":"Whirlwind"},{"not_picked":["Feel No Pain","Shrug It Off"],"picked":"Demon Form"},{"not_picked":["Havoc","Iron Wave"],"picked":"Flex"},{"not_picked":["Searing Blow","Ghostly Armor"],"picked":"Sever Soul"},{"not_picked":["Perfected Strike","Twin Strike"],"picked":"Heavy Blade"},{"not_picked":["Warcry","Evolve"],"picked":"Disarm"}],"player_experience":58248,"potions_floor_usage":[5,6,7,8,16,28,29,29,33,41,48,50,50],"damage_taken":[{"damage":1,"enemies":"Jaw Worm","floor":1,"turns":4},{"damage":1,"enemies":"Cultist","floor":3,"turns":3},{"damage":0,"enemies":"Small Slimes","floor":5,"turns":2},{"damage":27,"enemies":"3 Sentries","floor":6,"turns":8},{"damage":11,"enemies":"Red Slaver","floor":7,"turns":4},{"damage":34,"enemies":"Lagavulin","floor":8,"turns":7},{"damage":19,"enemies":"Gremlin Gang","floor":10,"turns":5},{"damage":6,"enemies":"3 Louse","floor":11,"turns":2},{"damage":13,"enemies":"Large Slime","floor":12,"turns":5},{"damage":59,"enemies":"The Guardian","floor":16,"turns":8},{"damage":15,"enemies":"Shell Parasite","floor":18,"turns":3},{"damage":5,"enemies":"Spheric Guardian","floor":21,"turns":3},{"damage":1,"enemies":"Centurion and Healer","floor":22,"turns":4},{"damage":36,"enemies":"Book of Stabbing","floor":23,"turns":4},{"damage":0,"enemies":"Gremlin Leader","floor":25,"turns":5},{"damage":39,"enemies":"Snake Plant","floor":27,"turns":5},{"damage":18,"enemies":"3 Cultists","floor":28,"turns":3},{"damage":17,"enemies":"Slaver and Parasite","floor":29,"turns":4},{"damage":3,"enemies":"Snecko","floor":31,"turns":3},{"damage":37,"enemies":"Automaton","floor":33,"turns":6},{"damage":14,"enemies":"3 Darklings","floor":35,"turns":4},{"damage":38,"enemies":"3 Shapes","floor":36,"turns":4},{"damage":25,"enemies":"Maw","floor":37,"turns":6},{"damage":18,"enemies":"2 Orb Walkers","floor":40,"turns":3},{"damage":10,"enemies":"3 Darklings","floor":41,"turns":3},{"damage":23,"enemies":"4 Shapes","floor":42,"turns":2},{"damage":43,"enemies":"Sphere and 2 Shapes","floor":45,"turns":4},{"damage":15,"enemies":"Giant Head","floor":48,"turns":4},{"damage":59,"enemies":"Time Eater","floor":50,"turns":6}],"event_choices":[{"event_name":"World of Goop","player_choice":"Gather Gold","floor":2,"damage_taken":0},{"event_name":"Golden Shrine","player_choice":"Pray","floor":4,"damage_taken":0},{"event_name":"Vampires","player_choice":"Became a vampire","floor":19,"damage_taken":0},{"event_name":"Addict","player_choice":"Obtained Relic","floor":20,"damage_taken":0},{"event_name":"Tomb of Lord Red Mask","player_choice":"Paid","floor":39,"damage_taken":0},{"event_name":"Transmorgrifier","player_choice":"Transform","floor":46,"damage_taken":0}],"boss_relics":[{"not_picked":["Black Blood","Black Star"],"picked":"Snecko Eye"},{"not_picked":["Tiny House","Calling Bell"],"picked":"Cursed Key"}],"potions_floor_spawned":[1,3,6,7,12,21,25,27,29,35,36,37,42,48],"seed_played":"118157665958718107","is_trial":false}