{"path_per_floor":["M","M","$","?","M","R","M","T","T","R","$","R","?","?","R","B",null,"M","?","$","M","?","R","M","R","T","?","?","R","M","M","R","B",null,"M","?","M","M","$","R"],"character_chosen":"IRONCLAD","items_purchased":["Whirlwind","Armaments","Finesse","Double Tap"],"gold_per_floor":[116,127,1,1,16,16,32,84,165,165,63,63,63,85,85,182,182,202,117,117,129,129,129,149,149,149,149,149,149,160,178,178,277,277,287,287,305,317,177,177],"floor_reached":41,"campfire_rested":3,"playtime":3324,"current_hp_per_floor":[80,80,80,80,70,70,64,64,64,64,64,80,80,76,76,17,80,80,80,80,69,69,69,69,69,69,69,69,69,78,53,77,11,80,80,80,52,25,25,49],"items_purged":[],"gold":177,"play_id":"d48500d4-b2b9-41f4-9bfc-68b8ed1cca97","is_prod":false,"is_daily":false,"campfire_rituals":0,"campfire_upgraded":6,"is_hardmode":false,"path_taken":["M","M","$","?","?","R","M","?","T","R","?","R","?","?","R","BOSS","M","?","$","?","?","R","M","R","T","?","?","R","M","M","R","BOSS","M","?","?","M","$","R","E"],"build_version":"2018-01-18-PROD4","purchased_purges":0,"victory":false,"master_deck":["Strike_R","Strike_R","Strike_R","Strike_R","Strike_R","Defend_R","Defend_R","Defend_R","Defend_R","Bash","Pommel Strike","Infernal Blade","Whirlwind","Armaments","Bloodletting","Finesse","Twin Strike","Reaper","Shockwave","Clash","Blood for Blood","Perfected Strike","Iron Wave","Barricade","Metallicize","Flex","Blood for Blood","Double Tap"],"max_hp_per_floor":[80,80,80,80,80,80,80,80,80,80,80,80,80,80,80,80,80,80,80,80,80,80,80,80,80,80,80,80,80,80,80,80,80,80,80,80,80,80,80,80],"relics":["Black Blood","Orichalcum","Centennial Puzzle","Odd Mushroom","Velvet Choker","Bird Faced Urn","Peace Pipe"],"campfire_meditates":0,"card_choices":[{"not_picked":["Iron Wave","Headbutt"],"picked":"Pommel Strike"},{"not_picked":["True Grit","Headbutt"],"picked":"Infernal Blade"},{"not_picked":["Burning Pact","Perfected Strike"],"picked":"Bloodletting"},{"not_picked":["Shrug It Off","Armaments"],"picked":"Cleave"},{"not_picked":["Bloodletting","Feel No Pain"],"picked":"Twin Strike"},{"not_picked":["Fiend Fire","Berserk"],"picked":"Reaper"},{"not_picked":["Armaments","Iron Wave"],"picked":"Shockwave"},{"not_picked":["Flex","Rage"],"picked":"Clash"},{"not_picked":["Burning Pact","Shrug It Off"],"picked":"Blood for Blood"},{"not_picked":["Second Wind","Warcry"],"picked":"Perfected Strike"},{"not_picked":["Twin Strike","Hemokinesis"],"picked":"Iron Wave"},{"not_picked":["Impervious","Fiend Fire"],"picked":"Barricade"},{"not_picked":["Iron Wave","Sever Soul"],"picked":"Metallicize"},{"not_picked":["Sword Boomerang","Hemokinesis"],"picked":"Flex"},{"not_picked":["Burning Pact","Warcry"],"picked":"Blood for Blood"}],"player_experience":0,"potions_floor_usage":[],"damage_taken":[{"damage":0.0,"enemies":"Small Slimes","floor":1.0,"turns":4.0},{"damage":3.0,"enemies":"Jaw Worm","floor":2.0,"turns":4.0},{"damage":16.0,"enemies":"Blue Slaver","floor":5.0,"turns":4.0},{"damage":12.0,"enemies":"Exordium Wildlife","floor":7.0,"turns":4.0},{"damage":10.0,"enemies":"The Mushroom Lair","floor":14.0,"turns":3.0},{"damage":65.0,"enemies":"The Guardian","floor":16.0,"turns":9.0},{"damage":5.0,"enemies":"Chosen","floor":18.0,"turns":5.0},{"damage":17.0,"enemies":"Spheric Guardian","floor":21.0,"turns":4.0},{"damage":6.0,"enemies":"Chosen and Byrds","floor":24.0,"turns":5.0},{"damage":4.0,"enemies":"Centurion and Healer","floor":30.0,"turns":3.0},{"damage":36.0,"enemies":"Snake Plant","floor":31.0,"turns":5.0},{"damage":98.0,"enemies":"Champ","floor":33.0,"turns":13.0},{"damage":15.0,"enemies":"3 Darklings","floor":35.0,"turns":3.0},{"damage":39.0,"enemies":"3 Shapes","floor":37.0,"turns":5.0},{"damage":49.0,"enemies":"Sphere and 2 Shapes","floor":38.0,"turns":8.0},{"damage":67,"enemies":"Nemesis","floor":41,"turns":9}],"event_choices":[{"event_name":"Golden Wing","player_choice":"Ignored","floor":4.0,"damage_taken":0.0},{"event_name":"Living Wall","player_choice":"Grow","floor":13.0,"damage_taken":0.0},{"event_name":"Mushrooms","player_choice":"Fought Mushrooms","floor":14.0,"damage_taken":0.0},{"event_name":"Addict","player_choice":"Obtained Relic","floor":19.0,"damage_taken":0.0},{"event_name":"Beggar","player_choice":"Ignored","floor":22.0,"damage_taken":0.0},{"event_name":"Upgrade Shrine","player_choice":"Upgraded","floor":27.0,"damage_taken":0.0},{"event_name":"The Lab","player_choice":"Got Potions","floor":28.0,"damage_taken":0.0}],"boss_relics":[],"potions_floor_spawned":[2,5,18,24,33,38],"seed_played":"-6213531822199087039","killed_by":"Nemesis","is_trial":false}