{"path_per_floor":["M","?","M","$","M","R","M","?","T","R","$","M","M","M","R","B",null,"M","$","M","?","M","R","M","R","T","?","M","$","M","$","R","B",null,"M","?","$","M","T","R","?","?","T","?"],"character_chosen":"IRONCLAD","items_purchased":["Apotheosis","Searing Blow","Headbutt","Inflame","Bandage Up","Madness"],"gold_per_floor":[118,293,306,24,36,36,55,55,129,129,30,42,54,66,66,171,171,184,84,94,94,109,109,124,124,148,148,163,90,106,10,10,107,107,118,118,24,35,35,35,0,0,70,423],"floor_reached":45,"campfire_rested":3,"playtime":3076,"current_hp_per_floor":[80,80,76,76,74,74,80,80,80,80,80,78,78,73,73,71,80,74,74,70,70,55,79,57,57,57,57,31,31,14,14,38,7,80,26,46,46,42,42,66,66,66,66,43],"items_purged":["Regret","Doubt"],"gold":423,"play_id":"f28b848a-317e-4bdb-9ce3-8b76f3c29cd5","is_prod":false,"is_daily":false,"is_ascension_mode":false,"campfire_upgraded":4,"path_taken":["M","?","M","$","M","R","M","?","T","R","$","M","M","M","R","BOSS","M","$","M","?","M","R","M","R","T","?","?","$","M","$","R","BOSS","M","?","?","M","?","R","?","?","T","?","E"],"build_version":"2018-01-25-PROD3","purchased_purges":2,"victory":false,"master_deck":["Strike_R+1","Strike_R+1","Strike_R+1","Strike_R+1","Strike_R+1","Defend_R+1","Defend_R+1","Defend_R+1","Defend_R+1","Bash+1","Thunderclap+1","Clash","Apotheosis+1","Searing Blow+1","Feel No Pain","Sword Boomerang","Headbutt","Shockwave","Heavy Blade","Disarm","Juggernaut","Headbutt","Metallicize+1","Intimidate","Headbutt+1","Iron Wave","Inflame","Iron Wave+1","Bandage Up","Barricade","Power Through","Combust","Spot Weakness","Seeing Red+1","Perfected Strike","Pummel","Writhe","Madness","Heavy Blade+1","Bash","Deep Breath","Heavy Blade+1"],"max_hp_per_floor":[80,80,80,80,80,80,80,80,80,80,80,80,80,80,80,80,80,80,80,80,80,80,80,80,80,80,80,80,80,80,80,80,80,80,80,80,80,80,80,80,80,80,80,80],"relics":["Burning Blood","Ornamental Fan","Mercury Hourglass","White Beast Statue","Happy Flower","Orrery","Pantograph","Red Mask","Bottled Flame","Old Coin"],"card_choices":[{"not_picked":["Body Slam","Feel No Pain"],"picked":"Thunderclap"},{"not_picked":["Warcry","Corruption"],"picked":"Clash"},{"not_picked":["Body Slam","True Grit"],"picked":"Feel No Pain"},{"not_picked":["Twin Strike","Perfected Strike"],"picked":"Sword Boomerang"},{"not_picked":["Clothesline","Warcry"],"picked":"Shockwave"},{"not_picked":["Corruption","Brutality"],"picked":"Heavy Blade"},{"not_picked":["Thunderclap","Rage"],"picked":"Disarm"},{"not_picked":["Brutality","Limit Break"],"picked":"Juggernaut"},{"not_picked":["Shrug It Off","Armaments"],"picked":"Headbutt"},{"not_picked":["Cleave","Brutality"],"picked":"Metallicize"},{"not_picked":["Dual Wield","Cleave"],"picked":"Intimidate"},{"not_picked":["Fire Breathing","Twin Strike"],"picked":"Headbutt"},{"not_picked":["Blood for Blood","Pommel Strike"],"picked":"Iron Wave"},{"not_picked":["Dropkick","Perfected Strike"],"picked":"Iron Wave"},{"not_picked":["Offering","Berserk"],"picked":"Barricade"},{"not_picked":["Armaments","Combust"],"picked":"Power Through"},{"not_picked":["Reckless Charge","Rage"],"picked":"Combust"},{"not_picked":["Twin Strike","Heavy Blade"],"picked":"Spot Weakness"},{"not_picked":["Warcry","Shockwave"],"picked":"Seeing Red"},{"not_picked":["Combust","Iron Wave"],"picked":"Perfected Strike"},{"not_picked":["Armaments","Pommel Strike"],"picked":"Pummel"},{"not_picked":["Sword Boomerang","Armaments"],"picked":"Heavy Blade"},{"not_picked":["Fiend Fire","Perfected Strike"],"picked":"Heavy Blade"}],"player_experience":8967,"potions_floor_usage":[16,20,22,24,30,33,33,33,44,45,45,45],"damage_taken":[{"damage":0,"enemies":"2 Louse","floor":1,"turns":2},{"damage":10,"enemies":"Cultist","floor":3,"turns":4},{"damage":8,"enemies":"Small Slimes","floor":5,"turns":3},{"damage":0,"enemies":"3 Louse","floor":7,"turns":3},{"damage":8,"enemies":"Red Slaver","floor":12,"turns":4},{"damage":6,"enemies":"Looter","floor":13,"turns":2},{"damage":11,"enemies":"3 Louse","floor":14,"turns":2},{"damage":19,"enemies":"Slime Boss","floor":16,"turns":10},{"damage":12,"enemies":"Spheric Guardian","floor":18,"turns":4},{"damage":10,"enemies":"Chosen","floor":20,"turns":4},{"damage":21,"enemies":"3 Cultists","floor":22,"turns":4},{"damage":28,"enemies":"Centurion and Healer","floor":24,"turns":6},{"damage":32,"enemies":"Snake Plant","floor":28,"turns":4},{"damage":23,"enemies":"Chosen and Byrds","floor":30,"turns":4},{"damage":41,"enemies":"Collector","floor":33,"turns":10},{"damage":66,"enemies":"3 Darklings","floor":35,"turns":6},{"damage":16,"enemies":"Orb Walker","floor":38,"turns":4},{"damage":33,"enemies":"Mysterious Sphere","floor":44,"turns":5},{"damage":73,"enemies":"Giant Head","floor":45,"turns":7}],"event_choices":[{"event_name":"Liars Game","player_choice":"agreed","floor":2,"damage_taken":0},{"event_name":"Big Fish","player_choice":"Box","floor":8,"damage_taken":0},{"event_name":"Back to Basics","player_choice":"Simplicity","floor":21,"damage_taken":0},{"event_name":"Beggar","player_choice":"Ignored","floor":27,"damage_taken":0},{"event_name":"Winding Halls","player_choice":"Writhe","floor":36,"damage_taken":0},{"event_name":"Tomb of Lord Red Mask","player_choice":"Paid","floor":41,"damage_taken":0},{"event_name":"Match and Keep!","player_choice":"2 cards matched","floor":42,"damage_taken":0},{"event_name":"Mysterious Sphere","player_choice":"Fight","floor":44,"damage_taken":0}],"boss_relics":[{"not_picked":["Question Card","Mark of Pain"],"picked":"White Beast Statue"},{"not_picked":["Runic Cube","Black Blood"],"picked":"Orrery"}],"potions_floor_spawned":[3,7,14,18,20,22,24,28,30,33,35,38,44],"seed_played":"-3803443173370298670","killed_by":"Giant Head","ascension_level":0,"is_trial":false}