{"path_per_floor":["M","?","M","?","M","R","E","M","T","$","R","E","R","$","R","B",null,"M","T","M","$","M"],"character_chosen":"IRONCLAD","items_purchased":["Toy Ornithopter","Armaments","Fire Potion","Happy Flower","Flex"],"gold_per_floor":[115,415,429,429,444,444,507,517,517,145,145,177,177,5,5,107,107,126,126,140,40,58],"floor_reached":23,"campfire_rested":1,"playtime":1057,"current_hp_per_floor":[80,80,80,80,63,63,50,44,44,44,44,46,70,70,70,32,80,80,80,76,76,49],"items_purged":["Defend_R","Defend_R"],"gold":58,"play_id":"ada42010-cf5e-4ca8-8740-a2a723bd6051","is_prod":false,"is_daily":false,"campfire_rituals":0,"campfire_upgraded":3,"is_hardmode":false,"path_taken":["M","?","M","?","M","R","E","?","T","$","R","E","R","$","R","BOSS","M","?","M","$","M","E"],"build_version":"2018-01-18-PROD4","purchased_purges":2,"victory":false,"master_deck":["Strike_R","Strike_R","Strike_R","Strike_R","Strike_R","Defend_R","Defend_R","Bash","Heavy Blade","Cleave","Clash","Demon Form","Pommel Strike","Armaments","Flex","Bludgeon","Flex"],"max_hp_per_floor":[80,80,80,80,80,80,80,80,80,80,80,80,80,80,80,80,80,80,80,80,80,80],"relics":["Burning Blood","Old Coin","Spirit Poop","Tiny Chest","Magic Flower","Toy Ornithopter","Omamori","Happy Flower","Black Star","Ice Cream"],"campfire_meditates":0,"card_choices":[{"not_picked":["Second Wind","Rage"],"picked":"Heavy Blade"},{"not_picked":["Shockwave","Battle Trance"],"picked":"Cleave"},{"not_picked":["Pummel","Body Slam"],"picked":"Clash"},{"not_picked":["True Grit","Metallicize"],"picked":"Demon Form"},{"not_picked":["Perfected Strike","Sword Boomerang"],"picked":"Pommel Strike"},{"not_picked":["Exhume","Brutality"],"picked":"Bludgeon"},{"not_picked":["True Grit","Ghostly Armor"],"picked":"Flex"}],"player_experience":139451,"potions_floor_usage":[7,12,18,18,20,22,23],"damage_taken":[{"damage":5,"enemies":"Cultist","floor":1,"turns":4},{"damage":5,"enemies":"Small Slimes","floor":3,"turns":4},{"damage":23,"enemies":"Blue Slaver","floor":5,"turns":5},{"damage":19,"enemies":"Gremlin Nob","floor":7,"turns":4},{"damage":12,"enemies":"Looter","floor":8,"turns":5},{"damage":12,"enemies":"Lagavulin","floor":12,"turns":6},{"damage":47,"enemies":"Hexaghost","floor":16,"turns":8},{"damage":12,"enemies":"Shell Parasite","floor":18,"turns":4},{"damage":18,"enemies":"Chosen","floor":20,"turns":3},{"damage":40,"enemies":"Centurion and Healer","floor":22,"turns":6},{"damage":62,"enemies":"Book of Stabbing","floor":23,"turns":4}],"event_choices":[{"event_name":"Big Fish","player_choice":"Box","floor":2,"damage_taken":0},{"event_name":"Bonfire Elementals","player_choice":"CURSE","floor":4,"damage_taken":0}],"boss_relics":[{"not_picked":["Question Card","Eternal Feather"],"picked":"Black Star"}],"potions_floor_spawned":[1,3,8,16,18,22],"seed_played":"94114443338026303","killed_by":"Book of Stabbing","is_trial":false}