{"path_per_floor":["M","?","?","M","M","R","E","$","T","?","M","?","R","M","R","B",null,"M","M","$","?","M","R","E","R","T","?","?","E","$","M","R","B",null,"M","M","$","M","M","E","M","$","T"],"character_chosen":"IRONCLAD","items_purchased":["Apotheosis","Dual Wield","Fire Potion"],"gold_per_floor":[119,119,119,133,151,151,184,4,4,4,20,20,20,36,36,141,141,151,135,8,8,19,19,50,50,99,14,14,44,44,58,58,155,155,171,189,114,126,143,170,184,84,109],"floor_reached":44,"campfire_rested":2,"playtime":3653,"current_hp_per_floor":[79,79,79,80,73,73,39,39,39,39,45,29,53,67,67,58,82,86,76,76,76,49,75,81,81,81,91,91,96,96,98,98,36,115,100,93,93,86,76,46,72,72,72],"items_purged":["Regret","Strike_R"],"gold":109,"play_id":"96241601-1aff-4e56-92b7-9e41fe103c34","is_prod":false,"is_daily":false,"campfire_rituals":0,"campfire_upgraded":4,"is_hardmode":false,"path_taken":["M","?","?","M","?","R","E","$","T","?","M","?","R","M","R","BOSS","M","M","$","?","M","R","E","R","T","?","?","E","$","?","R","BOSS","M","M","?","M","M","E","M","$","T","E"],"build_version":"2018-01-18-PROD4","purchased_purges":2,"victory":false,"master_deck":["Strike_R","Strike_R","Strike_R","Strike_R","Bash","Cleave","Ghostly Armor","Heavy Blade","Twin Strike","Apotheosis","Metallicize","Feed","Clash","Clash","Dual Wield","Twin Strike","Clash","Uppercut","Shrug It Off","Reaper","Armaments","Flex","Twin Strike"],"max_hp_per_floor":[80,80,80,80,80,80,80,80,80,80,82,82,82,82,82,82,82,86,89,89,89,89,89,93,93,93,103,103,107,107,113,113,115,115,117,117,117,117,123,129,131,131,131],"relics":["Burning Blood","Ancient Tea Set","Singing Bowl","Torii","Anchor","Velvet Choker","Whetstone","Pen Nib","Pear","Happy Flower","Astrolabe","Shovel","Blood Vial"],"campfire_meditates":0,"card_choices":[{"not_picked":["Feel No Pain","Shrug It Off"],"picked":"Cleave"},{"not_picked":["Spot Weakness","Bloodletting"],"picked":"Heavy Blade"},{"not_picked":["True Grit","Whirlwind"],"picked":"Twin Strike"},{"not_picked":["Disarm","Thunderclap"],"picked":"Metallicize"},{"not_picked":["Dark Embrace","Fiend Fire"],"picked":"Feed"},{"not_picked":["Perfected Strike","Seeing Red"],"picked":"Clash"},{"not_picked":["Armaments","Anger"],"picked":"Clash"},{"not_picked":["Iron Wave","Dropkick"],"picked":"Twin Strike"},{"not_picked":["Feed","Havoc"],"picked":"Clash"},{"not_picked":["Clash","True Grit"],"picked":"Uppercut"},{"not_picked":["Battle Trance","Dual Wield"],"picked":"Flex"},{"not_picked":["Cleave","Body Slam"],"picked":"Twin Strike"}],"player_experience":140508,"potions_floor_usage":[7,7,14,16,24,24,29,38,39,40],"damage_taken":[{"damage":7,"enemies":"2 Louse","floor":1,"turns":3},{"damage":1,"enemies":"Cultist","floor":4,"turns":3},{"damage":13,"enemies":"Jaw Worm","floor":5,"turns":3},{"damage":40,"enemies":"Lagavulin","floor":7,"turns":7},{"damage":2,"enemies":"Exordium Wildlife","floor":11,"turns":3},{"damage":7,"enemies":"Lots of Slimes","floor":14,"turns":6},{"damage":15,"enemies":"The Guardian","floor":16,"turns":9},{"damage":3,"enemies":"3 Byrds","floor":18,"turns":6},{"damage":19,"enemies":"2 Thieves","floor":19,"turns":4},{"damage":33,"enemies":"Chosen and Byrds","floor":22,"turns":7},{"damage":4,"enemies":"Slavers","floor":24,"turns":4},{"damage":5,"enemies":"Book of Stabbing","floor":29,"turns":4},{"damage":10,"enemies":"Centurion and Healer","floor":31,"turns":4},{"damage":70,"enemies":"Collector","floor":33,"turns":11},{"damage":23,"enemies":"Orb Walker","floor":35,"turns":3},{"damage":13,"enemies":"3 Darklings","floor":36,"turns":6},{"damage":13,"enemies":"Maw","floor":38,"turns":6},{"damage":58,"enemies":"4 Shapes","floor":39,"turns":6},{"damage":51,"enemies":"Giant Head","floor":40,"turns":7},{"damage":0,"enemies":"Sphere and 2 Shapes","floor":41,"turns":3},{"damage":96,"enemies":"Nemesis","floor":44,"turns":9}],"event_choices":[{"event_name":"Living Wall","player_choice":"Change","floor":2,"damage_taken":0},{"event_name":"Liars Game","player_choice":"disagreed","floor":3,"damage_taken":0},{"event_name":"Big Fish","player_choice":"Box","floor":10,"damage_taken":0},{"event_name":"Shining Light","player_choice":"Entered Light","floor":12,"damage_taken":0},{"event_name":"Drug Dealer","player_choice":"Ignored","floor":21,"damage_taken":0},{"event_name":"Addict","player_choice":"Obtained Relic","floor":27,"damage_taken":0},{"event_name":"Back to Basics","player_choice":"Simplicity","floor":28,"damage_taken":0}],"boss_relics":[{"not_picked":["Question Card","Runic Dome"],"picked":"Velvet Choker"},{"not_picked":["Eternal Feather","Lizard Tail"],"picked":"Astrolabe"}],"potions_floor_spawned":[1,5,7,14,22,24,33,35,38],"seed_played":"7982018285973021384","killed_by":"Nemesis","is_trial":false}