{"path_per_floor":["M","?","M","$","M","E","?","R","T","?","E","M","R","M","R","B",null,"M","M","$","M","$","R","E","?","T","$","M","?","M","M","R","B",null,"M","?","M","$","?","E","R","M","T","R","M","?","R","?","R","B"],"character_chosen":"IRONCLAD","items_purchased":["Clash","Apotheosis","Iron Wave","Flex","Pen Nib"],"gold_per_floor":[113,113,127,5,19,44,106,106,106,106,131,151,151,168,168,265,265,284,294,89,99,51,51,81,6,29,29,48,48,65,77,77,172,202,217,217,229,29,29,60,60,77,77,77,88,88,88,88,88,88],"floor_reached":51,"campfire_rested":6,"playtime":2544,"current_hp_per_floor":[80,47,50,50,54,38,30,54,54,54,52,58,58,61,61,69,80,80,80,80,60,60,60,69,69,69,69,55,55,54,40,64,73,85,62,62,70,70,70,14,39,10,10,35,35,35,60,60,85,82],"items_purged":["Defend_R"],"gold":88,"play_id":"0f4b79b9-cf66-41b4-93bc-d0aa770083c6","is_prod":false,"is_daily":false,"campfire_rituals":0,"campfire_upgraded":3,"is_hardmode":false,"path_taken":["M","?","M","$","?","E","?","R","T","?","E","M","R","M","R","BOSS","M","M","$","M","$","R","E","?","T","?","M","?","M","M","R","BOSS","M","?","M","$","?","E","R","M","T","R","M","?","R","?","R","BOSS"],"build_version":"2018-01-18-PROD3","purchased_purges":1,"victory":true,"master_deck":["Strike_R","Strike_R","Strike_R","Strike_R","Strike_R","Bash","Shrug It Off","Inflame","Clash","Flex","Armaments","Inflame","Pummel","Twin Strike","Limit Break","Cleave","Clash","Apotheosis","Iron Wave","Whirlwind","Demon Form","Spot Weakness","Pummel","Flex","Limit Break","Limit Break","Dropkick","Iron Wave"],"max_hp_per_floor":[80,80,80,80,80,80,80,80,80,80,80,80,80,80,80,80,80,80,80,80,80,80,80,80,80,80,80,80,80,80,80,80,80,85,85,85,85,85,85,85,85,85,85,85,85,85,85,85,85,85],"relics":["Burning Blood","Ornamental Fan","Calipers","Lantern","Ancient Tea Set","Magic Flower","Velvet Choker","Anchor","Prayer Wheel","Tiny House","Pen Nib","Toolbox","Juzu Bracelet"],"campfire_meditates":0,"card_choices":[{"not_picked":["Disarm","Warcry"],"picked":"Shrug It Off"},{"not_picked":["Uppercut","Twin Strike"],"picked":"Inflame"},{"not_picked":["Shockwave","Body Slam"],"picked":"Flex"},{"not_picked":["Iron Wave","Feel No Pain"],"picked":"Armaments"},{"not_picked":["Feel No Pain","Cleave"],"picked":"Inflame"},{"not_picked":["Thunderclap","Warcry"],"picked":"Pummel"},{"not_picked":["Havoc","Rage"],"picked":"Twin Strike"},{"not_picked":["Twin Strike","Thunderclap"],"picked":"Limit Break"},{"not_picked":["Fiend Fire","Berserk"],"picked":"Barricade"},{"not_picked":["Power Through","Clothesline"],"picked":"Cleave"},{"not_picked":["Cleave","Anger"],"picked":"Clash"},{"not_picked":["Searing Blow","Dropkick"],"picked":"Whirlwind"},{"not_picked":["Offering","Dark Embrace"],"picked":"Demon Form"},{"not_picked":["Rampage","Perfected Strike"],"picked":"Spot Weakness"},{"not_picked":["Headbutt","Sentinel"],"picked":"Pummel"},{"not_picked":["Flame Barrier","Twin Strike"],"picked":"Limit Break"},{"not_picked":["Spot Weakness","Intimidate"],"picked":"Dropkick"},{"not_picked":["Sever Soul","Warcry"],"picked":"Iron Wave"}],"player_experience":126654,"potions_floor_usage":[7,11,12,21,21,33,35,40,50],"damage_taken":[{"damage":5,"enemies":"Cultist","floor":1,"turns":4},{"damage":3,"enemies":"Jaw Worm","floor":3,"turns":5},{"damage":2,"enemies":"Blue Slaver","floor":5,"turns":4},{"damage":22,"enemies":"Gremlin Nob","floor":6,"turns":4},{"damage":14,"enemies":"3 Sentries","floor":7,"turns":8},{"damage":8,"enemies":"Lagavulin","floor":11,"turns":6},{"damage":3,"enemies":"3 Louse","floor":12,"turns":3},{"damage":6,"enemies":"Large Slime","floor":14,"turns":3},{"damage":1,"enemies":"The Guardian","floor":16,"turns":6},{"damage":5,"enemies":"Spheric Guardian","floor":18,"turns":3},{"damage":6,"enemies":"Chosen","floor":19,"turns":3},{"damage":29,"enemies":"3 Cultists","floor":21,"turns":5},{"damage":0,"enemies":"Gremlin Leader","floor":24,"turns":5},{"damage":23,"enemies":"Centurion and Healer","floor":28,"turns":4},{"damage":10,"enemies":"Chosen and Byrds","floor":30,"turns":5},{"damage":23,"enemies":"Snake Plant","floor":31,"turns":3},{"damage":0,"enemies":"Champ","floor":33,"turns":5},{"damage":32,"enemies":"3 Shapes","floor":35,"turns":5},{"damage":1,"enemies":"Orb Walker","floor":37,"turns":2},{"damage":65,"enemies":"2 Orb Walkers","floor":40,"turns":5},{"damage":38,"enemies":"Sphere and 2 Shapes","floor":42,"turns":9},{"damage":9,"enemies":"3 Darklings","floor":45,"turns":4},{"damage":12,"enemies":"Awakened One","floor":50,"turns":6}],"event_choices":[{"event_name":"Scrap Ooze","player_choice":"success","floor":2,"damage_taken":33},{"event_name":"Dead Adventurer","player_choice":"Searched \u00273\u0027 times","floor":7,"damage_taken":0},{"event_name":"Bonfire Elementals","player_choice":"BASIC","floor":10,"damage_taken":0},{"event_name":"Beggar","player_choice":"Gave Gold","floor":25,"damage_taken":0},{"event_name":"Purifier","player_choice":"One Purge","floor":29,"damage_taken":0},{"event_name":"Purifier","player_choice":"One Purge","floor":36,"damage_taken":0},{"event_name":"Duplicator","player_choice":"One dupe","floor":39,"damage_taken":0},{"event_name":"Accursed Blacksmith","player_choice":"Ignore","floor":46,"damage_taken":0},{"event_name":"Mysterious Sphere","player_choice":"Ignore","floor":48,"damage_taken":0}],"boss_relics":[{"not_picked":["Pandora\u0027s Box","White Beast Statue"],"picked":"Velvet Choker"},{"not_picked":["Runic Cube","Eternal Feather"],"picked":"Tiny House"}],"potions_floor_spawned":[1,6,7,12,14,19,24,30,33,35,42],"seed_played":"-7275632685296369353","is_trial":false}