{"path_per_floor":["M","?","M","?","?","E","R","M","T","R","M","R","M","?","R","B",null,"M","?","?","M","M","R","E","R","T","M","R","$","M"],"character_chosen":"IRONCLAD","items_purchased":["Darkstone Periapt"],"gold_per_floor":[109,109,127,127,127,154,154,172,172,172,192,192,208,208,208,305,305,321,421,346,358,372,372,406,406,406,425,425,108,125],"floor_reached":31,"campfire_rested":2,"playtime":8220,"current_hp_per_floor":[74,67,73,66,66,36,36,35,35,35,34,34,37,37,61,13,64,67,67,67,67,42,42,19,41,41,43,43,43,19],"items_purged":["Strike_R"],"gold":125,"play_id":"1cf60055-48f8-4550-afa2-a5e98f5c768e","is_prod":false,"is_daily":false,"campfire_rituals":0,"campfire_upgraded":5,"is_hardmode":false,"path_taken":["M","?","?","?","?","E","R","M","T","R","M","R","M","?","R","BOSS","M","?","?","M","M","R","E","R","T","M","R","?","M","E"],"build_version":"2018-01-18-PROD4","purchased_purges":1,"victory":false,"master_deck":["Strike_R","Strike_R","Strike_R","Strike_R","Defend_R","Defend_R","Defend_R","Bash","Shrug It Off","Inflame","Flash of Steel","Cleave","Inflame","Warcry","Anger","Anger","Feed","Pommel Strike","Thunderclap","Thunderclap","Reckless Charge","Dropkick","Dropkick"],"max_hp_per_floor":[80,80,80,80,80,80,80,80,80,80,80,80,80,80,80,80,64,67,67,67,67,70,70,74,74,74,78,78,78,78],"relics":["Burning Blood","Self Forming Clay","Toxic Egg","Sundial","Runic Cube","Anchor","Gambling Chip","Darkstone Periapt"],"campfire_meditates":0,"card_choices":[{"not_picked":["Armaments","True Grit"],"picked":"Shrug It Off"},{"not_picked":["Warcry","True Grit"],"picked":"Inflame"},{"not_picked":["Warcry","Twin Strike"],"picked":"Inflame"},{"not_picked":["Flex","True Grit"],"picked":"Warcry"},{"not_picked":["True Grit","Dark Embrace"],"picked":"Anger"},{"not_picked":["Flex","Armaments"],"picked":"Anger"},{"not_picked":["Barricade","Brutality"],"picked":"Feed"},{"not_picked":["Thunderclap","Flame Barrier"],"picked":"Pommel Strike"},{"not_picked":["Blood for Blood","Disarm"],"picked":"Thunderclap"},{"not_picked":["Sword Boomerang","Flex"],"picked":"Thunderclap"},{"not_picked":["Rage","Clash"],"picked":"Reckless Charge"},{"not_picked":["True Grit","Bloodletting"],"picked":"Dropkick"},{"not_picked":["Twin Strike","Shockwave"],"picked":"Dropkick"}],"player_experience":0,"potions_floor_usage":[],"damage_taken":[{"damage":12,"enemies":"Cultist","floor":1,"turns":5},{"damage":0,"enemies":"Small Slimes","floor":3,"turns":3},{"damage":36,"enemies":"Lagavulin","floor":6,"turns":8},{"damage":7,"enemies":"Blue Slaver","floor":8,"turns":4},{"damage":7,"enemies":"Looter","floor":11,"turns":4},{"damage":3,"enemies":"3 Louse","floor":13,"turns":3},{"damage":54,"enemies":"The Guardian","floor":16,"turns":9},{"damage":5,"enemies":"Spheric Guardian","floor":18,"turns":3},{"damage":5,"enemies":"Chosen","floor":21,"turns":5},{"damage":34,"enemies":"Centurion and Healer","floor":22,"turns":5},{"damage":33,"enemies":"Slavers","floor":24,"turns":4},{"damage":8,"enemies":"3 Cultists","floor":27,"turns":3},{"damage":30,"enemies":"Snake Plant","floor":30,"turns":3},{"damage":21,"enemies":"Gremlin Leader","floor":31,"turns":4}],"event_choices":[{"event_name":"Golden Wing","player_choice":"Card Removal","floor":2,"damage_taken":0},{"event_name":"Scrap Ooze","player_choice":"success","floor":4,"damage_taken":7},{"event_name":"Match and Keep!","player_choice":"3 cards matched","floor":5,"damage_taken":0},{"event_name":"Upgrade Shrine","player_choice":"Upgraded","floor":14,"damage_taken":0},{"event_name":"Golden Shrine","player_choice":"Pray","floor":19,"damage_taken":0},{"event_name":"Beggar","player_choice":"Gave Gold","floor":20,"damage_taken":0}],"boss_relics":[{"not_picked":["Question Card","Runic Pyramid"],"picked":"Runic Cube"}],"potions_floor_spawned":[6,11,13,18,22,24],"seed_played":"-1838568125902070023","killed_by":"Gremlin Leader","is_trial":false}