{"path_per_floor":["M","M","T","?","?","E","M","E","T","M","$","E","?","E","R","B",null,"M","$","$","?","M","E","?","E","T","R","M","?","M","M","R","B",null,"M","T","$","?","$","R","M","M","T","$","?","M","?","$","R","B"],"character_chosen":"IRONCLAD","items_purchased":["Red Skull","Frozen Egg","Metallicize","Ice Cream","Metallicize"],"gold_per_floor":[114,133,158,158,158,186,197,222,522,532,169,195,270,296,296,399,399,418,163,83,183,201,228,228,253,283,283,303,303,315,333,333,438,438,456,456,19,119,37,37,53,68,68,68,123,133,133,133,133,133],"floor_reached":51,"campfire_rested":3,"playtime":2981,"current_hp_per_floor":[70,72,72,72,72,64,66,51,51,56,56,61,50,38,62,39,80,65,65,65,65,60,55,55,46,46,73,67,63,39,52,52,51,63,63,63,63,63,63,63,63,58,58,58,42,38,38,38,56,46],"items_purged":["Regret","Defend_R","Decay"],"gold":133,"play_id":"3090759d-137b-44ae-a4c0-b41bb3134990","is_prod":false,"is_daily":false,"campfire_rituals":0,"campfire_upgraded":2,"is_hardmode":false,"path_taken":["M","M","?","?","?","E","M","E","T","M","?","E","?","E","R","BOSS","M","?","$","?","M","E","?","E","T","R","M","?","M","M","R","BOSS","M","?","$","?","$","R","M","?","T","$","?","M","?","?","R","BOSS"],"build_version":"2018-01-18-PROD4","purchased_purges":3,"victory":true,"master_deck":["Defend_R","Defend_R","Bash","Demon Form","Armaments","Shrug It Off","Cleave","Flex","Iron Wave","Flex","Armaments","Barricade","Clothesline","Metallicize","Body Slam","Decay","Headbutt","Heavy Blade","Bite_R","Bite_R","Bite_R","Bite_R","Bite_R","Inflame","Infernal Blade","Exhume","Shrug It Off","Pain","Metallicize","Pommel Strike","Rage","Decay","Pommel Strike","Body Slam"],"max_hp_per_floor":[80,80,80,80,80,80,80,80,80,80,80,80,80,80,80,80,80,80,80,80,80,80,80,80,90,90,90,90,63,63,63,63,63,63,63,63,63,63,63,63,63,63,63,63,63,63,63,63,63,63],"relics":["Burning Blood","Happy Flower","Self Forming Clay","Orichalcum","Gremlin Horn","Old Coin","Red Skull","Bird Faced Urn","Meat on the Bone","Cursed Key","Frozen Egg","Frozen Eye","Pear","Tiny Chest","Sozu","Blood Vial","Ice Cream","Paper Frog","Torii"],"campfire_meditates":0,"card_choices":[{"not_picked":["Evolve","Warcry"],"picked":"Armaments"},{"not_picked":["Havoc","Twin Strike"],"picked":"Shrug It Off"},{"not_picked":["Bludgeon","Impervious"],"picked":"Cleave"},{"not_picked":["Shrug It Off","Perfected Strike"],"picked":"Flex"},{"not_picked":["Flame Barrier","Anger"],"picked":"Iron Wave"},{"not_picked":["Havoc","Dropkick"],"picked":"Flex"},{"not_picked":["Shrug It Off","Feel No Pain"],"picked":"Armaments"},{"not_picked":["Offering","Fiend Fire"],"picked":"Barricade"},{"not_picked":["Heavy Blade","Burning Pact"],"picked":"Clothesline"},{"not_picked":["Power Through","Warcry"],"picked":"Body Slam"},{"not_picked":["Feel No Pain","Blood for Blood"],"picked":"Immolate"},{"not_picked":["Rupture","Wild Strike"],"picked":"Headbutt"},{"not_picked":["Twin Strike","Thunderclap"],"picked":"Heavy Blade"},{"not_picked":["Clothesline","Pommel Strike"],"picked":"Inflame"},{"not_picked":["Warcry","Corruption"],"picked":"Infernal Blade"},{"not_picked":["Fiend Fire","Barricade"],"picked":"Exhume"},{"not_picked":["Intimidate","Sever Soul"],"picked":"Shrug It Off"},{"not_picked":["Iron Wave","Rupture"],"picked":"Pommel Strike"},{"not_picked":["Evolve","Perfected Strike"],"picked":"Rage"},{"not_picked":["Rampage","Body Slam"],"picked":"Pommel Strike"},{"not_picked":["Exhume","Thunderclap"],"picked":"Body Slam"}],"player_experience":144161,"potions_floor_usage":[12,12,16,25],"damage_taken":[{"damage":16,"enemies":"Blue Slaver","floor":1,"turns":5},{"damage":4,"enemies":"2 Louse","floor":2,"turns":3},{"damage":14,"enemies":"Lagavulin","floor":6,"turns":6},{"damage":4,"enemies":"Small Slimes","floor":7,"turns":4},{"damage":21,"enemies":"Gremlin Nob","floor":8,"turns":5},{"damage":1,"enemies":"2 Fungi Beasts","floor":10,"turns":4},{"damage":13,"enemies":"Lagavulin","floor":12,"turns":7},{"damage":20,"enemies":"Gremlin Nob","floor":14,"turns":4},{"damage":43,"enemies":"The Guardian","floor":16,"turns":9},{"damage":23,"enemies":"2 Thieves","floor":18,"turns":5},{"damage":15,"enemies":"Chosen","floor":22,"turns":6},{"damage":29,"enemies":"Gremlin Leader","floor":23,"turns":6},{"damage":43,"enemies":"Slavers","floor":25,"turns":4},{"damage":18,"enemies":"Centurion and Healer","floor":28,"turns":6},{"damage":38,"enemies":"3 Cultists","floor":30,"turns":6},{"damage":5,"enemies":"Snecko","floor":31,"turns":5},{"damage":26,"enemies":"Champ","floor":33,"turns":9},{"damage":8,"enemies":"3 Shapes","floor":35,"turns":4},{"damage":0,"enemies":"Orb Walker","floor":41,"turns":3},{"damage":19,"enemies":"Sphere and 2 Shapes","floor":42,"turns":4},{"damage":38,"enemies":"Mysterious Sphere","floor":45,"turns":6},{"damage":44,"enemies":"3 Darklings","floor":46,"turns":5},{"damage":50,"enemies":"Time Eater","floor":50,"turns":11}],"event_choices":[{"event_name":"Purifier","player_choice":"One Purge","floor":4,"damage_taken":0},{"event_name":"Big Fish","player_choice":"Box","floor":5,"damage_taken":0},{"event_name":"World of Goop","player_choice":"Gather Gold","floor":13,"damage_taken":0},{"event_name":"Golden Shrine","player_choice":"Pray","floor":21,"damage_taken":0},{"event_name":"Forgotten Altar","player_choice":"Smashed Altar","floor":24,"damage_taken":0},{"event_name":"Vampires","player_choice":"Became a vampire","floor":29,"damage_taken":0},{"event_name":"Golden Shrine","player_choice":"Pray","floor":38,"damage_taken":0},{"event_name":"Mysterious Sphere","player_choice":"Fight","floor":45,"damage_taken":0}],"boss_relics":[{"not_picked":["Runic Dome","Black Star"],"picked":"Cursed Key"},{"not_picked":["Runic Pyramid","Question Card"],"picked":"Sozu"}],"potions_floor_spawned":[1,7,8,12,22,30,31,33,35,45],"seed_played":"6188757678231048817","is_trial":false}