{"path_per_floor":["M","M","?","$","?","R","M","R","T","T","M","$","M","?","R","B",null,"M","?","$","M","M","R","?","M","T","M","M","?","$","M","R"],"character_chosen":"IRONCLAD","items_purchased":["Dropkick","Fire Breathing","Oddly Smooth Stone","Anger","Fire Potion","War Paint"],"gold_per_floor":[118,131,131,16,66,66,80,80,106,154,174,19,32,32,32,151,151,169,169,93,118,138,138,138,159,159,173,198,198,42,57,57],"floor_reached":33,"campfire_rested":3,"playtime":1974,"current_hp_per_floor":[80,80,73,73,73,73,73,73,73,73,78,78,78,58,80,20,80,63,47,47,52,31,55,55,55,55,42,26,26,26,16,40],"items_purged":[],"gold":57,"play_id":"6b9f2d5b-3538-4fb7-a1c1-42d94ce27534","is_prod":false,"is_daily":false,"is_ascension_mode":false,"campfire_upgraded":2,"path_taken":["M","M","?","$","?","R","M","R","T","?","M","$","M","?","R","BOSS","M","?","$","M","M","R","?","M","T","M","M","?","?","M","R","BOSS"],"build_version":"2018-01-25-PROD2","purchased_purges":0,"victory":false,"master_deck":["Strike_R","Strike_R","Strike_R","Defend_R+1","Defend_R","Defend_R","Bash+1","Searing Blow+1","Cleave","Cleave","Dropkick","Fire Breathing","Metallicize","Double Tap","Anger","Reaper","Thunderclap+1","Limit Break+1","Juggernaut+1","Shockwave+1","Anger","Twin Strike+1","Anger+1","Rampage","Dual Wield+1","Iron Wave","Necronomicurse","Pommel Strike"],"max_hp_per_floor":[80,80,80,80,80,80,80,80,80,80,80,80,80,80,80,80,80,80,80,80,80,80,80,80,80,80,80,80,80,80,80,80],"relics":["Burning Blood","Letter Opener","Orichalcum","Bag of Marbles","Oddly Smooth Stone","Golden Idol","Astrolabe","Necronomicon","Peace Pipe","War Paint"],"card_choices":[{"not_picked":["Hemokinesis","Flex"],"picked":"Searing Blow"},{"not_picked":["Dropkick","Clothesline"],"picked":"Cleave"},{"not_picked":["Sword Boomerang","Sever Soul"],"picked":"Cleave"},{"not_picked":["Shrug It Off","Body Slam"],"picked":"Metallicize"},{"not_picked":["Heavy Blade","Pommel Strike"],"picked":"Double Tap"},{"not_picked":["Perfected Strike","Clash"],"picked":"Anger"},{"not_picked":["Fiend Fire","Double Tap"],"picked":"Reaper"},{"not_picked":["Rage","Flex"],"picked":"Shockwave"},{"not_picked":["Thunderclap","Body Slam"],"picked":"Twin Strike"},{"not_picked":["Flame Barrier","Iron Wave"],"picked":"Anger"},{"not_picked":["Body Slam","Infernal Blade"],"picked":"Rampage"},{"not_picked":["Headbutt","Heavy Blade"],"picked":"Dual Wield"},{"not_picked":["Sever Soul","Thunderclap"],"picked":"Iron Wave"},{"not_picked":["Perfected Strike","Thunderclap"],"picked":"Pommel Strike"}],"player_experience":6993,"potions_floor_usage":[16,27,33,33],"damage_taken":[{"damage":1,"enemies":"Jaw Worm","floor":1,"turns":5},{"damage":1,"enemies":"Cultist","floor":2,"turns":3},{"damage":6,"enemies":"2 Louse","floor":7,"turns":2},{"damage":1,"enemies":"Exordium Wildlife","floor":11,"turns":4},{"damage":6,"enemies":"2 Fungi Beasts","floor":13,"turns":3},{"damage":66,"enemies":"Hexaghost","floor":16,"turns":10},{"damage":35,"enemies":"2 Thieves","floor":18,"turns":4},{"damage":1,"enemies":"Spheric Guardian","floor":21,"turns":3},{"damage":27,"enemies":"Snake Plant","floor":22,"turns":3},{"damage":6,"enemies":"Snecko","floor":25,"turns":4},{"damage":19,"enemies":"Slaver and Parasite","floor":27,"turns":5},{"damage":27,"enemies":"Snake Plant","floor":28,"turns":5},{"damage":16,"enemies":"Centurion and Healer","floor":31,"turns":4},{"damage":87,"enemies":"Automaton","floor":33,"turns":6}],"event_choices":[{"event_name":"Scrap Ooze","player_choice":"success","floor":3,"damage_taken":7},{"event_name":"Golden Wing","player_choice":"Gained Gold","floor":5,"damage_taken":0},{"event_name":"Golden Idol","player_choice":"Take Damage","floor":14,"damage_taken":0},{"event_name":"Cursed Tome","player_choice":"Obtained Book","floor":19,"damage_taken":0},{"event_name":"Beggar","player_choice":"Ignored","floor":24,"damage_taken":0},{"event_name":"Back to Basics","player_choice":"Elegance","floor":29,"damage_taken":0}],"boss_relics":[{"not_picked":["Ectoplasm","Cursed Key"],"picked":"Astrolabe"}],"potions_floor_spawned":[1,16,22,27,28,31],"seed_played":"-1526265023082496474","killed_by":"Automaton","ascension_level":0,"is_trial":false}