{"path_per_floor":["M","$","M","?","M","R","E","R","T","?","M","M","M","E","R","B",null,"M","?","$","?","M","R","M","M","T","$","M","R","$","M","R","B",null,"M","?","$","?","M","R","M","E","T","M","R","M","$","M","R","B"],"character_chosen":"IRONCLAD","items_purchased":["Metallicize","Metallicize","Metallicize","Barricade","Dual Wield","Whetstone","Madness"],"gold_per_floor":[115,1,15,15,34,34,62,62,62,62,82,101,122,161,161,285,285,304,219,184,184,205,205,226,249,274,197,216,216,78,96,96,217,217,238,238,169,232,252,252,268,308,331,352,352,373,112,135,135,135],"floor_reached":51,"campfire_rested":1,"playtime":8507,"current_hp_per_floor":[80,80,78,78,76,76,72,72,72,52,58,61,67,61,61,43,80,83,83,83,83,82,82,79,84,84,84,89,89,89,92,92,92,96,79,69,69,18,24,69,78,98,98,107,107,109,109,104,104,52],"items_purged":["Injury"],"gold":135,"play_id":"48095992-4a9d-421b-ade2-708666e2896d","is_prod":false,"is_daily":false,"is_ascension_mode":false,"campfire_upgraded":8,"path_taken":["M","$","M","?","M","R","E","R","T","?","M","M","M","E","R","BOSS","M","?","$","?","?","R","M","M","T","$","M","R","$","M","R","BOSS","M","?","$","?","M","R","M","E","T","M","R","M","$","M","R","BOSS"],"build_version":"2018-01-25-PROD3","purchased_purges":3,"victory":true,"master_deck":["Bash","Anger","Metallicize+1","Inflame","Metallicize+1","Cleave","Metallicize+1","Demon Form+1","Pommel Strike+1","Cleave","Headbutt","Feed","Flex","Dropkick","Warcry","Battle Trance","Sword Boomerang+1","Flex","Armaments+1","Disarm","Metallicize+1","Intimidate","Flex+1","Metallicize","Barricade+1","Madness","Madness","Dual Wield+1","Flame Barrier","Battle Trance","Madness","Seeing Red+1"],"max_hp_per_floor":[80,80,80,80,80,80,80,80,80,80,80,80,80,80,80,80,80,83,83,83,83,86,86,86,89,89,89,89,89,89,92,92,96,96,100,100,100,103,103,103,106,120,120,123,123,126,126,126,126,126],"relics":["Burning Blood","Orichalcum","Frozen Eye","Golden Idol","Champion Belt","Pandora\u0027s Box","Paper Frog","Regal Pillow","Velvet Choker","Gambling Chip","Mango","Anchor","Whetstone"],"card_choices":[{"not_picked":["Hemokinesis","Shockwave"],"picked":"Inflame"},{"not_picked":["Heavy Blade","Iron Wave"],"picked":"Cleave"},{"not_picked":["Hemokinesis","Intimidate"],"picked":"Metallicize"},{"not_picked":["Clash","Metallicize"],"picked":"Demon Form"},{"not_picked":["Warcry","Clothesline"],"picked":"Rupture"},{"not_picked":["Intimidate","Twin Strike"],"picked":"Pommel Strike"},{"not_picked":["Wild Strike","Heavy Blade"],"picked":"Cleave"},{"not_picked":["Cleave","Clash"],"picked":"Headbutt"},{"not_picked":["Offering","Reaper"],"picked":"Feed"},{"not_picked":["Anger","Shrug It Off"],"picked":"Disarm"},{"not_picked":["Wild Strike","Cleave"],"picked":"Intimidate"},{"not_picked":["Fire Breathing","Wild Strike"],"picked":"Flex"},{"not_picked":["Clothesline","Infernal Blade"],"picked":"Flame Barrier"},{"not_picked":["Wild Strike","Bloodletting"],"picked":"Battle Trance"},{"not_picked":["Iron Wave","Infernal Blade"],"picked":"Seeing Red"}],"player_experience":146349,"potions_floor_usage":[7,7,12,12,38,38,50,50,50],"damage_taken":[{"damage":1,"enemies":"Cultist","floor":1,"turns":4},{"damage":8,"enemies":"Blue Slaver","floor":3,"turns":4},{"damage":8,"enemies":"Jaw Worm","floor":5,"turns":3},{"damage":10,"enemies":"3 Sentries","floor":7,"turns":6},{"damage":0,"enemies":"3 Louse","floor":11,"turns":4},{"damage":9,"enemies":"Exordium Thugs","floor":12,"turns":4},{"damage":0,"enemies":"Red Slaver","floor":13,"turns":5},{"damage":12,"enemies":"Lagavulin","floor":14,"turns":6},{"damage":24,"enemies":"Slime Boss","floor":16,"turns":6},{"damage":1,"enemies":"Shell Parasite","floor":18,"turns":6},{"damage":10,"enemies":"2 Thieves","floor":22,"turns":5},{"damage":9,"enemies":"Sentry and Sphere","floor":24,"turns":5},{"damage":4,"enemies":"Snake Plant","floor":25,"turns":6},{"damage":0,"enemies":"Snecko","floor":28,"turns":5},{"damage":4,"enemies":"Chosen and Byrds","floor":31,"turns":6},{"damage":10,"enemies":"Champ","floor":33,"turns":13},{"damage":27,"enemies":"3 Darklings","floor":35,"turns":72},{"damage":60,"enemies":"Mysterious Sphere","floor":38,"turns":10},{"damage":0,"enemies":"Orb Walker","floor":39,"turns":5},{"damage":0,"enemies":"Maw","floor":41,"turns":8},{"damage":0,"enemies":"Giant Head","floor":42,"turns":9},{"damage":0,"enemies":"4 Shapes","floor":44,"turns":9},{"damage":7,"enemies":"Sphere and 2 Shapes","floor":46,"turns":7},{"damage":11,"enemies":"Maw","floor":48,"turns":7},{"damage":58,"enemies":"Time Eater","floor":50,"turns":9}],"event_choices":[{"event_name":"The Lab","player_choice":"Got Potions","floor":4,"damage_taken":0},{"event_name":"Golden Idol","player_choice":"Take Damage","floor":10,"damage_taken":0},{"event_name":"Addict","player_choice":"Obtained Relic","floor":19,"damage_taken":0},{"event_name":"Back to Basics","player_choice":"Elegance","floor":21,"damage_taken":0},{"event_name":"Winding Halls","player_choice":"Embrace Madness","floor":36,"damage_taken":0},{"event_name":"Mysterious Sphere","player_choice":"Fight","floor":38,"damage_taken":0}],"boss_relics":[{"not_picked":["Question Card","Runic Cube"],"picked":"Pandora\u0027s Box"},{"not_picked":["Calling Bell","Tiny House"],"picked":"Velvet Choker"}],"potions_floor_spawned":[1,3,11,12,13,18,24,28,38,42,46],"seed_played":"-3847790940730526891","ascension_level":0,"is_trial":false}