{"path_per_floor":["M","?","?","M","M","R","?","R","T","M","$","R","$","M","R","B",null,"M","M","?","?","?","R","T","M","T","$","M","?","M","E","R","B",null,"M","?","$","M","?","R","E","M","T","M","M","R","M","?","R","B"],"character_chosen":"IRONCLAD","items_purchased":["Dropkick","Finesse","Shrug It Off","Metallicize","Heavy Blade","Anger","Good Instincts"],"gold_per_floor":[110,110,110,124,148,148,148,148,148,172,6,6,6,19,19,145,145,158,181,181,181,106,106,106,119,145,46,67,67,82,109,109,214,214,224,224,31,49,49,49,75,91,91,101,113,113,125,125,125,125],"floor_reached":51,"campfire_rested":1,"playtime":2903,"current_hp_per_floor":[80,80,80,76,83,83,88,88,88,88,88,88,88,88,88,76,96,78,73,100,100,100,100,100,83,83,83,92,92,87,90,90,55,108,98,88,88,86,86,112,79,61,61,62,75,75,53,102,102,34],"items_purged":[],"gold":125,"play_id":"9aeecffe-a053-4434-9b5f-0a7c18cf884f","is_prod":false,"is_daily":false,"is_ascension_mode":false,"campfire_upgraded":8,"path_taken":["M","?","?","M","?","R","?","R","T","M","?","R","$","?","R","BOSS","M","M","?","?","?","R","?","M","T","$","?","?","M","E","R","BOSS","M","?","$","M","?","R","E","?","T","M","M","R","M","?","R","BOSS"],"build_version":"2018-01-25-PROD3","purchased_purges":0,"victory":true,"master_deck":["Strike_R","Strike_R","Strike_R","Strike_R","Strike_R","Defend_R","Defend_R","Defend_R","Defend_R","Bash+1","Feed+1","Bash","Reaper+1","Shrug It Off","Armaments+1","Fire Breathing+1","Dropkick","Finesse","Spot Weakness","Demon Form+1","Twin Strike+1","Cleave","Clash","Shrug It Off","Metallicize","Anger","Warcry+1","Heavy Blade+1","Impervious","Headbutt","Inflame","Iron Wave","Sword Boomerang","Shockwave+1","Dual Wield","Madness","Madness","Heavy Blade+1","Anger","Good Instincts","Headbutt+1","Bash","Whirlwind+1","Battle Trance","Impervious","Headbutt","Perfected Strike+1"],"max_hp_per_floor":[80,80,80,80,83,83,88,88,88,88,88,88,88,92,92,96,96,100,100,100,100,100,100,100,100,100,100,100,100,100,104,104,108,108,112,112,112,112,112,112,112,112,112,112,112,112,112,102,102,102],"relics":["Burning Blood","Bloody Idol","Frozen Eye","Mark of Pain","Happy Flower","Ancient Tea Set","Vajra","Orrery","Bag of Marbles","Unceasing Top"],"card_choices":[{"not_picked":["Thunderclap","Pommel Strike"],"picked":"Feed"},{"not_picked":["Twin Strike","Pommel Strike"],"picked":"Shrug It Off"},{"not_picked":["True Grit","Clash"],"picked":"Armaments"},{"not_picked":["Body Slam","Whirlwind"],"picked":"Fire Breathing"},{"not_picked":["Body Slam","Whirlwind"],"picked":"Spot Weakness"},{"not_picked":["Offering","Bludgeon"],"picked":"Demon Form"},{"not_picked":["Bloodletting","Burning Pact"],"picked":"Twin Strike"},{"not_picked":["Infernal Blade","Clash"],"picked":"Cleave"},{"not_picked":["Flex","Demon Form"],"picked":"Clash"},{"not_picked":["True Grit","Clash"],"picked":"Anger"},{"not_picked":["Bloodletting","Hemokinesis"],"picked":"Warcry"},{"not_picked":["Headbutt","Flex"],"picked":"Heavy Blade"},{"not_picked":["Brutality","Berserk"],"picked":"Impervious"},{"not_picked":["Spot Weakness","Dropkick"],"picked":"Headbutt"},{"not_picked":["Armaments","Sever Soul"],"picked":"Inflame"},{"not_picked":["Shrug It Off","Corruption"],"picked":"Iron Wave"},{"not_picked":["Warcry","Demon Form"],"picked":"Sword Boomerang"},{"not_picked":["Pommel Strike","Fire Breathing"],"picked":"Shockwave"},{"not_picked":["Iron Wave","Burning Pact"],"picked":"Dual Wield"},{"not_picked":["Clash","Sword Boomerang"],"picked":"Headbutt"},{"not_picked":["Reckless Charge","Thunderclap"],"picked":"Whirlwind"},{"not_picked":["Cleave","Burning Pact"],"picked":"Battle Trance"},{"not_picked":["Armaments","Flex"],"picked":"Impervious"},{"not_picked":["Clothesline","Perfected Strike"],"picked":"Headbutt"},{"not_picked":["Cleave","Infernal Blade"],"picked":"Perfected Strike"}],"player_experience":28286,"potions_floor_usage":[10,18,31,31,45],"damage_taken":[{"damage":4,"enemies":"2 Louse","floor":1,"turns":3},{"damage":14,"enemies":"Blue Slaver","floor":4,"turns":4},{"damage":0,"enemies":"Cultist","floor":5,"turns":3},{"damage":0,"enemies":"3 Louse","floor":10,"turns":2},{"damage":10,"enemies":"Looter","floor":14,"turns":3},{"damage":44,"enemies":"Slime Boss","floor":16,"turns":13},{"damage":38,"enemies":"Chosen","floor":18,"turns":6},{"damage":22,"enemies":"3 Byrds","floor":19,"turns":6},{"damage":23,"enemies":"3 Cultists","floor":25,"turns":5},{"damage":13,"enemies":"Centurion and Healer","floor":28,"turns":4},{"damage":16,"enemies":"Snecko","floor":30,"turns":6},{"damage":22,"enemies":"Slavers","floor":31,"turns":4},{"damage":50,"enemies":"Champ","floor":33,"turns":9},{"damage":25,"enemies":"3 Shapes","floor":35,"turns":4},{"damage":21,"enemies":"Orb Walker","floor":38,"turns":4},{"damage":44,"enemies":"2 Orb Walkers","floor":41,"turns":5},{"damage":29,"enemies":"4 Shapes","floor":42,"turns":1},{"damage":41,"enemies":"Maw","floor":44,"turns":6},{"damage":40,"enemies":"3 Darklings","floor":45,"turns":3},{"damage":38,"enemies":"Sphere and 2 Shapes","floor":47,"turns":6},{"damage":86,"enemies":"Time Eater","floor":50,"turns":9}],"event_choices":[{"event_name":"Match and Keep!","player_choice":"2 cards matched","floor":2,"damage_taken":0},{"event_name":"Golden Idol","player_choice":"Take Wound","floor":3,"damage_taken":0},{"event_name":"Big Fish","player_choice":"Donut","floor":7,"damage_taken":0},{"event_name":"The Library","player_choice":"Heal","floor":20,"damage_taken":0},{"event_name":"The Mausoleum","player_choice":"No","floor":21,"damage_taken":0},{"event_name":"Beggar","player_choice":"Gave Gold","floor":22,"damage_taken":0},{"event_name":"Forgotten Altar","player_choice":"Gave Idol","floor":29,"damage_taken":0},{"event_name":"Winding Halls","player_choice":"Embrace Madness","floor":36,"damage_taken":0},{"event_name":"Match and Keep!","player_choice":"1 cards matched","floor":39,"damage_taken":0},{"event_name":"The Moai Head","player_choice":"Heal","floor":48,"damage_taken":0}],"boss_relics":[{"not_picked":["Runic Dome","Ectoplasm"],"picked":"Mark of Pain"},{"not_picked":["Question Card","Velvet Choker"],"picked":"Orrery"}],"potions_floor_spawned":[5,10,25,28,38,41,45],"seed_played":"-1784937540343098666","ascension_level":0,"is_trial":false}