{"path_per_floor":["M","M","M","?","M","R","?","M","T","M","M","R","T","M","R","B",null,"M","?","M","$","?","R","E","?","T","E","?","M","M","$","R","B",null,"M","?","?","M","M","E","R","M","T","M","$","M","R","M","R","B"],"character_chosen":"IRONCLAD","items_purchased":["Mercury Hourglass","Metallicize","Infernal Blade","Metallicize","Poison Potion","Thunderclap","Block Potion","Strength Potion","Regen Potion"],"gold_per_floor":[110,121,135,135,151,151,203,216,288,299,310,340,340,355,355,450,450,468,468,478,25,25,25,59,59,59,89,89,102,121,5,5,108,108,123,93,93,112,127,162,162,179,228,242,41,61,61,74,74,74],"floor_reached":51,"campfire_rested":2,"playtime":4047,"current_hp_per_floor":[75,79,80,73,77,77,77,80,80,80,80,80,80,79,79,41,80,80,64,69,69,69,69,77,77,77,52,52,50,36,36,60,25,80,74,74,74,76,70,79,79,80,80,75,75,54,78,61,61,18],"items_purged":["Doubt"],"gold":74,"play_id":"10154a20-7586-4687-a6d1-02237e9565ea","is_prod":false,"is_daily":false,"is_ascension_mode":false,"campfire_upgraded":0,"path_taken":["M","M","M","?","M","R","?","M","T","M","?","R","?","M","R","BOSS","M","?","?","$","?","R","E","?","T","E","?","?","M","?","R","BOSS","M","?","?","M","M","E","R","M","T","M","?","M","R","M","R","BOSS"],"build_version":"2018-01-25-PROD3","purchased_purges":1,"victory":true,"master_deck":["Strike_R","Strike_R","Strike_R","Strike_R","Strike_R","Defend_R","Defend_R","Defend_R+1","Defend_R","Bash","Body Slam","Uppercut","Iron Wave","Headbutt","Anger","Disarm","Anger","Rage+1","Bludgeon","Warcry","True Grit","Metallicize","Infernal Blade","Warcry","Panacea+1","Clothesline","Flame Barrier","Spot Weakness","Anger","Metallicize","Bludgeon","Dual Wield+1","Rage+1","Flame Barrier+1","Infernal Blade+1","Shrug It Off+1","Clash+1","Thunderclap","Clothesline+1","Flame Barrier"],"max_hp_per_floor":[80,80,80,80,80,80,80,80,80,80,80,80,80,80,80,80,80,80,80,80,80,80,80,80,80,80,80,80,80,80,80,80,80,80,80,80,80,80,80,80,80,80,80,80,80,80,80,80,80,80],"relics":["Black Blood","Shovel","Torii","Dodecahedron","Gremlin Horn","Tiny Chest","Frozen Eye","War Paint","Velvet Choker","Enchiridion","Mercury Hourglass","Pantograph","Unceasing Top","Gambling Chip","Ancient Tea Set","Mummified Hand","Ginger","Toxic Egg","Anchor"],"card_choices":[{"not_picked":["Heavy Blade","Havoc"],"picked":"Body Slam"},{"not_picked":["Clothesline","Iron Wave"],"picked":"Uppercut"},{"not_picked":["Sentinel","Feel No Pain"],"picked":"Iron Wave"},{"not_picked":["Flex","Hemokinesis"],"picked":"Headbutt"},{"not_picked":["Rupture","Armaments"],"picked":"Anger"},{"not_picked":["Intimidate","Warcry"],"picked":"Disarm"},{"not_picked":["Clothesline","Shrug It Off"],"picked":"Anger"},{"not_picked":["Inflame","Havoc"],"picked":"Rage"},{"not_picked":["Berserk","Double Tap"],"picked":"Bludgeon"},{"not_picked":["Anger","Iron Wave"],"picked":"Warcry"},{"not_picked":["Sword Boomerang","Bloodletting"],"picked":"True Grit"},{"not_picked":["Heavy Blade","Offering"],"picked":"Clothesline"},{"not_picked":["Armaments","Bloodletting"],"picked":"Flame Barrier"},{"not_picked":["Inflame","Clash"],"picked":"Spot Weakness"},{"not_picked":["True Grit","Body Slam"],"picked":"Anger"},{"not_picked":["Fiend Fire","Brutality"],"picked":"Bludgeon"},{"not_picked":["Bloodletting","Infernal Blade"],"picked":"Dual Wield"},{"not_picked":["Blood for Blood","Evolve"],"picked":"Rage"},{"not_picked":["Heavy Blade","Armaments"],"picked":"Flame Barrier"},{"not_picked":["Wild Strike","Intimidate"],"picked":"Infernal Blade"},{"not_picked":["Warcry","True Grit"],"picked":"Shrug It Off"},{"not_picked":["Shrug It Off","Pummel"],"picked":"Clash"},{"not_picked":["Sword Boomerang","Reaper"],"picked":"Clothesline"},{"not_picked":["Twin Strike","Combust"],"picked":"Flame Barrier"}],"player_experience":74896,"potions_floor_usage":[16,16,18,24,27,33,33,39,39,42,46,50,50,50],"damage_taken":[{"damage":11.0,"enemies":"Jaw Worm","floor":1.0,"turns":5.0},{"damage":2.0,"enemies":"Small Slimes","floor":2.0,"turns":6.0},{"damage":0.0,"enemies":"2 Louse","floor":3.0,"turns":3.0},{"damage":2.0,"enemies":"Looter","floor":5.0,"turns":4.0},{"damage":2.0,"enemies":"2 Fungi Beasts","floor":8.0,"turns":5.0},{"damage":1.0,"enemies":"3 Louse","floor":10.0,"turns":3.0},{"damage":0.0,"enemies":"Lots of Slimes","floor":11.0,"turns":1.0},{"damage":7.0,"enemies":"Exordium Wildlife","floor":14.0,"turns":3.0},{"damage":59,"enemies":"Slime Boss","floor":16,"turns":14},{"damage":1,"enemies":"Chosen","floor":18,"turns":4},{"damage":1,"enemies":"3 Byrds","floor":20,"turns":5},{"damage":7,"enemies":"Book of Stabbing","floor":24,"turns":5},{"damage":31,"enemies":"Gremlin Leader","floor":27,"turns":6},{"damage":8,"enemies":"Centurion and Healer","floor":29,"turns":5},{"damage":20,"enemies":"Sentry and Sphere","floor":30,"turns":6},{"damage":61,"enemies":"Collector","floor":33,"turns":8},{"damage":16,"enemies":"Orb Walker","floor":35,"turns":4},{"damage":8,"enemies":"3 Shapes","floor":38,"turns":6},{"damage":16,"enemies":"Maw","floor":39,"turns":9},{"damage":1,"enemies":"Nemesis","floor":40,"turns":13},{"damage":7,"enemies":"Sphere and 2 Shapes","floor":42,"turns":4},{"damage":15,"enemies":"4 Shapes","floor":44,"turns":3},{"damage":31,"enemies":"3 Darklings","floor":46,"turns":6},{"damage":27,"enemies":"Sphere and 2 Shapes","floor":48,"turns":6},{"damage":85,"enemies":"Donu and Deca","floor":50,"turns":9}],"event_choices":[{"event_name":"Scrap Ooze","player_choice":"success","floor":4.0,"damage_taken":7.0},{"event_name":"Golden Wing","player_choice":"Gained Gold","floor":7.0,"damage_taken":0.0},{"event_name":"Cursed Tome","player_choice":"Obtained Book","floor":19,"damage_taken":0},{"event_name":"Match and Keep!","player_choice":"2 cards matched","floor":22,"damage_taken":0},{"event_name":"Beggar","player_choice":"Ignored","floor":25,"damage_taken":0},{"event_name":"The Mausoleum","player_choice":"No","floor":28,"damage_taken":0},{"event_name":"The Woman in Blue","player_choice":"Bought 2 Potions","floor":36,"damage_taken":0},{"event_name":"Mysterious Sphere","player_choice":"Ignore","floor":37,"damage_taken":0}],"boss_relics":[{"not_picked":["White Beast Statue","Runic Dome"],"picked":"Velvet Choker"},{"not_picked":["Sozu","Calling Bell"],"picked":"Black Blood"}],"potions_floor_spawned":[2,5,10,16,20,24,29,35,40,46,48],"seed_played":"-5878355277784969254","ascension_level":0,"is_trial":false}