{"path_per_floor":["M","M","M","M","?","R","M","$","T","?","?","E","M","M","R"],"character_chosen":"IRONCLAD","items_purchased":["Shrug It Off","Armaments"],"gold_per_floor":[109,120,139,150,150,150,166,15,15,0,0,29,29,48,48],"floor_reached":16,"campfire_rested":0,"playtime":2049,"current_hp_per_floor":[74,73,73,71,64,64,63,63,63,63,63,54,51,39,39],"items_purged":["Strike_R"],"gold":48,"play_id":"8b9b2e40-e9e8-498d-a1be-2ce43ba94329","is_prod":false,"is_daily":false,"is_ascension_mode":false,"campfire_upgraded":1,"path_taken":["BOSS","M","M","M","M","?","R","M","$","T","?","?","E","M","M","R","BOSS"],"build_version":"2018-01-25-PROD3","purchased_purges":1,"victory":false,"master_deck":["Strike_R","Strike_R","Strike_R","Defend_R","Defend_R","Defend_R","Defend_R","Bash","Seeing Red","Anger","Dropkick","Anger+1","Dropkick","Shrug It Off","Armaments","Brutality","Shrug It Off","True Grit"],"max_hp_per_floor":[80,80,80,80,80,80,80,80,80,80,80,80,80,80,80],"relics":["Burning Blood","Happy Flower","Shovel","Bag of Marbles","Meat on the Bone"],"card_choices":[{"not_picked":["True Grit","Anger"],"picked":"Seeing Red"},{"not_picked":["Thunderclap","Fire Breathing"],"picked":"Anger"},{"not_picked":["Twin Strike","Cleave"],"picked":"Dropkick"},{"not_picked":["Feel No Pain","Flex"],"picked":"Anger"},{"not_picked":["Sword Boomerang","Cleave"],"picked":"Dropkick"},{"not_picked":["Uppercut","Corruption"],"picked":"Brutality"},{"not_picked":["Burning Pact","Metallicize"],"picked":"Shrug It Off"},{"not_picked":["Infernal Blade","Armaments"],"picked":"True Grit"}],"player_experience":131122,"potions_floor_usage":[],"damage_taken":[{"damage":12,"enemies":"2 Louse","floor":1,"turns":3},{"damage":7,"enemies":"Small Slimes","floor":2,"turns":4},{"damage":6,"enemies":"Cultist","floor":3,"turns":5},{"damage":8,"enemies":"3 Louse","floor":4,"turns":4},{"damage":7,"enemies":"2 Fungi Beasts","floor":7,"turns":3},{"damage":15,"enemies":"Lagavulin","floor":12,"turns":6},{"damage":9,"enemies":"Red Slaver","floor":13,"turns":2},{"damage":18,"enemies":"3 Louse","floor":14,"turns":5},{"damage":40,"enemies":"The Guardian","floor":16,"turns":9}],"event_choices":[{"event_name":"Golden Wing","player_choice":"Card Removal","floor":5,"damage_taken":0},{"event_name":"World of Goop","player_choice":"Left","floor":10,"damage_taken":0},{"event_name":"The Cleric","player_choice":"Leave","floor":11,"damage_taken":0}],"boss_relics":[],"potions_floor_spawned":[4,7,12,14],"seed_played":"-2457619233095894303","killed_by":"The Guardian","ascension_level":0,"is_trial":false}