{"path_per_floor":["M","M","?","?","M","M","E","M","T","R","$","R","M","E","R","B",null,"M","M","?","$","M","R","E","R","T","R","E","?","M","M","R","B",null,"M","$","?","M","M","R","$","?","T","?","M","?","R","E","R","B"],"character_chosen":"IRONCLAD","items_purchased":["Feed","Metallicize","Anger","Armaments","Bag of Marbles","Inflame"],"gold_per_floor":[119,139,139,139,149,162,189,202,202,202,58,58,69,94,94,193,193,204,215,215,70,86,86,111,111,111,111,145,70,82,93,93,192,192,204,204,204,218,233,233,4,0,0,0,12,12,12,43,43,43],"floor_reached":51,"campfire_rested":9,"playtime":3256,"current_hp_per_floor":[76,79,79,79,80,71,79,53,53,81,81,81,70,67,96,59,97,94,95,95,95,66,96,21,51,51,81,22,22,16,37,67,33,103,96,96,86,42,18,51,51,51,51,51,55,55,88,61,94,19],"items_purged":[],"gold":43,"play_id":"ee3c270a-ff47-491b-b166-ac86f1d46efa","is_prod":false,"is_daily":false,"is_ascension_mode":false,"campfire_upgraded":1,"path_taken":["M","?","?","?","M","M","E","?","T","R","$","R","M","E","R","BOSS","M","M","?","$","M","R","E","R","T","R","E","?","M","M","R","BOSS","M","$","?","M","?","R","$","?","T","?","M","?","R","E","R","BOSS"],"build_version":"2018-02-01-PROD3","purchased_purges":1,"victory":true,"master_deck":["Defend_R","Defend_R","Headbutt","Inflame","Barricade+1","Limit Break","Uppercut","Battle Trance","Iron Wave","Feed","Flex","Rampage","Demon Form","Cleave","Dual Wield","Bite+1","Bite","Bite+1","Bite","Metallicize","Anger","Armaments","Warcry+1","Blood for Blood","Metallicize","Anger","Sword Boomerang+1","Offering","Exhume+1","Panache+1","Anger+1","Armaments+1","Madness","Madness","Flex+1","Inflame","Parasite","Inflame+1","Flex"],"max_hp_per_floor":[80,80,80,80,80,80,94,94,94,94,94,94,97,97,97,97,97,97,100,100,100,103,103,103,103,103,103,103,103,103,103,103,103,103,103,103,103,106,111,111,111,111,111,111,111,111,111,111,111,111],"relics":["Burning Blood","Mango","Orichalcum","Unceasing Top","Cursed Key","Singing Bowl","Dead Branch","Whetstone","Astrolabe","Bag of Marbles","Red Mask","Juzu Bracelet"],"card_choices":[{"not_picked":["Pummel","Wild Strike"],"picked":"Headbutt"},{"not_picked":["Power Through","Flex"],"picked":"Inflame"},{"not_picked":["Shrug It Off","Blood for Blood"],"picked":"Limit Break"},{"not_picked":["Heavy Blade","Perfected Strike"],"picked":"Uppercut"},{"not_picked":["Shrug It Off","Heavy Blade"],"picked":"Battle Trance"},{"not_picked":["Rupture","Twin Strike"],"picked":"Iron Wave"},{"not_picked":["Feel No Pain","Pommel Strike"],"picked":"Flex"},{"not_picked":["Iron Wave","Hemokinesis"],"picked":"Rampage"},{"not_picked":["Double Tap","Feed"],"picked":"Demon Form"},{"not_picked":["Pommel Strike","Warcry"],"picked":"Cleave"},{"not_picked":["Disarm","Flex"],"picked":"Dual Wield"},{"not_picked":["Wild Strike","Intimidate"],"picked":"Warcry"},{"not_picked":["Iron Wave","Bloodletting"],"picked":"Blood for Blood"},{"not_picked":["Pummel","Corruption"],"picked":"Metallicize"},{"not_picked":["Havoc","Dropkick"],"picked":"Anger"},{"not_picked":["Headbutt","Clash"],"picked":"Sword Boomerang"},{"not_picked":["Brutality","Dark Embrace"],"picked":"Offering"},{"not_picked":["Cleave","Battle Trance"],"picked":"Armaments"},{"not_picked":["Pummel","Body Slam"],"picked":"Flex"},{"not_picked":["Second Wind","Thunderclap"],"picked":"Inflame"},{"not_picked":["Corruption","Clash"],"picked":"Flex"}],"player_experience":96718,"potions_floor_usage":[28,31,33,33,39,50,50],"damage_taken":[{"damage":10.0,"enemies":"Blue Slaver","floor":1.0,"turns":6.0},{"damage":5.0,"enemies":"Cultist","floor":2.0,"turns":4.0},{"damage":0.0,"enemies":"Small Slimes","floor":5.0,"turns":3.0},{"damage":15.0,"enemies":"Looter","floor":6.0,"turns":3.0},{"damage":14.0,"enemies":"3 Sentries","floor":7.0,"turns":6.0},{"damage":34.0,"enemies":"Exordium Wildlife","floor":8.0,"turns":4.0},{"damage":22.0,"enemies":"Exordium Thugs","floor":13.0,"turns":5.0},{"damage":11.0,"enemies":"Gremlin Nob","floor":14.0,"turns":4.0},{"damage":44.0,"enemies":"Slime Boss","floor":16.0,"turns":10.0},{"damage":9.0,"enemies":"Chosen","floor":18.0,"turns":4.0},{"damage":10.0,"enemies":"Shell Parasite","floor":19.0,"turns":4.0},{"damage":49.0,"enemies":"Cultist and Chosen","floor":22.0,"turns":8.0},{"damage":92,"enemies":"Book of Stabbing","floor":24,"turns":8},{"damage":92,"enemies":"Slavers","floor":28,"turns":7},{"damage":19,"enemies":"Snake Plant","floor":30,"turns":4},{"damage":21,"enemies":"Centurion and Healer","floor":31,"turns":7},{"damage":56,"enemies":"Collector","floor":33,"turns":8},{"damage":16,"enemies":"3 Darklings","floor":35,"turns":4},{"damage":59,"enemies":"3 Shapes","floor":38,"turns":5},{"damage":37,"enemies":"Sphere and 2 Shapes","floor":39,"turns":5},{"damage":10,"enemies":"3 Darklings","floor":45,"turns":4},{"damage":33,"enemies":"Nemesis","floor":48,"turns":4},{"damage":101,"enemies":"Donu and Deca","floor":50,"turns":9}],"event_choices":[{"event_name":"The Cleric","player_choice":"Leave","floor":3.0,"damage_taken":0.0},{"event_name":"Living Wall","player_choice":"Change","floor":4.0,"damage_taken":0.0},{"event_name":"Vampires","player_choice":"Became a vampire (Vial)","floor":20.0,"damage_taken":0.0},{"event_name":"Beggar","player_choice":"Gave Gold","floor":29,"damage_taken":0},{"event_name":"Winding Halls","player_choice":"Embrace Madness","floor":37,"damage_taken":0},{"event_name":"Tomb of Lord Red Mask","player_choice":"Paid","floor":42,"damage_taken":0},{"event_name":"Mysterious Sphere","player_choice":"Ignore","floor":44,"damage_taken":0}],"boss_relics":[{"not_picked":["Sozu","Velvet Choker"],"picked":"Astrolabe"}],"potions_floor_spawned":[5,13,14,16,18,19,30,31,33,35,45],"seed_played":"1070091813912528991","ascension_level":0,"is_trial":false}