{"path_per_floor":["M","$","M","?","?","R","M","M","T","?","M","R","M","?","R","B",null,"M","?","$","M"],"character_chosen":"IRONCLAD","items_purchased":["Inflame","Charon\u0027s Ashes","Apotheosis","Metallicize"],"gold_per_floor":[110,42,53,228,228,228,246,256,256,256,275,275,287,537,537,642,642,656,656,29,46],"floor_reached":22,"campfire_rested":1,"playtime":1277,"current_hp_per_floor":[88,88,88,88,88,88,86,69,69,66,65,88,84,84,84,25,88,44,44,44,47],"items_purged":["Regret"],"gold":46,"play_id":"a78b0bd8-a207-4487-8116-66e1c005021a","is_prod":false,"is_daily":false,"is_ascension_mode":false,"campfire_upgraded":2,"path_taken":["M","$","M","?","?","R","M","M","T","?","M","R","?","?","R","BOSS","M","?","$","M","M"],"build_version":"2018-01-25-PROD3","purchased_purges":1,"victory":false,"master_deck":["Strike_R","Strike_R","Strike_R","Strike_R","Strike_R","Defend_R","Defend_R","Defend_R","Defend_R","Bash","Dual Wield+1","Inflame","Shockwave","Searing Blow","Power Through+1","Spot Weakness","Pummel","Bludgeon","Seeing Red","Apotheosis","Metallicize","Heavy Blade"],"max_hp_per_floor":[88,88,88,88,88,88,88,88,88,88,88,88,88,88,88,88,88,88,88,88,88],"relics":["Black Blood","Spirit Poop","Blood Vial","Nloth\u0027s Gift","Charon\u0027s Ashes"],"card_choices":[{"not_picked":["Flex","Thunderclap"],"picked":"Dual Wield"},{"not_picked":["Thunderclap","Dual Wield"],"picked":"Shockwave"},{"not_picked":["Shockwave","Thunderclap"],"picked":"Searing Blow"},{"not_picked":["Headbutt","Warcry"],"picked":"Power Through"},{"not_picked":["Dark Embrace","Cleave"],"picked":"Spot Weakness"},{"not_picked":["Warcry","Burning Pact"],"picked":"Pummel"},{"not_picked":["Feed","Berserk"],"picked":"Bludgeon"},{"not_picked":["Headbutt","Uppercut"],"picked":"Seeing Red"},{"not_picked":["Clothesline","Armaments"],"picked":"Heavy Blade"}],"player_experience":49857,"potions_floor_usage":[16,16,16,21],"damage_taken":[{"damage":5,"enemies":"Cultist","floor":1,"turns":4},{"damage":3,"enemies":"2 Louse","floor":3,"turns":3},{"damage":8,"enemies":"Jaw Worm","floor":7,"turns":4},{"damage":23,"enemies":"Gremlin Gang","floor":8,"turns":8},{"damage":9,"enemies":"3 Louse","floor":11,"turns":4},{"damage":10,"enemies":"2 Fungi Beasts","floor":13,"turns":4},{"damage":67,"enemies":"Hexaghost","floor":16,"turns":12},{"damage":54,"enemies":"Spheric Guardian","floor":18,"turns":8},{"damage":9,"enemies":"3 Byrds","floor":21,"turns":6},{"damage":49,"enemies":"Sentry and Sphere","floor":22,"turns":7}],"event_choices":[{"event_name":"Liars Game","player_choice":"agreed","floor":4,"damage_taken":0},{"event_name":"Bonfire Elementals","player_choice":"CURSE","floor":5,"damage_taken":0},{"event_name":"Scrap Ooze","player_choice":"success","floor":10,"damage_taken":3},{"event_name":"Golden Shrine","player_choice":"Desecrate","floor":14,"damage_taken":0},{"event_name":"N\u0027loth","player_choice":"Traded a Kunai","floor":19,"damage_taken":0}],"boss_relics":[{"not_picked":["Runic Dome","Lizard Tail"],"picked":"Black Blood"}],"potions_floor_spawned":[7,8,13,16,18],"seed_played":"1013033527773165479","killed_by":"Sentry and Sphere","ascension_level":0,"is_trial":false}