{"path_per_floor":["M","?","?","?","?","R","E","T","T","M","M","E","R","E","R","B",null,"M","$","M","$","M","R","E","M","T","M","?","?","?","?","R"],"character_chosen":"IRONCLAD","items_purchased":["Apotheosis"],"gold_per_floor":[110,110,110,185,135,135,167,191,191,208,219,247,247,281,281,379,379,389,164,178,98,116,116,146,165,210,227,227,227,227,152,152],"floor_reached":33,"campfire_rested":1,"playtime":1482,"current_hp_per_floor":[80,80,80,69,69,69,22,22,22,28,34,40,40,36,36,10,80,74,74,76,76,80,80,63,51,51,42,26,26,26,26,50],"items_purged":["Regret","Strike_R"],"gold":152,"play_id":"e6f5fe56-d567-4bde-b3ec-92cdde5173cd","is_prod":false,"is_daily":false,"is_ascension_mode":true,"campfire_upgraded":4,"path_taken":["M","?","?","?","?","R","E","?","T","M","M","E","R","E","R","BOSS","M","$","M","$","M","R","E","M","T","M","?","?","?","?","R","BOSS"],"build_version":"2018-02-01-PROD3","purchased_purges":2,"victory":false,"master_deck":["Strike_R","Strike_R","Strike_R","Defend_R","Defend_R","Defend_R","Defend_R","Bash","Armaments+1","Flex","Evolve+1","Warcry","Heavy Blade","Inflame+1","Limit Break+1","Apotheosis+1","Inflame","Headbutt","Thunderclap+1","Decay","Battle Trance+1","Necronomicurse","Flame Barrier+1"],"max_hp_per_floor":[80,80,80,80,80,80,80,80,80,80,80,80,80,80,80,80,80,80,80,80,80,80,80,80,80,80,80,80,80,80,80,80],"relics":["Burning Blood","Pen Nib","The Courier","Anchor","Lantern","Red Skull","Juzu Bracelet","Paper Frog","Cursed Key","Bottled Flame","Dream Catcher","Necronomicon"],"card_choices":[{"not_picked":["Inflame","Thunderclap"],"picked":"Armaments"},{"not_picked":["Hemokinesis","Clash"],"picked":"Flex"},{"not_picked":["Wild Strike","Sentinel"],"picked":"Evolve"},{"not_picked":["True Grit","Heavy Blade"],"picked":"Warcry"},{"not_picked":["Clothesline","Rage"],"picked":"Heavy Blade"},{"not_picked":["Armaments","Carnage"],"picked":"Inflame"},{"not_picked":["Barricade","Brutality"],"picked":"Limit Break"},{"not_picked":["Thunderclap","Rupture"],"picked":"Inflame"},{"not_picked":["Cleave","Rage"],"picked":"Headbutt"},{"not_picked":["Perfected Strike","Seeing Red"],"picked":"Thunderclap"},{"not_picked":["Rampage","Armaments"],"picked":"Battle Trance"},{"not_picked":["Thunderclap","Brutality"],"picked":"Flame Barrier"}],"player_experience":174764,"potions_floor_usage":[18,22,25,33,33],"damage_taken":[{"damage":0,"enemies":"2 Louse","floor":1,"turns":3},{"damage":53,"enemies":"Lagavulin","floor":7,"turns":7},{"damage":0,"enemies":"Small Slimes","floor":10,"turns":2},{"damage":0,"enemies":"Blue Slaver","floor":11,"turns":2},{"damage":0,"enemies":"Gremlin Nob","floor":12,"turns":2},{"damage":10,"enemies":"3 Sentries","floor":14,"turns":5},{"damage":32,"enemies":"The Guardian","floor":16,"turns":6},{"damage":12,"enemies":"3 Byrds","floor":18,"turns":5},{"damage":4,"enemies":"Shell Parasite","floor":20,"turns":4},{"damage":1,"enemies":"Cultist and Chosen","floor":22,"turns":4},{"damage":23,"enemies":"Book of Stabbing","floor":24,"turns":4},{"damage":18,"enemies":"Snake Plant","floor":25,"turns":3},{"damage":15,"enemies":"Snecko","floor":27,"turns":4},{"damage":58,"enemies":"Automaton","floor":33,"turns":6}],"event_choices":[{"event_name":"Big Fish","player_choice":"Box","floor":2,"damage_taken":0},{"event_name":"Accursed Blacksmith","player_choice":"Rummage","floor":3,"damage_taken":0},{"event_name":"World of Goop","player_choice":"Gather Gold","floor":4,"damage_taken":0},{"event_name":"The Cleric","player_choice":"Card Removal","floor":5,"damage_taken":0},{"event_name":"Cursed Tome","player_choice":"Obtained Book","floor":28,"damage_taken":0},{"event_name":"Upgrade Shrine","player_choice":"Upgraded","floor":29,"damage_taken":0},{"event_name":"The Mausoleum","player_choice":"No","floor":30,"damage_taken":0},{"event_name":"Beggar","player_choice":"Gave Gold","floor":31,"damage_taken":0}],"boss_relics":[{"not_picked":["Black Star","Tiny House"],"picked":"Cursed Key"}],"potions_floor_spawned":[7,12,14,20,24],"seed_played":"8280275328959939903","killed_by":"Automaton","ascension_level":1,"is_trial":false}