{"path_per_floor":["M","?","$","M","M","R","?","M","T","M","M","E","R","$","R","B",null,"M","?","M","?","?","R","M","$","T","R","?","M","R","M","R","B",null,"M","?","M","?","M","R","M","R","T","?","M","M","?","M","R","B"],"character_chosen":"IRONCLAD","items_purchased":["Searing Blow","Dual Wield","Armaments"],"gold_per_floor":[110,110,39,57,77,77,77,89,89,100,110,139,139,69,69,171,171,186,101,114,214,214,214,233,111,135,135,135,153,153,164,164,268,268,286,286,298,298,315,315,326,326,326,0,14,30,30,42,42,42],"floor_reached":51,"campfire_rested":1,"playtime":3876,"current_hp_per_floor":[80,64,64,65,71,71,71,66,66,67,69,70,70,70,70,66,80,67,67,69,69,53,53,45,45,45,45,45,47,47,18,42,15,80,76,76,75,75,80,80,80,80,80,80,80,75,80,74,74,18],"items_purged":["Strike_R"],"gold":42,"play_id":"107c5967-4222-487f-9b3b-40ef050479e3","is_prod":false,"is_daily":false,"is_ascension_mode":false,"campfire_upgraded":9,"path_taken":["M","?","$","M","M","R","?","?","T","M","M","E","R","$","R","BOSS","M","?","M","?","?","R","M","?","T","R","?","M","R","M","R","BOSS","M","?","M","?","M","R","M","R","T","?","M","M","?","M","R","BOSS"],"build_version":"2018-01-25-PROD3","purchased_purges":2,"victory":true,"master_deck":["Strike_R","Strike_R+1","Defend_R","Defend_R+1","Defend_R","Defend_R","Bash","Offering","Spot Weakness","Searing Blow+10","Power Through","Sever Soul","Headbutt","Battle Trance","Barricade","Dual Wield","Offering","Cleave","Armaments","Armaments","Writhe","Headbutt","Reaper","Shockwave+1","Battle Trance+1","Shrug It Off+1","Flame Barrier+1","Warcry+1","Seeing Red"],"max_hp_per_floor":[80,80,80,80,80,80,80,80,80,80,80,80,80,80,80,80,80,80,80,80,80,80,80,80,80,80,80,80,80,80,80,80,80,80,80,80,80,80,80,80,80,80,80,80,80,80,80,80,80,80],"relics":["Burning Blood","Torii","Bird Faced Urn","Sozu","Calipers","Enchiridion","Juzu Bracelet","Matryoshka","Philosopher\u0027s Stone","Darkstone Periapt","Charon\u0027s Ashes","Red Mask"],"card_choices":[{"not_picked":["Corruption","Dual Wield"],"picked":"Spot Weakness"},{"not_picked":["Rupture","Spot Weakness"],"picked":"Power Through"},{"not_picked":["Body Slam","Cleave"],"picked":"Sever Soul"},{"not_picked":["Battle Trance","Shockwave"],"picked":"Headbutt"},{"not_picked":["Sword Boomerang","Havoc"],"picked":"Battle Trance"},{"not_picked":["Body Slam","Twin Strike"],"picked":"Barricade"},{"not_picked":["Immolate","Exhume"],"picked":"Offering"},{"not_picked":["Clash","Second Wind"],"picked":"Cleave"},{"not_picked":["Warcry","Iron Wave"],"picked":"Armaments"},{"not_picked":["Second Wind","Body Slam"],"picked":"Headbutt"},{"not_picked":["Bludgeon","Brutality"],"picked":"Reaper"},{"not_picked":["Heavy Blade","Corruption"],"picked":"Shockwave"},{"not_picked":["Warcry","Anger"],"picked":"Battle Trance"},{"not_picked":["Body Slam","Headbutt"],"picked":"Shrug It Off"},{"not_picked":["Heavy Blade","Combust"],"picked":"Flame Barrier"},{"not_picked":["Rupture","Limit Break"],"picked":"Warcry"},{"not_picked":["Clash","Warcry"],"picked":"Seeing Red"}],"player_experience":162771,"potions_floor_usage":[],"damage_taken":[{"damage":5,"enemies":"Cultist","floor":1,"turns":3},{"damage":5,"enemies":"2 Louse","floor":4,"turns":3},{"damage":0,"enemies":"Small Slimes","floor":5,"turns":3},{"damage":11,"enemies":"Exordium Wildlife","floor":8,"turns":4},{"damage":5,"enemies":"Exordium Thugs","floor":10,"turns":4},{"damage":4,"enemies":"3 Louse","floor":11,"turns":2},{"damage":5,"enemies":"Gremlin Nob","floor":12,"turns":3},{"damage":10,"enemies":"The Guardian","floor":16,"turns":9},{"damage":19,"enemies":"3 Byrds","floor":18,"turns":6},{"damage":4,"enemies":"Chosen","floor":20,"turns":3},{"damage":16,"enemies":"Centurion and Healer","floor":24,"turns":4},{"damage":6,"enemies":"3 Cultists","floor":29,"turns":4},{"damage":37,"enemies":"Slaver and Parasite","floor":31,"turns":4},{"damage":39,"enemies":"Champ","floor":33,"turns":7},{"damage":10,"enemies":"3 Shapes","floor":35,"turns":6},{"damage":11,"enemies":"Orb Walker","floor":37,"turns":3},{"damage":0,"enemies":"Sphere and 2 Shapes","floor":39,"turns":4},{"damage":4,"enemies":"3 Darklings","floor":41,"turns":2},{"damage":5,"enemies":"4 Shapes","floor":45,"turns":6},{"damage":13,"enemies":"Sphere and 2 Shapes","floor":46,"turns":5},{"damage":15,"enemies":"3 Darklings","floor":48,"turns":5},{"damage":78,"enemies":"Awakened One","floor":50,"turns":9}],"event_choices":[{"event_name":"Shining Light","player_choice":"Entered Light","floor":2,"damage_taken":0},{"event_name":"Living Wall","player_choice":"Grow","floor":7,"damage_taken":0},{"event_name":"Addict","player_choice":"Obtained Relic","floor":19,"damage_taken":0},{"event_name":"Golden Shrine","player_choice":"Pray","floor":21,"damage_taken":0},{"event_name":"Cursed Tome","player_choice":"Obtained Book","floor":22,"damage_taken":0},{"event_name":"The Mausoleum","player_choice":"Yes","floor":28,"damage_taken":0},{"event_name":"Purifier","player_choice":"One Purge","floor":36,"damage_taken":0},{"event_name":"Tomb of Lord Red Mask","player_choice":"Paid","floor":44,"damage_taken":0},{"event_name":"Wheel of Change","player_choice":"Full Heal","floor":47,"damage_taken":0}],"boss_relics":[{"not_picked":["Orrery","Astrolabe"],"picked":"Sozu"},{"not_picked":["Calling Bell","Snecko Eye"],"picked":"Philosopher\u0027s Stone"}],"potions_floor_spawned":[1,12,16,18,31,33,39,41,45],"seed_played":"6697924562926377066","ascension_level":0,"is_trial":false}