{"path_per_floor":["M","M","M","?","$","R","M","E","T","R","?","R","M","T","R","B",null,"M","?","M","M","M","R","?"],"character_chosen":"IRONCLAD","items_purchased":["Bandage Up","Anger","Impervious"],"gold_per_floor":[111,131,149,324,104,104,114,149,175,175,125,125,140,140,140,237,267,249,249,265,279,299,299,299],"floor_reached":25,"campfire_rested":3,"playtime":1632,"current_hp_per_floor":[80,80,80,80,80,80,80,36,36,60,60,80,80,80,80,46,85,75,75,50,13,19,44,44],"items_purged":[],"gold":299,"play_id":"330e7676-1b59-44ba-9487-f47b26547829","is_prod":false,"is_daily":false,"is_ascension_mode":false,"campfire_upgraded":2,"path_taken":["M","M","M","?","?","R","M","E","T","R","?","R","M","?","R","BOSS","M","?","?","M","M","R","?","?"],"build_version":"2018-01-25-PROD3","purchased_purges":0,"victory":false,"master_deck":["Defend_R","Defend_R","Defend_R","Defend_R","Bash","Cleave+1","Armaments+1","Iron Wave","Immolate+1","Bandage Up","Anger","Impervious","Wild Strike","Pommel Strike","Wild Strike","Barricade","Intimidate","Rage","Impervious","Body Slam","Iron Wave","Clothesline","Bite_R","Bite_R","Bite_R","Bite_R","Bite_R"],"max_hp_per_floor":[80,80,80,80,80,80,80,80,80,80,80,80,80,80,80,80,85,85,85,85,85,85,85,59],"relics":["Burning Blood","Pen Nib","Toxic Egg","Bottled Flame","Tiny House"],"card_choices":[{"not_picked":["Body Slam","Shockwave"],"picked":"Cleave"},{"not_picked":["Second Wind","Thunderclap"],"picked":"Armaments"},{"not_picked":["Heavy Blade","Headbutt"],"picked":"Iron Wave"},{"not_picked":["Sword Boomerang","Headbutt"],"picked":"Immolate"},{"not_picked":["Warcry","True Grit"],"picked":"Wild Strike"},{"not_picked":["Flex","Sentinel"],"picked":"Pommel Strike"},{"not_picked":["Fiend Fire","Heavy Blade"],"picked":"Wild Strike"},{"not_picked":["Exhume","Dark Embrace"],"picked":"Barricade"},{"not_picked":["Flex","Twin Strike"],"picked":"Intimidate"},{"not_picked":["Headbutt","Combust"],"picked":"Rage"},{"not_picked":["Armaments","Uppercut"],"picked":"Body Slam"},{"not_picked":["Clash","Corruption"],"picked":"Iron Wave"},{"not_picked":["Pommel Strike","Sword Boomerang"],"picked":"Clothesline"}],"player_experience":71389,"potions_floor_usage":[8,16,18,22],"damage_taken":[{"damage":1,"enemies":"Jaw Worm","floor":1,"turns":5},{"damage":6,"enemies":"Cultist","floor":2,"turns":3},{"damage":4,"enemies":"2 Louse","floor":3,"turns":2},{"damage":5,"enemies":"Exordium Thugs","floor":7,"turns":4},{"damage":54,"enemies":"Lagavulin","floor":8,"turns":9},{"damage":5,"enemies":"Looter","floor":13,"turns":3},{"damage":44,"enemies":"Slime Boss","floor":16,"turns":12},{"damage":20,"enemies":"2 Thieves","floor":18,"turns":4},{"damage":35,"enemies":"Spheric Guardian","floor":20,"turns":10},{"damage":47,"enemies":"Centurion and Healer","floor":21,"turns":12},{"damage":0,"enemies":"Snecko","floor":22,"turns":5},{"damage":65,"enemies":"Chosen and Byrds","floor":25,"turns":8}],"event_choices":[{"event_name":"Liars Game","player_choice":"agreed","floor":4,"damage_taken":0},{"event_name":"The Cleric","player_choice":"Card Removal","floor":11,"damage_taken":0},{"event_name":"Duplicator","player_choice":"One dupe","floor":19,"damage_taken":0},{"event_name":"Vampires","player_choice":"Became a vampire","floor":24,"damage_taken":0}],"boss_relics":[{"not_picked":["Calling Bell","Ectoplasm"],"picked":"Tiny House"}],"potions_floor_spawned":[1,8,13,16,20,21],"seed_played":"5959201083928439388","killed_by":"Chosen and Byrds","ascension_level":0,"is_trial":false}