{"path_per_floor":["M","M","?","?","M","R","E","$","T","E","?","M","E","$","R","B",null,"M","?","M","M","?","R","E","R","T","?","E","R","?","M","R","B",null,"M","?","M","?","$","R","?","?","T","M","E","R","M","E","R"],"character_chosen":"IRONCLAD","items_purchased":["Dual Wield","Vajra","Metallicize","Barricade","Regen Potion","Poison Potion"],"gold_per_floor":[210,221,221,221,237,237,264,6,6,41,41,60,85,5,5,100,100,120,45,60,75,75,75,105,105,105,105,135,135,135,153,153,255,255,275,275,289,289,7,7,7,0,69,84,111,111,129,161,161],"floor_reached":50,"campfire_rested":3,"playtime":3320,"current_hp_per_floor":[80,74,49,42,46,46,39,39,39,40,40,44,50,50,50,14,80,74,74,66,56,56,56,31,47,47,47,25,41,41,32,32,14,56,39,39,34,24,24,40,40,40,40,29,56,56,55,44,44],"items_purged":["Strike_R","Bite"],"gold":161,"play_id":"a9622161-b12a-400c-8fbd-d6b840552f50","is_prod":false,"is_daily":false,"is_ascension_mode":true,"campfire_upgraded":6,"path_taken":["M","M","?","?","M","R","E","$","T","E","?","M","E","$","R","BOSS","M","?","M","M","?","R","E","R","T","?","E","R","?","M","R","BOSS","M","?","M","?","$","R","?","?","T","M","E","R","M","E","R","BOSS"],"build_version":"2018-02-01-PROD3","purchased_purges":2,"victory":false,"master_deck":["Defend_R","Defend_R","Defend_R","Defend_R","Bash","Armaments+1","Cleave","Inflame","Heavy Blade","Dual Wield+1","Pummel","Demon Form","Flex","Feel No Pain","Metallicize+1","Juggernaut","Seeing Red","Fire Breathing","Dual Wield+1","Inflame","Inflame","Battle Trance","Shrug It Off+1","Bite","Bite","Bite","Juggernaut","Armaments","Berserk","Metallicize","Disarm+1","Madness","Madness","Barricade+1","Warcry+1","Body Slam","Dual Wield+1","Offering"],"max_hp_per_floor":[80,80,80,80,80,80,80,80,80,80,80,80,80,80,80,80,80,80,80,80,80,56,56,56,56,56,56,56,56,56,56,56,56,56,56,56,56,56,56,56,56,56,56,56,56,56,56,56,56],"relics":["Burning Blood","Oddly Smooth Stone","Prayer Wheel","Vajra","Charon\u0027s Ashes","Mummified Hand","Kunai","Orrery","The Courier","Magic Flower","Juzu Bracelet","Velvet Choker","Red Mask","Bottled Flame","Bag of Preparation","Dream Catcher"],"card_choices":[{"not_picked":["Heavy Blade","Shrug It Off"],"picked":"Armaments"},{"not_picked":["Combust","Second Wind"],"picked":"Cleave"},{"not_picked":["Wild Strike","Barricade"],"picked":"Inflame"},{"not_picked":["Twin Strike","Armaments"],"picked":"Heavy Blade"},{"not_picked":["Sword Boomerang","Cleave"],"picked":"Pummel"},{"not_picked":["Twin Strike","Feel No Pain"],"picked":"Demon Form"},{"not_picked":["Rampage","Wild Strike"],"picked":"Flex"},{"not_picked":["Clash","Perfected Strike"],"picked":"Feel No Pain"},{"not_picked":["Impervious","Brutality"],"picked":"Juggernaut"},{"not_picked":["Clothesline","Clash"],"picked":"Seeing Red"},{"not_picked":["Body Slam","Anger"],"picked":"Fire Breathing"},{"not_picked":["Heavy Blade","Perfected Strike"],"picked":"Dual Wield"},{"not_picked":["Thunderclap","Shockwave"],"picked":"Inflame"},{"not_picked":["Cleave","Clash"],"picked":"Inflame"},{"not_picked":["Flame Barrier","Clash"],"picked":"Battle Trance"},{"not_picked":["Armaments","Anger"],"picked":"Shrug It Off"},{"not_picked":["Sword Boomerang","True Grit"],"picked":"Juggernaut"},{"not_picked":["Brutality","Sword Boomerang"],"picked":"Armaments"},{"not_picked":["Feed","Double Tap"],"picked":"Berserk"},{"not_picked":["Warcry","Sword Boomerang"],"picked":"Metallicize"},{"not_picked":["Clothesline","Headbutt"],"picked":"Disarm"},{"not_picked":["True Grit","Rupture"],"picked":"Warcry"},{"not_picked":["Combust","Clothesline"],"picked":"Body Slam"},{"not_picked":["Uppercut","Thunderclap"],"picked":"Dual Wield"},{"not_picked":["Evolve","Perfected Strike"],"picked":"Offering"}],"player_experience":180065,"potions_floor_usage":[7,13,18,20,28,33,33,33,44,44,45,50],"damage_taken":[{"damage":6,"enemies":"Cultist","floor":1,"turns":3},{"damage":12,"enemies":"Small Slimes","floor":2,"turns":3},{"damage":2,"enemies":"2 Louse","floor":5,"turns":2},{"damage":13,"enemies":"Gremlin Nob","floor":7,"turns":4},{"damage":5,"enemies":"3 Sentries","floor":10,"turns":6},{"damage":2,"enemies":"Large Slime","floor":12,"turns":4},{"damage":0,"enemies":"Gremlin Nob","floor":13,"turns":2},{"damage":42,"enemies":"Hexaghost","floor":16,"turns":9},{"damage":12,"enemies":"Shell Parasite","floor":18,"turns":4},{"damage":14,"enemies":"3 Byrds","floor":20,"turns":4},{"damage":16,"enemies":"3 Cultists","floor":21,"turns":5},{"damage":33,"enemies":"Slavers","floor":24,"turns":6},{"damage":48,"enemies":"Book of Stabbing","floor":28,"turns":6},{"damage":30,"enemies":"Snecko","floor":31,"turns":5},{"damage":62,"enemies":"Automaton","floor":33,"turns":11},{"damage":26,"enemies":"Orb Walker","floor":35,"turns":4},{"damage":26,"enemies":"3 Darklings","floor":37,"turns":5},{"damage":54,"enemies":"Sphere and 2 Shapes","floor":44,"turns":8},{"damage":0,"enemies":"Giant Head","floor":45,"turns":9},{"damage":13,"enemies":"4 Shapes","floor":47,"turns":7},{"damage":33,"enemies":"Nemesis","floor":48,"turns":10},{"damage":57,"enemies":"Time Eater","floor":50,"turns":5}],"event_choices":[{"event_name":"Scrap Ooze","player_choice":"success","floor":3,"damage_taken":25},{"event_name":"Golden Wing","player_choice":"Card Removal","floor":4,"damage_taken":0},{"event_name":"Wheel of Change","player_choice":"Curse","floor":11,"damage_taken":0},{"event_name":"Beggar","player_choice":"Gave Gold","floor":19,"damage_taken":0},{"event_name":"Vampires","player_choice":"Became a vampire","floor":22,"damage_taken":0},{"event_name":"The Lab","player_choice":"Got Potions","floor":27,"damage_taken":0},{"event_name":"Back to Basics","player_choice":"Elegance","floor":30,"damage_taken":0},{"event_name":"Winding Halls","player_choice":"Embrace Madness","floor":38,"damage_taken":0},{"event_name":"Mysterious Sphere","player_choice":"Ignore","floor":41,"damage_taken":0},{"event_name":"Tomb of Lord Red Mask","player_choice":"Paid","floor":42,"damage_taken":0}],"boss_relics":[{"not_picked":["Runic Pyramid","Question Card"],"picked":"Orrery"},{"not_picked":["White Beast Statue","Tiny House"],"picked":"Velvet Choker"}],"potions_floor_spawned":[5,10,12,13,16,21,24,31,35,45],"seed_played":"6467841719856891113","killed_by":"Time Eater","ascension_level":2,"is_trial":false}