{"path_per_floor":["M","M","?","?","M","R","E","M","T","R","M","E","T","M","R","B",null,"M","M","$","M","M","R","?","R","T","R","$","R","M","M","R","B",null,"M","?","M","?","M","R","M","$","T","R","?","R","M","M","R"],"character_chosen":"IRONCLAD","items_purchased":["Singing Bowl","Second Wind","Art of War","True Grit","Toolbox","Barricade"],"gold_per_floor":[115,128,128,303,318,318,352,364,364,364,377,408,490,509,509,609,609,619,635,223,240,255,255,255,255,255,255,109,109,123,138,138,235,265,282,282,301,301,315,315,328,15,42,42,42,42,55,68,68],"floor_reached":50,"campfire_rested":3,"playtime":4371,"current_hp_per_floor":[80,77,61,61,65,65,18,24,24,48,47,34,34,40,40,10,80,73,58,58,50,48,48,48,48,48,48,48,48,54,48,48,9,87,45,45,22,22,28,54,44,44,44,44,44,44,26,30,57],"items_purged":["Doubt","Strike_R"],"gold":68,"play_id":"7afd863e-2083-46fd-a4fb-039b02e473a2","is_prod":false,"is_daily":false,"is_ascension_mode":false,"campfire_upgraded":9,"path_taken":["M","M","?","?","?","R","E","M","T","R","M","E","?","M","R","BOSS","M","M","$","M","M","R","?","R","T","R","$","R","M","M","R","BOSS","M","?","M","?","M","R","M","$","T","R","?","R","?","M","R","BOSS"],"build_version":"2018-01-25-PROD3","purchased_purges":2,"victory":false,"master_deck":["Strike_R","Strike_R","Strike_R+1","Strike_R","Defend_R","Defend_R","Defend_R","Bash+1","Armaments+1","Heavy Blade+1","Cleave","Demon Form+1","Whirlwind+1","Shrug It Off","Shrug It Off+1","Double Tap+1","Shrug It Off","Burning Pact+1","Second Wind","Battle Trance","True Grit+1","Headbutt","Clothesline+1","Limit Break","True Grit+1","Corruption+1","Armaments+1","Barricade","Warcry+1","Disarm+1"],"max_hp_per_floor":[80,80,80,80,80,80,80,80,80,80,80,80,80,80,80,80,80,80,80,80,80,82,82,82,82,82,82,82,82,82,82,82,82,87,87,87,89,89,89,89,91,91,91,91,91,91,91,91,91],"relics":["Burning Blood","Bag of Preparation","Charon\u0027s Ashes","Omamori","Darkstone Periapt","Sozu","Singing Bowl","Art of War","Centennial Puzzle","Tiny House","Toolbox","Bronze Scales"],"card_choices":[{"not_picked":["Shrug It Off","Heavy Blade"],"picked":"Armaments"},{"not_picked":["Warcry","Clash"],"picked":"Heavy Blade"},{"not_picked":["Infernal Blade","Perfected Strike"],"picked":"Cleave"},{"not_picked":["Corruption","Armaments"],"picked":"Demon Form"},{"not_picked":["Battle Trance","Rupture"],"picked":"Whirlwind"},{"not_picked":["Armaments","Headbutt"],"picked":"Shrug It Off"},{"not_picked":["Clothesline","Dropkick"],"picked":"Shrug It Off"},{"not_picked":["Bludgeon","Brutality"],"picked":"Double Tap"},{"not_picked":["Body Slam","Perfected Strike"],"picked":"Shrug It Off"},{"not_picked":["Reckless Charge","Perfected Strike"],"picked":"Burning Pact"},{"not_picked":["Sever Soul","Heavy Blade"],"picked":"Battle Trance"},{"not_picked":["Spot Weakness","Armaments"],"picked":"Headbutt"},{"not_picked":["Headbutt","Inflame"],"picked":"Clothesline"},{"not_picked":["Exhume","Immolate"],"picked":"Limit Break"},{"not_picked":["Clothesline","Infernal Blade"],"picked":"True Grit"},{"not_picked":["Headbutt","Iron Wave"],"picked":"Corruption"},{"not_picked":["Anger","Intimidate"],"picked":"Armaments"},{"not_picked":["Pommel Strike","Intimidate"],"picked":"Warcry"},{"not_picked":["Flame Barrier","Brutality"],"picked":"Disarm"}],"player_experience":175720,"potions_floor_usage":[8,12,12],"damage_taken":[{"damage":5,"enemies":"Small Slimes","floor":1,"turns":4},{"damage":9,"enemies":"2 Louse","floor":2,"turns":4},{"damage":2,"enemies":"Cultist","floor":5,"turns":6},{"damage":53,"enemies":"Lagavulin","floor":7,"turns":8},{"damage":0,"enemies":"Gremlin Gang","floor":8,"turns":3},{"damage":7,"enemies":"Exordium Thugs","floor":11,"turns":5},{"damage":19,"enemies":"3 Sentries","floor":12,"turns":4},{"damage":0,"enemies":"3 Louse","floor":14,"turns":2},{"damage":36,"enemies":"Slime Boss","floor":16,"turns":8},{"damage":13,"enemies":"3 Byrds","floor":18,"turns":4},{"damage":21,"enemies":"Shell Parasite","floor":19,"turns":7},{"damage":14,"enemies":"Centurion and Healer","floor":21,"turns":5},{"damage":10,"enemies":"Snake Plant","floor":22,"turns":4},{"damage":0,"enemies":"Snecko","floor":30,"turns":4},{"damage":12,"enemies":"Centurion and Healer","floor":31,"turns":5},{"damage":45,"enemies":"Collector","floor":33,"turns":8},{"damage":48,"enemies":"3 Shapes","floor":35,"turns":5},{"damage":31,"enemies":"3 Darklings","floor":37,"turns":4},{"damage":0,"enemies":"4 Shapes","floor":39,"turns":2},{"damage":18,"enemies":"Maw","floor":41,"turns":6},{"damage":24,"enemies":"Sphere and 2 Shapes","floor":47,"turns":4},{"damage":2,"enemies":"4 Shapes","floor":48,"turns":3},{"damage":67,"enemies":"Donu and Deca","floor":50,"turns":5}],"event_choices":[{"event_name":"Shining Light","player_choice":"Entered Light","floor":3,"damage_taken":0},{"event_name":"Liars Game","player_choice":"agreed","floor":4,"damage_taken":0},{"event_name":"Forgotten Altar","player_choice":"Smashed Altar","floor":24,"damage_taken":0},{"event_name":"Tomb of Lord Red Mask","player_choice":"Ignored","floor":36,"damage_taken":0},{"event_name":"Mysterious Sphere","player_choice":"Ignore","floor":38,"damage_taken":0}],"boss_relics":[{"not_picked":["Philosopher\u0027s Stone","Astrolabe"],"picked":"Sozu"},{"not_picked":["Runic Pyramid","Black Star"],"picked":"Tiny House"}],"potions_floor_spawned":[7,8,11,16,19,21,30,39,47,48],"seed_played":"-1226159555050372485","killed_by":"Donu and Deca","ascension_level":0,"is_trial":false}