{"path_per_floor":["M","$","?","?","M","E","M","R","T","M","E","$","R","M","R","B",null,"M","$","M","M","M","R"],"character_chosen":"IRONCLAD","items_purchased":["Metallicize","Clothesline","Dramatic Entrance","Inflame","Shrug It Off"],"gold_per_floor":[115,17,17,17,29,54,71,71,71,82,115,18,18,36,36,131,131,141,15,28,41,52,52],"floor_reached":24,"campfire_rested":3,"playtime":1360,"current_hp_per_floor":[79,79,79,84,85,62,65,85,85,85,77,77,77,69,85,45,85,77,77,55,40,31,56],"items_purged":[],"gold":52,"play_id":"5cd665dc-3117-420e-805e-76e4144ca335","is_prod":false,"is_daily":false,"is_ascension_mode":false,"campfire_upgraded":1,"path_taken":["M","$","?","?","M","E","M","R","T","M","E","?","R","?","R","BOSS","M","$","M","M","M","R","E"],"build_version":"2018-02-01-PROD3","purchased_purges":0,"victory":false,"master_deck":["Strike_R","Strike_R","Strike_R","Strike_R","Strike_R","Defend_R","Defend_R","Defend_R","Defend_R","Bash","Cleave","Metallicize+1","Clothesline","Disarm","Spot Weakness","Pummel","Anger","Armaments","Berserk","Dramatic Entrance","Pommel Strike","Impervious","Normality","Normality","Parasite","Sword Boomerang+1","Inflame","Shrug It Off","Iron Wave","Clothesline+1","Pommel Strike+1","Barricade"],"max_hp_per_floor":[80,80,80,85,85,85,85,85,85,85,85,85,85,85,85,85,85,85,85,85,85,85,85],"relics":["Burning Blood","Pen Nib","Ornamental Fan","Champion Belt","Bag of Marbles","Calling Bell","Dream Catcher","Ancient Tea Set","Letter Opener"],"card_choices":[{"not_picked":["Clash","Wild Strike"],"picked":"Cleave"},{"not_picked":["Body Slam","Clash"],"picked":"Spot Weakness"},{"not_picked":["Hemokinesis","Cleave"],"picked":"Pummel"},{"not_picked":["Twin Strike","Shockwave"],"picked":"Anger"},{"not_picked":["Flex","Feel No Pain"],"picked":"Armaments"},{"not_picked":["Body Slam","Infernal Blade"],"picked":"Berserk"},{"not_picked":["Perfected Strike","Heavy Blade"],"picked":"Pommel Strike"},{"not_picked":["Offering","Reaper"],"picked":"Impervious"},{"not_picked":["Wild Strike","Sentinel"],"picked":"Sword Boomerang"},{"not_picked":["Pommel Strike","Headbutt"],"picked":"Iron Wave"},{"not_picked":["Fire Breathing","Clash"],"picked":"Clothesline"},{"not_picked":["Sentinel","Rupture"],"picked":"Pommel Strike"},{"not_picked":["Fire Breathing","True Grit"],"picked":"Barricade"}],"player_experience":95358,"potions_floor_usage":[21,22,24,24],"damage_taken":[{"damage":7.0,"enemies":"Small Slimes","floor":1.0,"turns":4.0},{"damage":4.0,"enemies":"Blue Slaver","floor":5.0,"turns":4.0},{"damage":29.0,"enemies":"Lagavulin","floor":6.0,"turns":7.0},{"damage":3.0,"enemies":"2 Louse","floor":7.0,"turns":3.0},{"damage":6.0,"enemies":"Looter","floor":10.0,"turns":4.0},{"damage":14.0,"enemies":"Gremlin Nob","floor":11.0,"turns":5.0},{"damage":14.0,"enemies":"Exordium Thugs","floor":14.0,"turns":3.0},{"damage":46.0,"enemies":"Hexaghost","floor":16.0,"turns":10.0},{"damage":14.0,"enemies":"2 Thieves","floor":18.0,"turns":5.0},{"damage":28,"enemies":"Spheric Guardian","floor":20,"turns":8},{"damage":21,"enemies":"Cultist and Chosen","floor":21,"turns":7},{"damage":15,"enemies":"Slaver and Parasite","floor":22,"turns":6},{"damage":69,"enemies":"Slavers","floor":24,"turns":5}],"event_choices":[{"event_name":"Match and Keep!","player_choice":"1 cards matched","floor":3.0,"damage_taken":0.0},{"event_name":"Big Fish","player_choice":"Donut","floor":4.0,"damage_taken":0.0}],"boss_relics":[],"potions_floor_spawned":[7,10,11,16,20,22],"seed_played":"297606623129339929","killed_by":"Slavers","ascension_level":0,"is_trial":false}