{"path_per_floor":["M","$","M","M","?","R","$","M","T","$","R","M","E","M","R","B",null,"M","$","M","M","T","R","?","R","T","E","M","?","R","M","R"],"character_chosen":"IRONCLAD","items_purchased":["Ginger","Anger","Juzu Bracelet"],"gold_per_floor":[109,109,122,142,317,317,24,43,96,50,50,62,90,101,101,203,233,249,48,66,79,79,79,79,79,79,109,125,125,125,143,143],"floor_reached":33,"campfire_rested":5,"playtime":1937,"current_hp_per_floor":[78,78,80,80,80,80,80,66,66,66,66,68,54,55,79,76,87,83,83,67,31,31,57,57,83,83,31,8,8,34,17,43],"items_purged":["Regret"],"gold":143,"play_id":"3b1166d2-beca-4aac-91ba-f1da68b4a6c2","is_prod":false,"is_daily":false,"is_ascension_mode":false,"campfire_upgraded":2,"path_taken":["M","$","M","M","?","R","$","M","T","?","R","?","E","M","R","BOSS","M","$","M","M","?","R","?","R","T","E","M","?","R","M","R","BOSS"],"build_version":"2018-01-25-PROD3","purchased_purges":1,"victory":false,"master_deck":["Strike_R+1","Strike_R+1","Strike_R+1","Strike_R+1","Strike_R+1","Defend_R+1","Defend_R+1","Defend_R+1","Defend_R+1","Bash","Exhume","Shrug It Off","Seeing Red+1","Anger+1","Doubt","Bludgeon","Anger","Blood for Blood","Cleave","Rampage","Demon Form","Doubt","Parasite","Clothesline","Heavy Blade","Reaper","Impervious","Armaments","Decay","Intimidate"],"max_hp_per_floor":[80,80,80,80,80,80,80,80,80,80,80,80,80,80,80,80,87,87,87,87,87,87,87,87,87,87,87,87,87,87,87,87],"relics":["Burning Blood","Ginger","Orichalcum","Smiling Mask","Calling Bell","Bag of Preparation","Strawberry","Tiny Chest","Juzu Bracelet","Sundial","Letter Opener","Vajra"],"card_choices":[{"not_picked":["Havoc","Clash"],"picked":"Shrug It Off"},{"not_picked":["True Grit","Warcry"],"picked":"Seeing Red"},{"not_picked":["Blood for Blood","Pommel Strike"],"picked":"Anger"},{"not_picked":["Seeing Red","Fire Breathing"],"picked":"Bludgeon"},{"not_picked":["Headbutt","Havoc"],"picked":"Blood for Blood"},{"not_picked":["Twin Strike","Anger"],"picked":"Cleave"},{"not_picked":["Thunderclap","True Grit"],"picked":"Rampage"},{"not_picked":["Reaper","Offering"],"picked":"Demon Form"},{"not_picked":["Cleave","Feel No Pain"],"picked":"Clothesline"},{"not_picked":["Twin Strike","Pommel Strike"],"picked":"Heavy Blade"},{"not_picked":["Heavy Blade","Shrug It Off"],"picked":"Reaper"},{"not_picked":["Clash","Clothesline"],"picked":"Impervious"},{"not_picked":["Burning Pact","Infernal Blade"],"picked":"Armaments"},{"not_picked":["Clash","Sword Boomerang"],"picked":"Intimidate"}],"player_experience":69452,"potions_floor_usage":[14,16,18,27,27,33,33],"damage_taken":[{"damage":8,"enemies":"Cultist","floor":1,"turns":5},{"damage":0,"enemies":"Small Slimes","floor":3,"turns":3},{"damage":4,"enemies":"Blue Slaver","floor":4,"turns":6},{"damage":20,"enemies":"Large Slime","floor":8,"turns":9},{"damage":4,"enemies":"Exordium Wildlife","floor":12,"turns":4},{"damage":20,"enemies":"Lagavulin","floor":13,"turns":5},{"damage":5,"enemies":"Looter","floor":14,"turns":2},{"damage":9,"enemies":"Slime Boss","floor":16,"turns":8},{"damage":10,"enemies":"3 Byrds","floor":18,"turns":7},{"damage":22,"enemies":"Spheric Guardian","floor":20,"turns":5},{"damage":42,"enemies":"Slaver and Parasite","floor":21,"turns":7},{"damage":62,"enemies":"Book of Stabbing","floor":27,"turns":7},{"damage":39,"enemies":"3 Cultists","floor":28,"turns":7},{"damage":23,"enemies":"Sentry and Sphere","floor":31,"turns":5},{"damage":82,"enemies":"Collector","floor":33,"turns":7}],"event_choices":[{"event_name":"Liars Game","player_choice":"agreed","floor":5,"damage_taken":0},{"event_name":"Back to Basics","player_choice":"Simplicity","floor":24,"damage_taken":0},{"event_name":"Forgotten Altar","player_choice":"Smashed Altar","floor":29,"damage_taken":0}],"boss_relics":[{"not_picked":["Tiny House","Lizard Tail"],"picked":"Calling Bell"}],"potions_floor_spawned":[4,13,14,16,21,27,31],"seed_played":"-5616128501861761658","killed_by":"Collector","ascension_level":0,"is_trial":false}