{"path_per_floor":["M","?","?","$","?","E","R","M","T","E","M","M","M","M","R","B",null,"M","?","$","M","M"],"character_chosen":"IRONCLAD","items_purchased":["Apotheosis"],"gold_per_floor":[116,116,116,41,41,76,76,93,93,125,144,162,176,190,190,287,287,305,305,9,23,36],"floor_reached":23,"campfire_rested":0,"playtime":1430,"current_hp_per_floor":[80,80,80,80,80,52,52,58,58,34,39,45,43,49,49,7,80,62,62,62,32,26],"items_purged":["Regret","Strike_R"],"gold":36,"play_id":"d58bf60a-11ec-4eec-95a6-23bd69b70f18","is_prod":false,"is_daily":false,"is_ascension_mode":true,"campfire_upgraded":2,"path_taken":["M","?","?","$","?","E","R","M","T","E","M","M","M","?","R","BOSS","M","?","$","M","?","E"],"build_version":"2018-02-01-PROD3","purchased_purges":2,"victory":false,"master_deck":["Strike_R","Strike_R","Strike_R","Defend_R","Defend_R","Defend_R","Defend_R","Bash","Flex+1","Blood for Blood","Warcry","Evolve+1","Flex","Flex","Apotheosis","True Grit+1"],"max_hp_per_floor":[80,80,80,80,80,80,80,80,80,80,80,80,80,80,80,80,80,80,80,80,80,80],"relics":["Burning Blood","Dead Branch","Pen Nib","Anchor","Unceasing Top","Velvet Choker"],"card_choices":[{"not_picked":["Armaments","Spot Weakness"],"picked":"Flex"},{"not_picked":["Searing Blow","Bloodletting"],"picked":"Blood for Blood"},{"not_picked":["Shrug It Off","True Grit"],"picked":"Warcry"},{"not_picked":["Cleave","Perfected Strike"],"picked":"Evolve"},{"not_picked":["Wild Strike","Reckless Charge"],"picked":"Flex"},{"not_picked":["Fire Breathing","Combust"],"picked":"Flex"},{"not_picked":["Rampage","Disarm"],"picked":"True Grit"}],"player_experience":169294,"potions_floor_usage":[6,10,16,18,22],"damage_taken":[{"damage":6,"enemies":"Jaw Worm","floor":1,"turns":3},{"damage":34,"enemies":"Lagavulin","floor":6,"turns":6},{"damage":0,"enemies":"2 Louse","floor":8,"turns":2},{"damage":30,"enemies":"3 Sentries","floor":10,"turns":7},{"damage":1,"enemies":"Cultist","floor":11,"turns":3},{"damage":0,"enemies":"3 Louse","floor":12,"turns":4},{"damage":8,"enemies":"2 Fungi Beasts","floor":13,"turns":4},{"damage":0,"enemies":"Looter","floor":14,"turns":2},{"damage":48,"enemies":"Slime Boss","floor":16,"turns":10},{"damage":24,"enemies":"Chosen","floor":18,"turns":6},{"damage":36,"enemies":"3 Byrds","floor":21,"turns":6},{"damage":12,"enemies":"Centurion and Healer","floor":22,"turns":4},{"damage":32,"enemies":"Book of Stabbing","floor":23,"turns":4}],"event_choices":[{"event_name":"Big Fish","player_choice":"Box","floor":2,"damage_taken":0},{"event_name":"Shining Light","player_choice":"Ignored","floor":3,"damage_taken":0},{"event_name":"The Cleric","player_choice":"Leave","floor":5,"damage_taken":0},{"event_name":"Back to Basics","player_choice":"Elegance","floor":19,"damage_taken":0}],"boss_relics":[{"not_picked":["Lizard Tail","Black Blood"],"picked":"Velvet Choker"}],"potions_floor_spawned":[1,8,10,12,16,21,22],"seed_played":"-2723243802643880966","killed_by":"Book of Stabbing","ascension_level":1,"is_trial":false}