{"path_per_floor":["M","M","$","M","?","E","?","M","T","$","R","M","M","$","R","B",null,"M","$","M","M","?","R","?","M","T","R","M","R","T","M","R"],"character_chosen":"IRONCLAD","items_purchased":["Whirlwind","Metallicize","Searing Blow","Spot Weakness","Bronze Scales"],"gold_per_floor":[110,128,54,68,68,93,168,184,184,82,82,100,116,81,81,178,178,193,36,56,67,67,67,67,85,85,85,101,101,101,111,111],"floor_reached":33,"campfire_rested":6,"playtime":1875,"current_hp_per_floor":[80,78,78,80,73,38,27,28,42,42,70,68,61,61,89,37,94,61,61,44,24,24,52,52,57,57,85,46,74,74,74,94],"items_purged":[],"gold":111,"play_id":"ee7dd2d5-68e0-432f-b050-65352e7dd4c3","is_prod":false,"is_daily":false,"is_ascension_mode":false,"campfire_upgraded":0,"path_taken":["M","M","$","M","?","E","?","M","T","$","R","?","M","$","R","BOSS","M","$","M","M","?","R","?","M","T","R","M","R","?","?","R","BOSS"],"build_version":"2018-01-25-PROD3","purchased_purges":0,"victory":false,"master_deck":["Strike_R","Strike_R","Strike_R","Strike_R","Strike_R","Defend_R","Defend_R","Defend_R","Defend_R","Bash","Immolate","Cleave","Thunderclap","Whirlwind","Thunderclap","Barricade","Infernal Blade","Metallicize","Searing Blow","Armaments","Perfected Strike","Spot Weakness","Impervious","Shrug It Off","Iron Wave","Exhume","Iron Wave","Power Through+1","Wild Strike"],"max_hp_per_floor":[80,80,80,80,80,80,80,80,94,94,94,94,94,94,94,94,94,94,94,94,94,94,94,94,94,94,94,94,94,94,94,94],"relics":["Burning Blood","Red Skull","Mango","White Beast Statue","Bronze Scales","Ornamental Fan","Champion Belt"],"card_choices":[{"not_picked":["Juggernaut","Offering"],"picked":"Immolate"},{"not_picked":["Perfected Strike","Thunderclap"],"picked":"Cleave"},{"not_picked":["Heavy Blade","True Grit"],"picked":"Thunderclap"},{"not_picked":["Body Slam","Corruption"],"picked":"Thunderclap"},{"not_picked":["Clothesline","Anger"],"picked":"Barricade"},{"not_picked":["Hemokinesis","Anger"],"picked":"Infernal Blade"},{"not_picked":["Flex","Perfected Strike"],"picked":"Armaments"},{"not_picked":["Iron Wave","Havoc"],"picked":"Perfected Strike"},{"not_picked":["Bludgeon","Immolate"],"picked":"Impervious"},{"not_picked":["Feel No Pain","Clash"],"picked":"Shrug It Off"},{"not_picked":["Armaments","True Grit"],"picked":"Iron Wave"},{"not_picked":["Dropkick","Clothesline"],"picked":"Exhume"},{"not_picked":["Sword Boomerang","Thunderclap"],"picked":"Iron Wave"},{"not_picked":["Double Tap","Thunderclap"],"picked":"Power Through"},{"not_picked":["Combust","True Grit"],"picked":"Wild Strike"}],"player_experience":73021,"potions_floor_usage":[16,18,25,25,28,33,33,33],"damage_taken":[{"damage":2,"enemies":"Jaw Worm","floor":1,"turns":4},{"damage":8,"enemies":"2 Louse","floor":2,"turns":3},{"damage":4,"enemies":"Cultist","floor":4,"turns":4},{"damage":41,"enemies":"Gremlin Nob","floor":6,"turns":5},{"damage":5,"enemies":"Looter","floor":8,"turns":2},{"damage":8,"enemies":"Lots of Slimes","floor":12,"turns":2},{"damage":13,"enemies":"3 Louse","floor":13,"turns":2},{"damage":58,"enemies":"Slime Boss","floor":16,"turns":12},{"damage":39,"enemies":"2 Thieves","floor":18,"turns":4},{"damage":23,"enemies":"3 Byrds","floor":20,"turns":3},{"damage":33,"enemies":"Snake Plant","floor":21,"turns":4},{"damage":1,"enemies":"3 Cultists","floor":25,"turns":4},{"damage":45,"enemies":"Slaver and Parasite","floor":28,"turns":6},{"damage":6,"enemies":"Snake Plant","floor":31,"turns":8},{"damage":110,"enemies":"Champ","floor":33,"turns":23}],"event_choices":[{"event_name":"Golden Wing","player_choice":"Card Removal","floor":5,"damage_taken":0},{"event_name":"World of Goop","player_choice":"Gather Gold","floor":7,"damage_taken":0},{"event_name":"The Woman in Blue","player_choice":"Bought 0 Potions","floor":22,"damage_taken":0},{"event_name":"Vampires","player_choice":"Ignored","floor":24,"damage_taken":0}],"boss_relics":[{"not_picked":["Runic Cube","Runic Pyramid"],"picked":"White Beast Statue"}],"potions_floor_spawned":[6,8,16,18,20,21,25,28,31],"seed_played":"5455372640721855049","killed_by":"Champ","ascension_level":0,"is_trial":false}