{"path_per_floor":["M","?","$","?","M","R","?","R","T","M","?","M","M","M","R","B",null,"M","M","$","M","T","R","M"],"character_chosen":"IRONCLAD","items_purchased":["Rampage","Limit Break"],"gold_per_floor":[118,193,45,45,62,62,92,92,141,153,218,234,249,260,260,356,356,366,381,127,138,161,161,178],"floor_reached":25,"campfire_rested":3,"playtime":1560,"current_hp_per_floor":[71,60,60,57,51,51,25,49,49,55,38,39,30,36,60,28,80,49,45,45,14,14,38,18],"items_purged":["Strike_R","Strike_R"],"gold":178,"play_id":"b606ac97-dc42-4493-b1c6-37e5b4ba1814","is_prod":false,"is_daily":false,"is_ascension_mode":false,"campfire_upgraded":1,"path_taken":["M","?","$","?","M","R","?","R","T","?","?","?","?","M","R","BOSS","M","M","$","M","?","R","?","M"],"build_version":"2018-02-01-PROD3","purchased_purges":2,"victory":false,"master_deck":["Strike_R","Strike_R","Strike_R","Defend_R","Defend_R","Defend_R","Defend_R","Bash","Double Tap+1","Headbutt","Rampage","Flex","Blood for Blood","Rampage","Limit Break","Flex","Limit Break","Clash"],"max_hp_per_floor":[80,80,80,80,80,80,80,80,80,80,80,80,80,80,80,80,80,80,80,80,80,80,80,80],"relics":["Burning Blood","Happy Flower","Odd Mushroom","Vajra","Gremlin Horn","Black Star","Oddly Smooth Stone"],"card_choices":[{"not_picked":["True Grit","Flame Barrier"],"picked":"Headbutt"},{"not_picked":["Rupture","Barricade"],"picked":"Flex"},{"not_picked":["True Grit","Sever Soul"],"picked":"Blood for Blood"},{"not_picked":["Iron Wave","Wild Strike"],"picked":"Rampage"},{"not_picked":["Fiend Fire","Reaper"],"picked":"Limit Break"},{"not_picked":["Wild Strike","Pommel Strike"],"picked":"Flex"},{"not_picked":["True Grit","Warcry"],"picked":"Clash"}],"player_experience":33920,"potions_floor_usage":[21,24,25],"damage_taken":[{"damage":15,"enemies":"Jaw Worm","floor":1,"turns":4},{"damage":12,"enemies":"Small Slimes","floor":5,"turns":3},{"damage":32,"enemies":"The Mushroom Lair","floor":7,"turns":5},{"damage":0,"enemies":"Cultist","floor":10,"turns":2},{"damage":23,"enemies":"3 Sentries","floor":11,"turns":7},{"damage":5,"enemies":"Looter","floor":12,"turns":2},{"damage":15,"enemies":"3 Louse","floor":13,"turns":2},{"damage":0,"enemies":"2 Fungi Beasts","floor":14,"turns":2},{"damage":38,"enemies":"Slime Boss","floor":16,"turns":8},{"damage":37,"enemies":"2 Thieves","floor":18,"turns":4},{"damage":10,"enemies":"Spheric Guardian","floor":19,"turns":3},{"damage":37,"enemies":"Cultist and Chosen","floor":21,"turns":5},{"damage":26,"enemies":"Centurion and Healer","floor":24,"turns":4},{"damage":18,"enemies":"Slaver and Parasite","floor":25,"turns":1}],"event_choices":[{"event_name":"World of Goop","player_choice":"Gather Gold","floor":2,"damage_taken":0},{"event_name":"Scrap Ooze","player_choice":"success","floor":4,"damage_taken":3},{"event_name":"Mushrooms","player_choice":"Fought Mushrooms","floor":7,"damage_taken":0},{"event_name":"Dead Adventurer","player_choice":"Searched \u00271\u0027 times","floor":11,"damage_taken":0}],"boss_relics":[{"not_picked":["Tiny House","Cursed Key"],"picked":"Black Star"}],"potions_floor_spawned":[5,10,12,13,14,18],"seed_played":"-4164905862165102399","killed_by":"Slaver and Parasite","ascension_level":0,"is_trial":false}