{"path_per_floor":["M","$","M","?","M","R","M","M","T","R","?","M","M","M","R","B",null,"M","?","?","$","M"],"character_chosen":"IRONCLAD","items_purchased":["Purity"],"gold_per_floor":[118,43,61,61,76,76,92,102,126,126,153,163,176,195,195,298,298,314,314,314,108,121],"floor_reached":23,"campfire_rested":2,"playtime":1609,"current_hp_per_floor":[80,80,73,73,78,78,70,32,32,56,29,28,30,31,55,34,80,54,80,80,80,50],"items_purged":["Strike_R","Strike_R"],"gold":121,"play_id":"95e74335-55fa-4356-a0fb-86d26dbd17bc","is_prod":false,"is_daily":false,"is_ascension_mode":false,"campfire_upgraded":1,"path_taken":["M","$","M","?","M","R","M","M","T","R","?","?","M","M","R","BOSS","M","?","?","$","M","E"],"build_version":"2018-02-01-PROD3","purchased_purges":2,"victory":false,"master_deck":["Strike_R","Strike_R","Strike_R","Defend_R","Defend_R","Defend_R","Defend_R","Bash","Offering","Rampage+1","Limit Break+1","Reaper","Double Tap","Flex","Blood for Blood","Blood for Blood","Purity"],"max_hp_per_floor":[80,80,80,80,80,80,80,80,80,80,80,80,80,80,80,80,80,80,80,80,80,80],"relics":["Burning Blood","Vajra","Odd Mushroom","Orrery"],"card_choices":[{"not_picked":["Second Wind","Perfected Strike"],"picked":"Offering"},{"not_picked":["Headbutt","Rupture"],"picked":"Rampage"},{"not_picked":["Shrug It Off","Twin Strike"],"picked":"Limit Break"},{"not_picked":["Battle Trance","Wild Strike"],"picked":"Reaper"},{"not_picked":["Feel No Pain","Warcry"],"picked":"Double Tap"},{"not_picked":["Iron Wave","Bloodletting"],"picked":"Flex"},{"not_picked":["Intimidate","Corruption"],"picked":"Blood for Blood"},{"not_picked":["Iron Wave","Second Wind"],"picked":"Blood for Blood"}],"player_experience":32311,"potions_floor_usage":[],"damage_taken":[{"damage":3,"enemies":"Small Slimes","floor":1,"turns":3},{"damage":13,"enemies":"Blue Slaver","floor":3,"turns":4},{"damage":1,"enemies":"Cultist","floor":5,"turns":4},{"damage":14,"enemies":"2 Fungi Beasts","floor":7,"turns":4},{"damage":44,"enemies":"Exordium Thugs","floor":8,"turns":5},{"damage":33,"enemies":"The Mushroom Lair","floor":11,"turns":5},{"damage":13,"enemies":"3 Louse","floor":12,"turns":4},{"damage":14,"enemies":"Exordium Wildlife","floor":13,"turns":4},{"damage":5,"enemies":"Looter","floor":14,"turns":4},{"damage":33,"enemies":"The Guardian","floor":16,"turns":6},{"damage":32,"enemies":"Shell Parasite","floor":18,"turns":3},{"damage":36,"enemies":"Spheric Guardian","floor":22,"turns":5},{"damage":66,"enemies":"Gremlin Leader","floor":23,"turns":5}],"event_choices":[{"event_name":"Upgrade Shrine","player_choice":"Upgraded","floor":4,"damage_taken":0},{"event_name":"Mushrooms","player_choice":"Fought Mushrooms","floor":11,"damage_taken":0},{"event_name":"The Library","player_choice":"Heal","floor":19,"damage_taken":0},{"event_name":"Drug Dealer","player_choice":"Ignored","floor":20,"damage_taken":0}],"boss_relics":[{"not_picked":["Runic Dome","Black Blood"],"picked":"Orrery"}],"potions_floor_spawned":[1,3,8,11,22],"seed_played":"4175501341177578541","killed_by":"Gremlin Leader","ascension_level":0,"is_trial":false}