{"path_per_floor":["M","$","?","M","?","R","M","?","T","R","M","M","E","?","R"],"character_chosen":"IRONCLAD","items_purchased":[],"gold_per_floor":[119,44,144,159,234,234,251,251,278,278,296,310,344,366,366],"floor_reached":16,"campfire_rested":1,"playtime":946,"current_hp_per_floor":[80,80,80,75,64,64,70,54,54,54,55,55,33,18,42],"items_purged":["Defend_R"],"gold":366,"play_id":"74a8a9c9-8e10-44d9-90d0-37457cb9fd02","is_prod":false,"is_daily":false,"is_ascension_mode":false,"campfire_upgraded":2,"path_taken":["M","$","?","M","?","R","M","?","T","R","M","M","E","?","R","BOSS"],"build_version":"2018-02-01-PROD3","purchased_purges":1,"victory":false,"master_deck":["Strike_R+1","Strike_R","Strike_R","Strike_R","Strike_R","Defend_R","Defend_R+1","Bash","Pommel Strike+1","Searing Blow+1","Headbutt","Pommel Strike","Perfected Strike","Dual Wield","Clash"],"max_hp_per_floor":[80,80,80,80,80,80,80,80,80,80,80,80,80,80,80],"relics":["Burning Blood","Bag of Marbles","Blood Vial","Odd Mushroom"],"card_choices":[{"not_picked":["Combust","Armaments"],"picked":"Pommel Strike"},{"not_picked":["Armaments","Pummel"],"picked":"Searing Blow"},{"not_picked":["Armaments","Clothesline"],"picked":"Headbutt"},{"not_picked":["Shockwave","Shrug It Off"],"picked":"Pommel Strike"},{"not_picked":["Armaments","Shrug It Off"],"picked":"Perfected Strike"},{"not_picked":["Sword Boomerang","Body Slam"],"picked":"Dual Wield"},{"not_picked":["Bludgeon","Heavy Blade"],"picked":"Clash"}],"player_experience":25020,"potions_floor_usage":[16,16],"damage_taken":[{"damage":5,"enemies":"Small Slimes","floor":1,"turns":4},{"damage":11,"enemies":"Blue Slaver","floor":4,"turns":4},{"damage":0,"enemies":"2 Louse","floor":7,"turns":2},{"damage":5,"enemies":"Exordium Wildlife","floor":11,"turns":2},{"damage":6,"enemies":"3 Louse","floor":12,"turns":2},{"damage":28,"enemies":"Lagavulin","floor":13,"turns":4},{"damage":23,"enemies":"The Mushroom Lair","floor":14,"turns":4},{"damage":44,"enemies":"Hexaghost","floor":16,"turns":7}],"event_choices":[{"event_name":"Golden Shrine","player_choice":"Pray","floor":3,"damage_taken":0},{"event_name":"World of Goop","player_choice":"Gather Gold","floor":5,"damage_taken":0},{"event_name":"Shining Light","player_choice":"Entered Light","floor":8,"damage_taken":0},{"event_name":"Mushrooms","player_choice":"Fought Mushrooms","floor":14,"damage_taken":0}],"boss_relics":[],"potions_floor_spawned":[1,4,7],"seed_played":"1347296799425710167","killed_by":"Hexaghost","ascension_level":0,"is_trial":false}