{"path_per_floor":["M","M","?","?","$","E","R","E","T","M","?","E","R","M","R","B",null,"M","M","?","$","?","E","R","M","T","R","?","R","E","M","R","B",null,"M","?","M","M","M","E","M"],"character_chosen":"IRONCLAD","items_purchased":["Inflame","Blood for Blood","Apotheosis"],"gold_per_floor":[114,131,131,131,21,57,57,90,90,114,114,150,150,173,173,299,299,313,328,328,78,78,118,118,133,159,159,159,159,203,222,222,348,348,372,372,395,420,445,488,512],"floor_reached":42,"campfire_rested":3,"playtime":2454,"current_hp_per_floor":[78,80,80,80,80,48,48,21,21,26,55,55,55,57,57,16,101,92,79,79,79,63,8,39,39,39,70,70,70,49,51,82,68,104,104,104,97,95,81,49,27],"items_purged":["Strike_R"],"gold":512,"play_id":"fc526216-ab6c-4157-a477-8f0a54fc4baf","is_prod":false,"is_daily":false,"is_ascension_mode":true,"campfire_upgraded":4,"path_taken":["M","M","?","?","$","E","R","E","T","?","?","E","R","M","R","BOSS","M","M","?","$","?","E","R","M","T","R","?","R","E","M","R","BOSS","M","?","M","?","?","E","M","E"],"build_version":"2018-02-01-PROD3","purchased_purges":1,"victory":false,"master_deck":["Bash","Warcry","Flex","Injury","Inflame+1","Blood for Blood","Havoc+1","Twin Strike","Infernal Blade+1","Twin Strike","Double Tap","Flex+1","Heavy Blade+1","Apotheosis+1","Flex+1","Double Tap+1","Limit Break","Clash","Infernal Blade","Body Slam","Shrug It Off","Havoc","Pommel Strike","Searing Blow"],"max_hp_per_floor":[80,80,80,80,80,87,87,87,87,87,87,101,101,101,101,101,101,104,104,104,104,104,104,104,104,104,104,104,104,104,104,104,104,104,104,104,104,107,107,107,107],"relics":["Burning Blood","Golden Idol","Strawberry","Orichalcum","Red Skull","Mango","Velvet Choker","Vajra","Nilry\u0027s Codex","Centennial Puzzle","Prayer Wheel","Dream Catcher","Pandora\u0027s Box","War Paint"],"card_choices":[{"not_picked":["Body Slam","Seeing Red"],"picked":"Warcry"},{"not_picked":["Clothesline","Entrench"],"picked":"Flex"},{"not_picked":["Anger","Combust"],"picked":"Havoc"},{"not_picked":["Cleave","Anger"],"picked":"Twin Strike"},{"not_picked":["Twin Strike","Anger"],"picked":"Infernal Blade"},{"not_picked":["Flame Barrier","Sword Boomerang"],"picked":"Twin Strike"},{"not_picked":["Reaper","Bludgeon"],"picked":"Double Tap"},{"not_picked":["Iron Wave","Warcry"],"picked":"Flex"},{"not_picked":["True Grit","Fire Breathing"],"picked":"Heavy Blade"},{"not_picked":["Fire Breathing","Flex"],"picked":"Dropkick"},{"not_picked":["Evolve","Armaments"],"picked":"Flex"},{"not_picked":["Clash","Armaments"],"picked":"Double Tap"},{"not_picked":["Brutality","Juggernaut"],"picked":"Limit Break"}],"player_experience":172310,"potions_floor_usage":[12,16,23,30,33,39,39,41,42],"damage_taken":[{"damage":8,"enemies":"Small Slimes","floor":1,"turns":4},{"damage":0,"enemies":"2 Louse","floor":2,"turns":3},{"damage":45,"enemies":"Lagavulin","floor":6,"turns":6},{"damage":33,"enemies":"Gremlin Nob","floor":8,"turns":5},{"damage":1,"enemies":"Cultist","floor":10,"turns":3},{"damage":20,"enemies":"Lagavulin","floor":12,"turns":5},{"damage":4,"enemies":"Looter","floor":14,"turns":4},{"damage":47,"enemies":"Hexaghost","floor":16,"turns":9},{"damage":18,"enemies":"Spheric Guardian","floor":18,"turns":5},{"damage":19,"enemies":"2 Thieves","floor":19,"turns":3},{"damage":61,"enemies":"Slavers","floor":23,"turns":4},{"damage":6,"enemies":"Centurion and Healer","floor":25,"turns":3},{"damage":27,"enemies":"Book of Stabbing","floor":30,"turns":4},{"damage":4,"enemies":"3 Cultists","floor":31,"turns":3},{"damage":20,"enemies":"Champ","floor":33,"turns":6},{"damage":2,"enemies":"Orb Walker","floor":35,"turns":2},{"damage":13,"enemies":"3 Shapes","floor":37,"turns":3},{"damage":11,"enemies":"Sphere and 2 Shapes","floor":38,"turns":3},{"damage":20,"enemies":"Maw","floor":39,"turns":5},{"damage":38,"enemies":"Giant Head","floor":40,"turns":6},{"damage":28,"enemies":"3 Darklings","floor":41,"turns":3},{"damage":65,"enemies":"Nemesis","floor":42,"turns":6}],"event_choices":[{"event_name":"Golden Idol","player_choice":"Take Wound","floor":3,"damage_taken":0},{"event_name":"Wheel of Change","player_choice":"Full Heal","floor":4,"damage_taken":0},{"event_name":"Big Fish","player_choice":"Banana","floor":11,"damage_taken":0},{"event_name":"The Mausoleum","player_choice":"Yes","floor":20,"damage_taken":0},{"event_name":"Cursed Tome","player_choice":"Obtained Book","floor":22,"damage_taken":0},{"event_name":"The Lab","player_choice":"Got Potions","floor":28,"damage_taken":0}],"boss_relics":[{"not_picked":["Sozu","Runic Dome"],"picked":"Velvet Choker"},{"not_picked":["Question Card","White Beast Statue"],"picked":"Pandora\u0027s Box"}],"potions_floor_spawned":[6,10,12,19,25,30,37,38,40],"seed_played":"3443062403957192545","killed_by":"Nemesis","ascension_level":1,"is_trial":false}