{"path_per_floor":["M","M","?","?","M","R","E","M","T","E","R","M","E","?","R","B",null,"M","?","M","$","M","E","R","E","T","R","?","$","?","M","R"],"character_chosen":"IRONCLAD","items_purchased":["Armaments","Strange Spoon","Feel No Pain","Strength Potion"],"gold_per_floor":[115,126,126,126,149,149,183,198,225,261,261,275,316,316,316,446,446,466,466,486,168,186,220,220,249,249,249,164,44,44,57,57],"floor_reached":33,"campfire_rested":1,"playtime":3507,"current_hp_per_floor":[65,71,64,64,69,69,53,36,36,17,39,40,40,40,40,45,74,66,66,74,74,74,65,65,24,24,24,34,34,34,44,44],"items_purged":["Strike_R"],"gold":57,"play_id":"1ed6a1e1-3bf1-426e-adb6-4de4d64f3e0d","is_prod":false,"is_daily":false,"is_ascension_mode":false,"campfire_upgraded":5,"path_taken":["M","?","?","?","M","R","E","M","T","E","R","M","E","?","R","BOSS","M","?","?","$","M","E","R","E","T","R","?","$","?","M","R","BOSS"],"build_version":"2018-01-25-PROD3","purchased_purges":1,"victory":false,"master_deck":["Strike_R+1","Strike_R","Strike_R+1","Defend_R","Defend_R","Bash","Barricade+1","Clash+1","Dropkick","Rage","Metallicize","Pommel Strike","Seeing Red","Metallicize","Iron Wave+1","Limit Break+1","Clothesline","Warcry+1","Armaments+1","Flame Barrier","Burning Pact+1","True Grit+1","Feel No Pain","Hemokinesis","Inflame"],"max_hp_per_floor":[80,80,80,74,74,74,74,74,74,74,74,74,74,74,74,74,74,74,74,74,74,74,74,74,74,74,74,84,84,84,84,84],"relics":["Burning Blood","Bloody Idol","Molten Egg","Bag of Marbles","Gambling Chip","Whetstone","Velvet Choker","Strange Spoon","Darkstone Periapt","Blood Vial","Du-Vu Doll","Pear"],"card_choices":[{"not_picked":["Pummel","Thunderclap"],"picked":"Clash"},{"not_picked":["Body Slam","Bloodletting"],"picked":"Dropkick"},{"not_picked":["Spot Weakness","Combust"],"picked":"Rage"},{"not_picked":["Body Slam","Iron Wave"],"picked":"Metallicize"},{"not_picked":["Warcry","Armaments"],"picked":"Pommel Strike"},{"not_picked":["Clothesline","Pommel Strike"],"picked":"Seeing Red"},{"not_picked":["Heavy Blade","Flex"],"picked":"Metallicize"},{"not_picked":["True Grit","Perfected Strike"],"picked":"Iron Wave"},{"not_picked":["Brutality","Reaper"],"picked":"Limit Break"},{"not_picked":["Thunderclap","Heavy Blade"],"picked":"Clothesline"},{"not_picked":["Cleave","Anger"],"picked":"Warcry"},{"not_picked":["Clothesline","Anger"],"picked":"Flame Barrier"},{"not_picked":["Reckless Charge","Rupture"],"picked":"Burning Pact"},{"not_picked":["Brutality","Bloodletting"],"picked":"True Grit"},{"not_picked":["Clash","Corruption"],"picked":"Inflame"}],"player_experience":127615,"potions_floor_usage":[13,13,13,22,23,25,33,33],"damage_taken":[{"damage":21,"enemies":"Blue Slaver","floor":1,"turns":4},{"damage":0,"enemies":"2 Louse","floor":2,"turns":2},{"damage":1,"enemies":"Jaw Worm","floor":5,"turns":3},{"damage":22,"enemies":"Gremlin Nob","floor":7,"turns":5},{"damage":23,"enemies":"Exordium Wildlife","floor":8,"turns":5},{"damage":25,"enemies":"Lagavulin","floor":10,"turns":5},{"damage":5,"enemies":"2 Fungi Beasts","floor":12,"turns":4},{"damage":6,"enemies":"3 Sentries","floor":13,"turns":6},{"damage":1,"enemies":"Slime Boss","floor":16,"turns":14},{"damage":14,"enemies":"Spheric Guardian","floor":18,"turns":4},{"damage":0,"enemies":"Chosen","floor":20,"turns":5},{"damage":5,"enemies":"Sentry and Sphere","floor":22,"turns":7},{"damage":20,"enemies":"Gremlin Leader","floor":23,"turns":7},{"damage":67,"enemies":"Slavers","floor":25,"turns":13},{"damage":3,"enemies":"Centurion and Healer","floor":31,"turns":27},{"damage":59,"enemies":"Collector","floor":33,"turns":6}],"event_choices":[{"event_name":"Golden Wing","player_choice":"Card Removal","floor":3,"damage_taken":0},{"event_name":"Golden Idol","player_choice":"Lose Max HP","floor":4,"damage_taken":0},{"event_name":"Purifier","player_choice":"One Purge","floor":14,"damage_taken":0},{"event_name":"Forgotten Altar","player_choice":"Gave Idol","floor":19,"damage_taken":0},{"event_name":"Addict","player_choice":"Obtained Relic","floor":28,"damage_taken":0},{"event_name":"Transmorgrifier","player_choice":"Transform","floor":30,"damage_taken":0}],"boss_relics":[{"not_picked":["Orrery","Black Star"],"picked":"Velvet Choker"}],"potions_floor_spawned":[1,8,10,12,16,20,22,25],"seed_played":"4056365195074556456","killed_by":"Collector","ascension_level":0,"is_trial":false}