{"path_per_floor":["M","?","M","M","$","R","E","R","T","R","$","?","M","E","R","B",null,"M","M","?","?","M","R","M","$","T","M","M","R","M","M","R","B",null,"M","?","?","$","?","R","M","R","T","M","$","?","M","M","R","B"],"character_chosen":"IRONCLAD","items_purchased":["Metallicize","Iron Wave","Happy Flower","Dexterity Potion"],"gold_per_floor":[110,110,126,145,1,1,30,30,330,330,181,131,141,174,174,276,276,258,272,272,272,288,288,306,306,330,340,355,355,375,388,388,487,487,503,503,503,503,503,503,520,520,520,539,341,341,351,370,370,370],"floor_reached":51,"campfire_rested":1,"playtime":4450,"current_hp_per_floor":[80,80,80,80,80,80,67,67,67,67,67,67,73,84,84,41,90,89,90,90,90,90,90,71,71,78,84,90,90,96,97,97,81,97,97,87,87,87,87,87,93,93,93,87,87,87,60,34,63,62],"items_purged":["Strike_R","Strike_R"],"gold":370,"play_id":"de989a75-eeb0-47f9-9e50-4e5157ba884b","is_prod":false,"is_daily":false,"is_ascension_mode":false,"campfire_upgraded":9,"path_taken":["M","?","M","?","$","R","E","R","T","R","?","?","?","E","R","BOSS","M","M","?","?","?","R","M","$","T","?","M","R","M","M","R","BOSS","M","?","?","$","?","R","M","R","T","?","$","?","M","M","R","BOSS"],"build_version":"2018-02-01-PROD3","purchased_purges":6,"victory":true,"master_deck":["Defend_R+1","Defend_R+1","Defend_R+1","Defend_R+1","Body Slam+1","Iron Wave+1","Metallicize+1","Body Slam+1","Iron Wave+1","Armaments+1","Metallicize+1","Double Tap+1","Madness+1","Shrug It Off"],"max_hp_per_floor":[80,80,80,80,80,80,80,80,80,80,80,80,80,90,90,90,90,90,90,90,90,90,90,90,90,97,97,97,97,97,97,97,97,97,97,97,97,97,97,97,97,97,97,97,97,97,97,97,97,97],"relics":["Burning Blood","Omamori","Old Coin","Pear","Cursed Key","Strawberry","White Beast Statue","Toolbox","Happy Flower"],"card_choices":[{"not_picked":["Clothesline","Headbutt"],"picked":"Body Slam"},{"not_picked":["Hemokinesis","Flex"],"picked":"Iron Wave"},{"not_picked":["Wild Strike","Searing Blow"],"picked":"Body Slam"},{"not_picked":["Shrug It Off","Headbutt"],"picked":"Armaments"},{"not_picked":["Fiend Fire","Disarm"],"picked":"Metallicize"},{"not_picked":["Bludgeon","Limit Break"],"picked":"Double Tap"},{"not_picked":["Disarm","Twin Strike"],"picked":"Shrug It Off"}],"player_experience":76266,"potions_floor_usage":[14,24,50,50,50],"damage_taken":[{"damage":1,"enemies":"Cultist","floor":1,"turns":3},{"damage":3,"enemies":"Jaw Worm","floor":3,"turns":6},{"damage":0,"enemies":"Small Slimes","floor":4,"turns":6},{"damage":19,"enemies":"3 Sentries","floor":7,"turns":14},{"damage":0,"enemies":"Gremlin Gang","floor":13,"turns":6},{"damage":5,"enemies":"Lagavulin","floor":14,"turns":4},{"damage":49,"enemies":"Hexaghost","floor":16,"turns":13},{"damage":7,"enemies":"2 Thieves","floor":18,"turns":4},{"damage":0,"enemies":"Chosen","floor":19,"turns":6},{"damage":0,"enemies":"Centurion and Healer","floor":22,"turns":5},{"damage":25,"enemies":"Chosen and Byrds","floor":24,"turns":12},{"damage":0,"enemies":"Snecko","floor":27,"turns":6},{"damage":0,"enemies":"Snake Plant","floor":28,"turns":5},{"damage":0,"enemies":"Sentry and Sphere","floor":30,"turns":6},{"damage":0,"enemies":"3 Cultists","floor":31,"turns":6},{"damage":22,"enemies":"Automaton","floor":33,"turns":10},{"damage":0,"enemies":"3 Shapes","floor":35,"turns":6},{"damage":0,"enemies":"Orb Walker","floor":41,"turns":4},{"damage":16,"enemies":"3 Darklings","floor":44,"turns":7},{"damage":33,"enemies":"Maw","floor":47,"turns":10},{"damage":36,"enemies":"4 Shapes","floor":48,"turns":19},{"damage":7,"enemies":"Awakened One","floor":50,"turns":13}],"event_choices":[{"event_name":"Living Wall","player_choice":"Forget","floor":2,"damage_taken":0},{"event_name":"The Cleric","player_choice":"Card Removal","floor":12,"damage_taken":0},{"event_name":"Bonfire Elementals","player_choice":"BASIC","floor":20,"damage_taken":0},{"event_name":"Back to Basics","player_choice":"Simplicity","floor":21,"damage_taken":0},{"event_name":"Winding Halls","player_choice":"Embrace Madness","floor":36,"damage_taken":0},{"event_name":"Mysterious Sphere","player_choice":"Ignore","floor":37,"damage_taken":0},{"event_name":"Tomb of Lord Red Mask","player_choice":"Ignored","floor":39,"damage_taken":0}],"boss_relics":[{"not_picked":["Orrery","Astrolabe"],"picked":"Cursed Key"},{"not_picked":["Runic Pyramid","Question Card"],"picked":"White Beast Statue"}],"potions_floor_spawned":[4,13,14,16,18,19,24,28,30,35,41,44,47,48],"seed_played":"-8679078402317447267","ascension_level":0,"is_trial":false}