{"path_per_floor":["M","?","?","M","M","?","R","E","T","R","E","M","$","E","R","B",null,"M","M","$","?","?","R","?","M","T","R","E","M","E","?","R","B",null,"M","M","M","$","M","R","E","M","T","M","M","M","?","M","R","B"],"character_chosen":"IRONCLAD","items_purchased":["Orichalcum","Impervious","Bag of Marbles","Wild Strike","Thinking Ahead"],"gold_per_floor":[115,190,190,201,220,220,220,252,275,275,300,320,104,138,138,235,235,254,264,90,90,90,90,90,105,130,130,161,174,200,200,200,300,300,318,337,348,147,160,160,186,197,197,217,235,253,0,19,19,19],"floor_reached":51,"campfire_rested":6,"playtime":4315,"current_hp_per_floor":[80,69,62,68,73,57,80,57,57,80,71,67,67,65,80,56,80,64,55,55,55,55,79,79,80,80,80,73,78,80,64,80,59,80,78,80,79,79,79,79,64,52,52,71,80,80,80,51,75,29],"items_purged":[],"gold":19,"play_id":"cfbac530-a8a2-4bc0-b0b8-5e73a2bf5288","is_prod":false,"is_daily":false,"is_ascension_mode":false,"campfire_upgraded":2,"path_taken":["M","?","?","M","M","?","R","E","T","R","E","M","$","E","R","BOSS","M","M","$","?","?","R","?","?","T","R","E","M","E","?","R","BOSS","M","M","M","$","M","R","E","M","T","M","M","M","?","M","R","BOSS"],"build_version":"2018-02-01-PROD1","purchased_purges":0,"victory":true,"master_deck":["Bash","Cleave","Flame Barrier+1","Clothesline","Power Through","Rage","Headbutt","Headbutt","Sword Boomerang","Impervious","Shrug It Off","Rampage+1","Demon Form","Pommel Strike","Infernal Blade","Thunderclap","Body Slam","Power Through","Heavy Blade","Evolve","Rupture","Wild Strike","Blood for Blood","Thunderclap","Wild Strike","Jack Of All Trades","Twin Strike","Cleave+1","Inflame","Whirlwind","Battle Trance+1","Heavy Blade","Combust","Impervious","Anger+1","Anger+1","Seeing Red","Thinking Ahead+1","Shockwave","Impervious","Disarm","Rage+1","Whirlwind","Heavy Blade+1","Shockwave","Metallicize+1"],"max_hp_per_floor":[80,80,80,80,80,80,80,80,80,80,80,80,80,80,80,80,80,80,80,80,80,80,80,80,80,80,80,80,80,80,80,80,80,80,80,80,80,80,80,80,80,80,80,80,80,80,80,80,80,80],"relics":["Burning Blood","Sundial","Self Forming Clay","Dream Catcher","Mercury Hourglass","Orichalcum","Pen Nib","Pandora\u0027s Box","Bag of Marbles","Dead Branch","Art of War","Thread and Needle","Magic Flower","Enchiridion","Lizard Tail","Bottled Flame","Ginger","Red Mask"],"card_choices":[{"not_picked":["True Grit","Clash"],"picked":"Cleave"},{"not_picked":["Intimidate","Corruption"],"picked":"Flame Barrier"},{"not_picked":["Clash","Body Slam"],"picked":"Clothesline"},{"not_picked":["Evolve","Twin Strike"],"picked":"Power Through"},{"not_picked":["Burning Pact","Pommel Strike"],"picked":"Rage"},{"not_picked":["Clothesline","Pommel Strike"],"picked":"Headbutt"},{"not_picked":["Body Slam","Clothesline"],"picked":"Headbutt"},{"not_picked":["Fiend Fire","True Grit"],"picked":"Sword Boomerang"},{"not_picked":["Seeing Red","Sentinel"],"picked":"Shrug It Off"},{"not_picked":["Cleave","Havoc"],"picked":"Rampage"},{"not_picked":["Impervious","Berserk"],"picked":"Demon Form"},{"not_picked":["Thunderclap","Sever Soul"],"picked":"Blood for Blood"},{"not_picked":["Burning Pact","Infernal Blade"],"picked":"Thunderclap"},{"not_picked":["Reckless Charge","Wild Strike"],"picked":"Cleave"},{"not_picked":["Perfected Strike","Twin Strike"],"picked":"Inflame"},{"not_picked":["True Grit","Rupture"],"picked":"Whirlwind"},{"not_picked":["Rupture","Uppercut"],"picked":"Battle Trance"},{"not_picked":["Bloodletting","Shrug It Off"],"picked":"Heavy Blade"},{"not_picked":["Searing Blow","Rage"],"picked":"Combust"},{"not_picked":["Brutality","Dark Embrace"],"picked":"Impervious"},{"not_picked":["Warcry","Headbutt"],"picked":"Anger"},{"not_picked":["Intimidate","Thunderclap"],"picked":"Anger"},{"not_picked":["Warcry","Corruption"],"picked":"Seeing Red"},{"not_picked":["Reckless Charge","Burning Pact"],"picked":"Shockwave"},{"not_picked":["Twin Strike","Bloodletting"],"picked":"Impervious"},{"not_picked":["Havoc","Uppercut"],"picked":"Disarm"},{"not_picked":["Clash","Iron Wave"],"picked":"Rage"},{"not_picked":["True Grit","Thunderclap"],"picked":"Whirlwind"},{"not_picked":["Shrug It Off","Twin Strike"],"picked":"Heavy Blade"},{"not_picked":["Cleave","Havoc"],"picked":"Shockwave"},{"not_picked":["Evolve","True Grit"],"picked":"Metallicize"}],"player_experience":91043,"potions_floor_usage":[44,50,50,50],"damage_taken":[{"damage":1.0,"enemies":"Cultist","floor":1.0,"turns":3.0},{"damage":0.0,"enemies":"Small Slimes","floor":4.0,"turns":3.0},{"damage":1.0,"enemies":"Jaw Worm","floor":5.0,"turns":4.0},{"damage":29.0,"enemies":"3 Sentries","floor":8.0,"turns":9.0},{"damage":15.0,"enemies":"Gremlin Nob","floor":11.0,"turns":5.0},{"damage":10.0,"enemies":"3 Louse","floor":12.0,"turns":2.0},{"damage":8.0,"enemies":"3 Sentries","floor":14.0,"turns":5.0},{"damage":30.0,"enemies":"Hexaghost","floor":16.0,"turns":12.0},{"damage":22.0,"enemies":"2 Thieves","floor":18.0,"turns":4.0},{"damage":15.0,"enemies":"Shell Parasite","floor":19.0,"turns":5.0},{"damage":0.0,"enemies":"Snecko","floor":25.0,"turns":3.0},{"damage":13.0,"enemies":"Book of Stabbing","floor":28.0,"turns":6.0},{"damage":1.0,"enemies":"3 Cultists","floor":29.0,"turns":6.0},{"damage":0,"enemies":"Gremlin Leader","floor":30,"turns":5},{"damage":30,"enemies":"Automaton","floor":33,"turns":8},{"damage":11,"enemies":"3 Darklings","floor":35,"turns":6},{"damage":2,"enemies":"Orb Walker","floor":36,"turns":4},{"damage":10,"enemies":"Maw","floor":37,"turns":7},{"damage":9,"enemies":"3 Darklings","floor":39,"turns":4},{"damage":24,"enemies":"Nemesis","floor":41,"turns":7},{"damage":21,"enemies":"4 Shapes","floor":42,"turns":5},{"damage":15,"enemies":"Maw","floor":44,"turns":9},{"damage":0,"enemies":"Sphere and 2 Shapes","floor":45,"turns":6},{"damage":0,"enemies":"3 Darklings","floor":46,"turns":4},{"damage":38,"enemies":"Maw","floor":48,"turns":8},{"damage":155,"enemies":"Awakened One","floor":50,"turns":12}],"event_choices":[{"event_name":"World of Goop","player_choice":"Gather Gold","floor":2.0,"damage_taken":0.0},{"event_name":"Scrap Ooze","player_choice":"success","floor":3.0,"damage_taken":7.0},{"event_name":"Shining Light","player_choice":"Entered Light","floor":6.0,"damage_taken":0.0},{"event_name":"Back to Basics","player_choice":"Simplicity","floor":21.0,"damage_taken":0.0},{"event_name":"Match and Keep!","player_choice":"2 cards matched","floor":22.0,"damage_taken":0.0},{"event_name":"The Mausoleum","player_choice":"Yes","floor":24.0,"damage_taken":0.0},{"event_name":"Cursed Tome","player_choice":"Obtained Book","floor":31,"damage_taken":0},{"event_name":"Tomb of Lord Red Mask","player_choice":"Paid","floor":47,"damage_taken":0}],"boss_relics":[{"not_picked":["Mark of Pain","Cursed Key"],"picked":"Lizard Tail"}],"potions_floor_spawned":[1,4,16,19,29,33,36,44,45,46,48],"seed_played":"187846764588981424","ascension_level":0,"is_trial":false}