{"path_per_floor":["M","$","M","M","?","R","M","R","T","E","?","M","?","M","R","B",null,"M","?","M","?","M","R","$","R","T","R","M","R","M","$","R","B",null,"M","?","T","?","?","R","M","M","T","M","M","M","R","M","R","B"],"character_chosen":"IRONCLAD","items_purchased":["Inflame"],"gold_per_floor":[118,6,22,32,207,207,227,227,227,258,258,273,273,294,294,424,424,424,424,424,339,339,339,239,239,239,239,239,239,239,114,114,114,114,114,114,114,114,0,0,0,0,0,0,0,0,0,0,0,0],"floor_reached":51,"campfire_rested":5,"playtime":3670,"current_hp_per_floor":[77,77,72,76,76,76,70,70,70,26,23,27,27,31,53,38,74,70,70,62,62,45,67,67,67,67,67,66,66,55,55,74,34,74,74,74,88,88,88,88,65,49,49,32,29,23,49,50,76,65],"items_purged":["Strike_R","Doubt","Bash"],"gold":0,"play_id":"5683ff00-3a19-4e1b-b378-ef596e24f539","is_prod":false,"is_daily":false,"is_ascension_mode":false,"campfire_upgraded":6,"path_taken":["M","$","M","?","?","R","M","R","T","E","?","M","?","?","R","BOSS","M","?","M","?","?","R","$","R","T","R","?","R","M","?","R","BOSS","M","?","?","?","?","R","M","?","T","M","M","M","R","M","R","BOSS"],"build_version":"2018-02-01-PROD3","purchased_purges":3,"victory":true,"master_deck":["Strike_R","Strike_R+1","Defend_R","Defend_R","Defend_R","Defend_R","Flex","Twin Strike+1","Inflame+1","Armaments+1","Body Slam+1","Shrug It Off+1","Iron Wave+1","Shrug It Off+1","Limit Break","Iron Wave+1","Spot Weakness+1","Body Slam+1"],"max_hp_per_floor":[80,80,80,80,80,80,80,80,80,80,80,80,74,74,74,74,74,74,74,74,74,74,74,74,74,74,74,74,74,74,74,74,74,74,74,74,88,88,88,88,88,88,88,88,88,88,88,88,88,88],"relics":["Burning Blood","Unceasing Top","Letter Opener","Happy Flower","Golden Idol","Ectoplasm","Kunai","Dream Catcher","White Beast Statue","Mango","Red Mask","Whetstone"],"card_choices":[{"not_picked":["Disarm","Uppercut"],"picked":"Twin Strike"},{"not_picked":["Clash","True Grit"],"picked":"Armaments"},{"not_picked":["Feel No Pain","Wild Strike"],"picked":"Body Slam"},{"not_picked":["Cleave","Wild Strike"],"picked":"Shrug It Off"},{"not_picked":["Inflame","Armaments"],"picked":"Iron Wave"},{"not_picked":["Cleave","Pommel Strike"],"picked":"Shrug It Off"},{"not_picked":["Dark Embrace","Brutality"],"picked":"Limit Break"},{"not_picked":["Disarm","Rampage"],"picked":"Iron Wave"},{"not_picked":["Infernal Blade","Seeing Red"],"picked":"Body Slam"}],"player_experience":42846,"potions_floor_usage":[10,16,16,22,33,33,33,45,50,50],"damage_taken":[{"damage":9,"enemies":"Blue Slaver","floor":1,"turns":3},{"damage":11,"enemies":"Jaw Worm","floor":3,"turns":2},{"damage":2,"enemies":"Small Slimes","floor":4,"turns":4},{"damage":12,"enemies":"2 Fungi Beasts","floor":7,"turns":4},{"damage":50,"enemies":"Gremlin Nob","floor":10,"turns":5},{"damage":2,"enemies":"Looter","floor":12,"turns":3},{"damage":2,"enemies":"Exordium Wildlife","floor":14,"turns":6},{"damage":36,"enemies":"The Guardian","floor":16,"turns":11},{"damage":10,"enemies":"3 Byrds","floor":18,"turns":5},{"damage":14,"enemies":"Spheric Guardian","floor":20,"turns":5},{"damage":23,"enemies":"Snake Plant","floor":22,"turns":4},{"damage":7,"enemies":"Centurion and Healer","floor":28,"turns":4},{"damage":17,"enemies":"Snecko","floor":30,"turns":8},{"damage":61,"enemies":"Collector","floor":33,"turns":9},{"damage":2,"enemies":"3 Shapes","floor":35,"turns":4},{"damage":29,"enemies":"3 Darklings","floor":41,"turns":5},{"damage":22,"enemies":"4 Shapes","floor":42,"turns":7},{"damage":23,"enemies":"Maw","floor":44,"turns":10},{"damage":9,"enemies":"3 Darklings","floor":45,"turns":4},{"damage":12,"enemies":"4 Shapes","floor":46,"turns":6},{"damage":5,"enemies":"Maw","floor":48,"turns":6},{"damage":17,"enemies":"Donu and Deca","floor":50,"turns":7}],"event_choices":[{"event_name":"Liars Game","player_choice":"agreed","floor":5,"damage_taken":0},{"event_name":"Scrap Ooze","player_choice":"success","floor":11,"damage_taken":3},{"event_name":"Golden Idol","player_choice":"Lose Max HP","floor":13,"damage_taken":0},{"event_name":"The Mausoleum","player_choice":"No","floor":19,"damage_taken":0},{"event_name":"Addict","player_choice":"Obtained Relic","floor":21,"damage_taken":0},{"event_name":"Accursed Blacksmith","player_choice":"Ignore","floor":36,"damage_taken":0},{"event_name":"Transmorgrifier","player_choice":"Transform","floor":38,"damage_taken":0},{"event_name":"Tomb of Lord Red Mask","player_choice":"Paid","floor":39,"damage_taken":0}],"boss_relics":[{"not_picked":["Runic Dome","Lizard Tail"],"picked":"Ectoplasm"},{"not_picked":["Runic Cube","Question Card"],"picked":"White Beast Statue"}],"potions_floor_spawned":[1,4,10,12,20,28,30,35,41,42,44,45,46,48],"seed_played":"8592898446057806633","ascension_level":0,"is_trial":false}