{"path_per_floor":["M","?","?","?","$","R","M","E","T","M","R","M","R","M","R","B",null,"M","M"],"character_chosen":"IRONCLAD","items_purchased":["Cleave","Toolbox"],"gold_per_floor":[110,185,360,360,6,6,21,56,56,75,75,92,92,112,112,215,215,228,244],"floor_reached":20,"campfire_rested":1,"playtime":1025,"current_hp_per_floor":[80,69,69,69,69,69,64,28,28,24,48,42,42,48,48,40,80,45,18],"items_purged":["Normality"],"gold":244,"play_id":"efb0313e-fec1-475f-8f64-af38861c161a","is_prod":false,"is_daily":false,"is_ascension_mode":false,"campfire_upgraded":3,"path_taken":["M","?","?","?","$","R","?","E","T","M","R","M","R","M","R","BOSS","M","M","M"],"build_version":"2018-01-25-PROD3","purchased_purges":1,"victory":false,"master_deck":["Strike_R","Strike_R","Strike_R","Strike_R","Strike_R","Defend_R","Defend_R","Defend_R","Defend_R","Bash","Spot Weakness","Doubt","Cleave+1","Thunderclap","Blood for Blood","Iron Wave+1","Searing Blow+1","Dark Embrace","Rampage+1","Metallicize+1"],"max_hp_per_floor":[80,80,80,80,80,80,80,80,80,80,80,80,80,80,80,80,80,80,80],"relics":["Burning Blood","Pantograph","Toolbox","Oddly Smooth Stone","Ginger","Philosopher\u0027s Stone"],"card_choices":[{"not_picked":["Hemokinesis","Bludgeon"],"picked":"Spot Weakness"},{"not_picked":["Wild Strike","Warcry"],"picked":"Thunderclap"},{"not_picked":["Feel No Pain","Perfected Strike"],"picked":"Blood for Blood"},{"not_picked":["Shrug It Off","Hemokinesis"],"picked":"Iron Wave"},{"not_picked":["Headbutt","Clothesline"],"picked":"Searing Blow"},{"not_picked":["Brutality","Exhume"],"picked":"Dark Embrace"},{"not_picked":["Iron Wave","Havoc"],"picked":"Rampage"},{"not_picked":["Warcry","Twin Strike"],"picked":"Metallicize"}],"player_experience":161746,"potions_floor_usage":[12,16,19],"damage_taken":[{"damage":5,"enemies":"Cultist","floor":1,"turns":4},{"damage":11,"enemies":"Jaw Worm","floor":7,"turns":4},{"damage":42,"enemies":"Gremlin Nob","floor":8,"turns":5},{"damage":10,"enemies":"Small Slimes","floor":10,"turns":3},{"damage":24,"enemies":"Exordium Wildlife","floor":12,"turns":6},{"damage":0,"enemies":"2 Fungi Beasts","floor":14,"turns":2},{"damage":39,"enemies":"Slime Boss","floor":16,"turns":9},{"damage":41,"enemies":"Shell Parasite","floor":18,"turns":5},{"damage":33,"enemies":"2 Thieves","floor":19,"turns":4},{"damage":31,"enemies":"Chosen and Byrds","floor":20,"turns":4}],"event_choices":[{"event_name":"World of Goop","player_choice":"Gather Gold","floor":2,"damage_taken":0},{"event_name":"Liars Game","player_choice":"agreed","floor":3,"damage_taken":0},{"event_name":"Accursed Blacksmith","player_choice":"Rummage","floor":4,"damage_taken":0}],"boss_relics":[{"not_picked":["Snecko Eye","Runic Pyramid"],"picked":"Philosopher\u0027s Stone"}],"potions_floor_spawned":[1,8,12,16],"seed_played":"-7483580993853893358","killed_by":"Chosen and Byrds","ascension_level":0,"is_trial":false}