{"path_per_floor":["M","M","M","?","?","R","E","R","T","R","?","R","E","$","R","B",null,"M","?","T","$","M"],"character_chosen":"IRONCLAD","items_purchased":["Armaments","Iron Wave","Flash of Steel","Flex","Kunai"],"gold_per_floor":[115,135,148,148,323,323,354,354,354,354,354,354,393,150,150,281,281,306,306,355,46,62],"floor_reached":23,"campfire_rested":2,"playtime":1938,"current_hp_per_floor":[80,70,70,70,70,70,18,42,42,42,30,54,29,29,29,8,80,51,51,51,51,40],"items_purged":["Strike_R"],"gold":62,"play_id":"e79adc97-2fe0-4571-b6b8-3c1bb9bd1c2f","is_prod":false,"is_daily":false,"is_ascension_mode":false,"campfire_upgraded":3,"path_taken":["M","M","M","?","?","R","E","R","T","R","?","R","E","$","R","BOSS","M","?","?","$","M","E"],"build_version":"2018-01-25-PROD3","purchased_purges":1,"victory":false,"master_deck":["Strike_R","Strike_R","Strike_R","Strike_R","Defend_R","Defend_R","Defend_R","Defend_R","Bash","Bloodletting+1","Dual Wield+1","Rupture","Headbutt","Power Through","Armaments+1","Iron Wave","Flash of Steel","Limit Break","Flex","Seeing Red","Flex","True Grit+1"],"max_hp_per_floor":[80,80,80,80,80,80,80,80,80,80,80,80,80,80,80,80,80,80,80,80,80,80],"relics":["Burning Blood","Omamori","Golden Idol","Sundial","Champion Belt","Bag of Marbles","Centennial Puzzle","Mark of Pain","Blood Vial","Kunai"],"card_choices":[{"not_picked":["Anger","Twin Strike"],"picked":"Bloodletting"},{"not_picked":["Clash","Feed"],"picked":"Dual Wield"},{"not_picked":["Second Wind","Shrug It Off"],"picked":"Rupture"},{"not_picked":["Iron Wave","Body Slam"],"picked":"Headbutt"},{"not_picked":["Blood for Blood","Intimidate"],"picked":"Power Through"},{"not_picked":["Berserk","Offering"],"picked":"Limit Break"},{"not_picked":["Heavy Blade","Armaments"],"picked":"Flex"},{"not_picked":["Twin Strike","Rupture"],"picked":"True Grit"}],"player_experience":133171,"potions_floor_usage":[16,16,16],"damage_taken":[{"damage":1,"enemies":"Cultist","floor":1,"turns":3},{"damage":16,"enemies":"Blue Slaver","floor":2,"turns":5},{"damage":6,"enemies":"Small Slimes","floor":3,"turns":4},{"damage":58,"enemies":"Lagavulin","floor":7,"turns":6},{"damage":31,"enemies":"Gremlin Nob","floor":13,"turns":4},{"damage":27,"enemies":"The Guardian","floor":16,"turns":14},{"damage":35,"enemies":"Spheric Guardian","floor":18,"turns":8},{"damage":19,"enemies":"Chosen","floor":22,"turns":6},{"damage":53,"enemies":"Gremlin Leader","floor":23,"turns":9}],"event_choices":[{"event_name":"Golden Idol","player_choice":"Take Wound","floor":4,"damage_taken":0},{"event_name":"Liars Game","player_choice":"agreed","floor":5,"damage_taken":0},{"event_name":"Scrap Ooze","player_choice":"success","floor":11,"damage_taken":12},{"event_name":"The Library","player_choice":"Read","floor":19,"damage_taken":0}],"boss_relics":[{"not_picked":["Black Blood","Velvet Choker"],"picked":"Mark of Pain"}],"potions_floor_spawned":[3,7,13,22],"seed_played":"2542136816632536245","killed_by":"Gremlin Leader","ascension_level":0,"is_trial":false}