{"path_per_floor":["M","$","M","$","M","R","M","E","T","?","R","M","M","?","R","B",null,"M","M","M","$"],"character_chosen":"IRONCLAD","items_purchased":["Metallicize","Disarm","Meat on the Bone","Shrug It Off"],"gold_per_floor":[111,73,93,18,32,32,43,75,75,75,75,88,107,198,198,296,296,314,327,347,44],"floor_reached":22,"campfire_rested":2,"playtime":1918,"current_hp_per_floor":[79,79,80,80,80,80,76,48,48,48,72,50,54,29,53,36,80,54,35,16,16],"items_purged":[],"gold":44,"play_id":"425be643-4157-47a8-a4ea-4c68163dc9b1","is_prod":false,"is_daily":false,"is_ascension_mode":false,"campfire_upgraded":1,"path_taken":["M","$","M","$","M","R","M","E","T","?","R","M","?","?","R","BOSS","M","M","M","$","M"],"build_version":"2018-01-25-PROD3","purchased_purges":0,"victory":false,"master_deck":["Strike_R","Strike_R","Strike_R","Strike_R","Defend_R","Defend_R","Defend_R","Defend_R","Bash","Dual Wield+1","Battle Trance","Metallicize","Cleave","Disarm","Perfected Strike","Fire Breathing","Metallicize","Searing Blow","Headbutt","Inflame","Double Tap","Clothesline+1","Heavy Blade","Warcry","Shrug It Off"],"max_hp_per_floor":[80,80,80,80,80,80,80,80,80,80,80,80,80,80,80,80,80,80,80,80,80],"relics":["Burning Blood","Smiling Mask","Frozen Eye","Tiny Chest","Mark of Pain","Meat on the Bone"],"card_choices":[{"not_picked":["Clash","Shrug It Off"],"picked":"Dual Wield"},{"not_picked":["Heavy Blade","Combust"],"picked":"Battle Trance"},{"not_picked":["Heavy Blade","Anger"],"picked":"Cleave"},{"not_picked":["Iron Wave","Wild Strike"],"picked":"Perfected Strike"},{"not_picked":["Hemokinesis","Anger"],"picked":"Fire Breathing"},{"not_picked":["Blood for Blood","Spot Weakness"],"picked":"Metallicize"},{"not_picked":["Flex","Perfected Strike"],"picked":"Searing Blow"},{"not_picked":["Flex","Wild Strike"],"picked":"Headbutt"},{"not_picked":["Sentinel","Perfected Strike"],"picked":"Inflame"},{"not_picked":["Exhume","Dark Embrace"],"picked":"Double Tap"},{"not_picked":["Headbutt","Clash"],"picked":"Clothesline"},{"not_picked":["Pommel Strike","Perfected Strike"],"picked":"Heavy Blade"},{"not_picked":["Second Wind","Hemokinesis"],"picked":"Warcry"}],"player_experience":67534,"potions_floor_usage":[8,14,16,16,20],"damage_taken":[{"damage":7,"enemies":"Small Slimes","floor":1,"turns":4},{"damage":2,"enemies":"Blue Slaver","floor":3,"turns":7},{"damage":2,"enemies":"2 Louse","floor":5,"turns":3},{"damage":10,"enemies":"Looter","floor":7,"turns":4},{"damage":34,"enemies":"Lagavulin","floor":8,"turns":9},{"damage":28,"enemies":"Lots of Slimes","floor":12,"turns":6},{"damage":2,"enemies":"Large Slime","floor":13,"turns":8},{"damage":31,"enemies":"Gremlin Nob","floor":14,"turns":5},{"damage":38,"enemies":"The Guardian","floor":16,"turns":15},{"damage":32,"enemies":"Chosen","floor":18,"turns":8},{"damage":25,"enemies":"3 Byrds","floor":19,"turns":7},{"damage":25,"enemies":"Centurion and Healer","floor":20,"turns":6},{"damage":19,"enemies":"3 Cultists","floor":22,"turns":3}],"event_choices":[{"event_name":"Purifier","player_choice":"One Purge","floor":10,"damage_taken":0},{"event_name":"Dead Adventurer","player_choice":"Searched \u00273\u0027 times","floor":14,"damage_taken":0}],"boss_relics":[{"not_picked":["Lizard Tail","Philosopher\u0027s Stone"],"picked":"Mark of Pain"}],"potions_floor_spawned":[1,7,12,13,14,16,18],"seed_played":"5237824162234173066","killed_by":"3 Cultists","ascension_level":0,"is_trial":false}