{"path_per_floor":["M","$","?","?","M","R","M","M","T","R","M","R","M","?","R","B",null,"M","?","?","M","M","R"],"character_chosen":"IRONCLAD","items_purchased":["Inflame"],"gold_per_floor":[115,4,4,4,19,19,35,49,99,99,123,123,136,212,212,338,338,356,456,456,481,504,504],"floor_reached":24,"campfire_rested":2,"playtime":1676,"current_hp_per_floor":[80,80,74,74,74,74,71,67,67,67,64,64,60,60,74,23,74,70,70,70,74,33,55],"items_purged":["Defend_R"],"gold":504,"play_id":"c5e9952d-c33a-4262-8a48-90f16f26e11f","is_prod":false,"is_daily":false,"is_ascension_mode":false,"campfire_upgraded":3,"path_taken":["M","$","?","?","M","R","M","M","T","R","?","R","M","?","R","BOSS","M","?","?","M","M","R","?"],"build_version":"2018-01-25-PROD3","purchased_purges":1,"victory":false,"master_deck":["Strike_R","Strike_R","Strike_R+1","Strike_R","Strike_R+1","Defend_R","Defend_R","Defend_R","Bash+1","Anger+1","Inflame","Body Slam+1","Perfected Strike","Iron Wave+1","Sword Boomerang","Sword Boomerang","Double Tap","Iron Wave","Armaments","Rage+1"],"max_hp_per_floor":[80,80,74,74,74,74,74,74,74,74,74,74,74,74,74,74,74,74,74,74,74,74,74],"relics":["Burning Blood","Golden Idol","Whetstone","Sozu"],"card_choices":[{"not_picked":["Sword Boomerang","Twin Strike"],"picked":"Anger"},{"not_picked":["True Grit","Disarm"],"picked":"Body Slam"},{"not_picked":["Juggernaut","Warcry"],"picked":"Perfected Strike"},{"not_picked":["True Grit","Bloodletting"],"picked":"Iron Wave"},{"not_picked":["Juggernaut","Flex"],"picked":"Sword Boomerang"},{"not_picked":["Combust","Rupture"],"picked":"Sword Boomerang"},{"not_picked":["Bludgeon","Dark Embrace"],"picked":"Double Tap"},{"not_picked":["Whirlwind","Corruption"],"picked":"Iron Wave"},{"not_picked":["Body Slam","True Grit"],"picked":"Armaments"},{"not_picked":["True Grit","Thunderclap"],"picked":"Rage"}],"player_experience":1472,"potions_floor_usage":[],"damage_taken":[{"damage":0,"enemies":"Small Slimes","floor":1,"turns":3},{"damage":1,"enemies":"Jaw Worm","floor":5,"turns":3},{"damage":9,"enemies":"Blue Slaver","floor":7,"turns":4},{"damage":10,"enemies":"3 Louse","floor":8,"turns":4},{"damage":9,"enemies":"Exordium Wildlife","floor":11,"turns":3},{"damage":10,"enemies":"Looter","floor":13,"turns":2},{"damage":57,"enemies":"Hexaghost","floor":16,"turns":8},{"damage":10,"enemies":"Chosen","floor":18,"turns":3},{"damage":0,"enemies":"Spheric Guardian","floor":21,"turns":3},{"damage":47,"enemies":"3 Cultists","floor":22,"turns":6},{"damage":61,"enemies":"Slaver and Parasite","floor":24,"turns":4}],"event_choices":[{"event_name":"Golden Idol","player_choice":"Lose Max HP","floor":3,"damage_taken":0},{"event_name":"The Cleric","player_choice":"Leave","floor":4,"damage_taken":0},{"event_name":"Golden Wing","player_choice":"Gained Gold","floor":14,"damage_taken":0},{"event_name":"Golden Shrine","player_choice":"Pray","floor":19,"damage_taken":0},{"event_name":"Vampires","player_choice":"Ignored","floor":20,"damage_taken":0}],"boss_relics":[{"not_picked":["Runic Dome","Ectoplasm"],"picked":"Sozu"}],"potions_floor_spawned":[5,7,8,16,21],"seed_played":"-5864024448508889564","killed_by":"Slaver and Parasite","ascension_level":0,"is_trial":false}