{"path_per_floor":["M","?","?","M","M","R","E","R","T","M","R","$","M","M","R","B",null,"M","M","M","M","$","R","M","R","T","R","T","E","M","$","R","B",null,"M","M","?","M","$","M","M","R","T"],"character_chosen":"IRONCLAD","items_purchased":["Bandage Up","Bag of Marbles","Block Potion","Shockwave","Dropkick","Perfected Strike","Finesse","Feel No Pain","Block Potion"],"gold_per_floor":[116,116,116,130,142,142,168,168,168,178,178,75,95,112,112,207,207,227,238,249,261,62,62,74,74,101,101,155,188,206,38,38,138,168,187,198,198,216,26,42,55,55,55],"floor_reached":44,"campfire_rested":4,"playtime":2967,"current_hp_per_floor":[80,80,80,80,80,80,74,74,74,78,78,78,65,75,75,61,87,77,36,27,29,29,56,44,72,72,96,96,80,86,86,86,70,104,70,76,76,37,37,40,11,44,44],"items_purged":[],"gold":55,"play_id":"e6a8a426-3407-4656-83d2-8fca503d1173","is_prod":false,"is_daily":false,"is_ascension_mode":false,"campfire_upgraded":5,"path_taken":["M","?","?","M","?","R","E","R","T","M","R","$","M","?","R","BOSS","M","M","M","M","$","R","M","R","T","R","?","E","?","$","R","BOSS","M","M","?","M","$","M","M","R","T","M"],"build_version":"2018-01-25-PROD3","purchased_purges":1,"victory":false,"master_deck":["Strike_R","Strike_R","Strike_R","Strike_R","Strike_R","Defend_R","Defend_R+1","Defend_R+1","Defend_R","Bash+1","Fiend Fire+1","Shrug It Off","Wild Strike+1","Armaments+1","Juggernaut+1","Bandage Up","Inflame","Wild Strike","Feed","Warcry","Cleave","Rage+1","Whirlwind+1","Evolve+1","Reckless Charge+1","Twin Strike","Shockwave","Dropkick","Perfected Strike","Juggernaut","Metallicize+1","Headbutt+1","Anger","Barricade","Finesse","Feel No Pain","Spot Weakness+1","Body Slam"],"max_hp_per_floor":[80,80,80,80,80,80,87,87,87,87,87,87,87,87,87,87,87,87,87,90,93,93,93,96,96,96,96,96,99,99,99,99,99,104,104,104,104,107,107,110,110,110,110],"relics":["Burning Blood","War Paint","Strawberry","Paper Frog","Velvet Choker","Bag of Marbles","Molten Egg","Pen Nib","Bag of Preparation","Tiny House","Red Skull","Ginger"],"card_choices":[{"not_picked":["Flex","Sword Boomerang"],"picked":"Combust"},{"not_picked":["Perfected Strike","Heavy Blade"],"picked":"Shrug It Off"},{"not_picked":["Heavy Blade","Bloodletting"],"picked":"Wild Strike"},{"not_picked":["Thunderclap","Perfected Strike"],"picked":"Armaments"},{"not_picked":["Combust","Thunderclap"],"picked":"Juggernaut"},{"not_picked":["Evolve","True Grit"],"picked":"Inflame"},{"not_picked":["Perfected Strike","Body Slam"],"picked":"Wild Strike"},{"not_picked":["Juggernaut","Fiend Fire"],"picked":"Feed"},{"not_picked":["Armaments","Sword Boomerang"],"picked":"Warcry"},{"not_picked":["Warcry","Pommel Strike"],"picked":"Cleave"},{"not_picked":["Clash","Anger"],"picked":"Rage"},{"not_picked":["Combust","Thunderclap"],"picked":"Whirlwind"},{"not_picked":["Corruption","True Grit"],"picked":"Evolve"},{"not_picked":["Fiend Fire","Body Slam"],"picked":"Reckless Charge"},{"not_picked":["Warcry","Hemokinesis"],"picked":"Twin Strike"},{"not_picked":["Limit Break","Fiend Fire"],"picked":"Juggernaut"},{"not_picked":["True Grit","Disarm"],"picked":"Metallicize"},{"not_picked":["Clothesline","Body Slam"],"picked":"Headbutt"},{"not_picked":["Headbutt","Combust"],"picked":"Anger"},{"not_picked":["Hemokinesis","Uppercut"],"picked":"Barricade"},{"not_picked":["Wild Strike","Cleave"],"picked":"Spot Weakness"},{"not_picked":["True Grit","Sword Boomerang"],"picked":"Body Slam"}],"player_experience":46890,"potions_floor_usage":[16,20,21,33,33,38,38,40],"damage_taken":[{"damage":0,"enemies":"Small Slimes","floor":1,"turns":3},{"damage":3,"enemies":"Jaw Worm","floor":4,"turns":4},{"damage":1,"enemies":"2 Louse","floor":5,"turns":3},{"damage":19,"enemies":"3 Sentries","floor":7,"turns":7},{"damage":2,"enemies":"Looter","floor":10,"turns":3},{"damage":23,"enemies":"Large Slime","floor":13,"turns":5},{"damage":2,"enemies":"3 Louse","floor":14,"turns":3},{"damage":24,"enemies":"Slime Boss","floor":16,"turns":11},{"damage":16,"enemies":"Chosen","floor":18,"turns":5},{"damage":51,"enemies":"3 Byrds","floor":19,"turns":6},{"damage":37,"enemies":"Slaver and Parasite","floor":20,"turns":6},{"damage":11,"enemies":"Chosen and Byrds","floor":21,"turns":7},{"damage":25,"enemies":"Centurion and Healer","floor":24,"turns":7},{"damage":29,"enemies":"Gremlin Leader","floor":29,"turns":6},{"damage":0,"enemies":"Snake Plant","floor":30,"turns":2},{"damage":28,"enemies":"Collector","floor":33,"turns":7},{"damage":44,"enemies":"3 Shapes","floor":35,"turns":5},{"damage":0,"enemies":"Orb Walker","floor":36,"turns":1},{"damage":48,"enemies":"Sphere and 2 Shapes","floor":38,"turns":5},{"damage":12,"enemies":"Maw","floor":40,"turns":7},{"damage":39,"enemies":"3 Darklings","floor":41,"turns":6},{"damage":54,"enemies":"4 Shapes","floor":44,"turns":4}],"event_choices":[{"event_name":"Living Wall","player_choice":"Change","floor":2,"damage_taken":0},{"event_name":"Golden Wing","player_choice":"Ignored","floor":3,"damage_taken":0},{"event_name":"Accursed Blacksmith","player_choice":"Rummage","floor":37,"damage_taken":0}],"boss_relics":[{"not_picked":["Runic Cube","Runic Dome"],"picked":"Velvet Choker"},{"not_picked":["Snecko Eye","Mark of Pain"],"picked":"Tiny House"}],"potions_floor_spawned":[5,10,13,20,24,29,33,36,41],"seed_played":"804725001100361513","killed_by":"4 Shapes","ascension_level":0,"is_trial":false}