{"path_per_floor":["M","M","?","$","?","R","M","R","T","R","E","?","E","M","R","B",null,"M","$","?","?","?"],"character_chosen":"IRONCLAD","items_purchased":[],"gold_per_floor":[112,132,132,57,157,157,173,173,173,173,200,200,234,247,247,345,345,358,258,173,173,173],"floor_reached":23,"campfire_rested":1,"playtime":1126,"current_hp_per_floor":[80,75,75,75,75,75,79,79,79,79,56,56,55,56,80,54,80,83,83,83,83,83],"items_purged":["Defend_R","Defend_R"],"gold":173,"score":234,"play_id":"b58b8949-a397-43c5-85be-d89ca4d6e97e","is_prod":false,"is_daily":false,"is_ascension_mode":true,"campfire_upgraded":3,"path_taken":["M","M","?","$","?","R","M","R","T","R","E","?","E","M","R","BOSS","M","$","?","?","?","E"],"build_version":"2018-02-12-PROD1","purchased_purges":3,"victory":false,"master_deck":["Strike_R","Strike_R","Strike_R","Strike_R","Defend_R","Defend_R","Bash+1","Shrug It Off+1","Armaments+1","Flame Barrier+1","Whirlwind","Blind","Reaper","Feed","Shrug It Off+1","Headbutt"],"max_hp_per_floor":[80,80,80,80,80,80,80,80,80,80,80,80,80,80,80,80,80,83,83,83,83,83],"relics":["Burning Blood","Lantern","Orichalcum","Charon\u0027s Ashes","Black Star","Omamori","Dream Catcher"],"card_choices":[{"not_picked":["Bloodletting","Headbutt"],"picked":"Shrug It Off"},{"not_picked":["Sever Soul","Sword Boomerang"],"picked":"Armaments"},{"not_picked":["Perfected Strike","Shrug It Off"],"picked":"Flame Barrier"},{"not_picked":["Demon Form","Corruption"],"picked":"Whirlwind"},{"not_picked":["Clothesline","Disarm"],"picked":"Reaper"},{"not_picked":["Barricade","Brutality"],"picked":"Feed"},{"not_picked":["Cleave","Disarm"],"picked":"Shrug It Off"}],"player_experience":174349,"potions_floor_usage":[13,16,23,23],"damage_taken":[{"damage":4.0,"enemies":"2 Louse","floor":1.0,"turns":3.0},{"damage":11.0,"enemies":"Blue Slaver","floor":2.0,"turns":6.0},{"damage":2.0,"enemies":"Cultist","floor":7.0,"turns":4.0},{"damage":29.0,"enemies":"Gremlin Nob","floor":11.0,"turns":5.0},{"damage":7,"enemies":"3 Sentries","floor":13,"turns":6},{"damage":5,"enemies":"Red Slaver","floor":14,"turns":3},{"damage":44,"enemies":"Slime Boss","floor":16,"turns":15},{"damage":0,"enemies":"3 Byrds","floor":18,"turns":5},{"damage":110,"enemies":"Gremlin Leader","floor":23,"turns":11}],"event_choices":[{"event_name":"Upgrade Shrine","player_choice":"Upgraded","floor":3.0,"damage_taken":0.0},{"event_name":"Golden Shrine","player_choice":"Pray","floor":5.0,"damage_taken":0.0},{"event_name":"Match and Keep!","player_choice":"1 cards matched","floor":12,"damage_taken":0},{"event_name":"Addict","player_choice":"Obtained Relic","floor":20,"damage_taken":0},{"event_name":"The Mausoleum","player_choice":"Yes","floor":21,"damage_taken":0},{"event_name":"The Library","player_choice":"Read","floor":22,"damage_taken":0}],"boss_relics":[{"not_picked":["Sozu","Snecko Eye"],"picked":"Black Star"}],"potions_floor_spawned":[1,11,14,16,18],"seed_played":"8948382757251289644","killed_by":"Gremlin Leader","ascension_level":4,"is_trial":false}