{"path_per_floor":["M","?","$","?","M","R","E","R","T","$","E","?","?","M","R","B",null,"M","$","?","M","T","R","$","R","T","R","M","E","M","M","R","B",null,"M","?","$","M","?","R","M","R","T","M","R","E","T","E","R"],"character_chosen":"IRONCLAD","items_purchased":["Bandage Up","Tiny Chest","Whirlwind","Armaments"],"gold_per_floor":[367,367,204,261,276,276,309,309,309,96,128,88,88,99,99,197,197,210,80,80,94,121,121,121,121,121,121,133,161,176,189,189,284,284,299,299,174,190,190,190,203,203,227,237,237,266,266,300,300],"floor_reached":50,"campfire_rested":5,"playtime":2296,"current_hp_per_floor":[66,66,66,66,60,60,48,71,71,71,29,29,26,39,79,87,87,87,87,87,87,87,87,87,87,87,87,79,66,37,47,90,48,94,89,89,89,68,68,68,76,76,76,41,85,88,88,59,105],"items_purged":["Strike_R","Strike_R","Writhe"],"gold":300,"score":684,"play_id":"d3cd353e-051b-4813-b92c-15e44f96ac18","is_prod":false,"is_daily":false,"is_ascension_mode":true,"campfire_upgraded":6,"path_taken":["M","?","$","?","?","R","E","R","T","$","E","?","?","M","R","BOSS","M","$","?","M","?","R","?","R","T","R","M","E","?","M","R","BOSS","M","?","$","M","?","R","?","R","T","M","R","E","?","E","R","BOSS"],"build_version":"2018-02-12-PROD1","purchased_purges":4,"victory":false,"master_deck":["Strike_R","Defend_R","Defend_R","Defend_R","Bash","Feed","Bandage Up","Warcry+1","Searing Blow+5","Bludgeon","Shockwave","Impervious","Pummel+1","Demon Form+1","Limit Break+1","Sword Boomerang","Whirlwind","Armaments+1","Clash","Battle Trance","Iron Wave","Exhume","Iron Wave+1","Warcry","Inflame+1"],"max_hp_per_floor":[72,72,72,72,75,75,78,78,78,78,81,81,81,84,84,87,87,87,87,87,87,87,87,87,87,87,87,90,90,90,94,94,94,94,94,94,94,94,94,94,98,98,98,98,98,103,103,105,105],"relics":["Burning Blood","Thread and Needle","Regal Pillow","Tiny Chest","Anchor","Pen Nib","Astrolabe","Self Forming Clay","Bronze Scales","Calipers","Bag of Marbles","Lizard Tail","Singing Bowl","Ginger","Mercury Hourglass","Champion Belt"],"card_choices":[{"not_picked":["Iron Wave","Perfected Strike"],"picked":"Feed"},{"not_picked":["Entrench","Burning Pact"],"picked":"Warcry"},{"not_picked":["Pommel Strike","Perfected Strike"],"picked":"Searing Blow"},{"not_picked":["Clothesline","Body Slam"],"picked":"Bludgeon"},{"not_picked":["Feel No Pain","Thunderclap"],"picked":"Shockwave"},{"not_picked":["Reaper","Berserk"],"picked":"Impervious"},{"not_picked":["Clothesline","Warcry"],"picked":"Sword Boomerang"},{"not_picked":["Thunderclap","Twin Strike"],"picked":"Clash"},{"not_picked":["Headbutt","Rage"],"picked":"Battle Trance"},{"not_picked":["Flex","Wild Strike"],"picked":"Iron Wave"},{"not_picked":["Fiend Fire","Barricade"],"picked":"Exhume"},{"not_picked":["Rage","Flex"],"picked":"Iron Wave"},{"not_picked":["Perfected Strike","Rampage"],"picked":"Warcry"},{"not_picked":["Clash","Havoc"],"picked":"Inflame"}],"player_experience":176980,"potions_floor_usage":[7,7,7,16,16,29,31,46,46],"damage_taken":[{"damage":12,"enemies":"2 Louse","floor":1,"turns":3},{"damage":19,"enemies":"Blue Slaver","floor":5,"turns":5},{"damage":25,"enemies":"Lagavulin","floor":7,"turns":6},{"damage":55,"enemies":"3 Sentries","floor":11,"turns":17},{"damage":0,"enemies":"Small Slimes","floor":14,"turns":3},{"damage":0,"enemies":"Slime Boss","floor":16,"turns":6},{"damage":3,"enemies":"Chosen","floor":18,"turns":5},{"damage":1,"enemies":"3 Byrds","floor":21,"turns":3},{"damage":21,"enemies":"Snake Plant","floor":28,"turns":3},{"damage":23,"enemies":"Gremlin Leader","floor":29,"turns":7},{"damage":39,"enemies":"3 Cultists","floor":30,"turns":7},{"damage":19,"enemies":"Centurion and Healer","floor":31,"turns":6},{"damage":48,"enemies":"Automaton","floor":33,"turns":7},{"damage":11,"enemies":"Orb Walker","floor":35,"turns":5},{"damage":31,"enemies":"3 Darklings","floor":38,"turns":4},{"damage":10,"enemies":"Maw","floor":41,"turns":6},{"damage":47,"enemies":"Sphere and 2 Shapes","floor":44,"turns":7},{"damage":12,"enemies":"2 Orb Walkers","floor":46,"turns":5},{"damage":122,"enemies":"Giant Head","floor":48,"turns":9},{"damage":110,"enemies":"Awakened One","floor":50,"turns":6}],"event_choices":[{"event_name":"The Lab","player_choice":"Got Potions","floor":2,"damage_taken":0},{"event_name":"Golden Wing","player_choice":"Gained Gold","floor":4,"damage_taken":0},{"event_name":"The Woman in Blue","player_choice":"Bought 3 Potions","floor":12,"damage_taken":0},{"event_name":"Scrap Ooze","player_choice":"success","floor":13,"damage_taken":3},{"event_name":"The Mausoleum","player_choice":"Yes","floor":20,"damage_taken":0},{"event_name":"Mysterious Sphere","player_choice":"Ignore","floor":36,"damage_taken":0},{"event_name":"Accursed Blacksmith","player_choice":"Forge","floor":39,"damage_taken":0}],"boss_relics":[{"not_picked":["Runic Dome","Velvet Choker"],"picked":"Astrolabe"},{"not_picked":["Snecko Eye","Runic Pyramid"],"picked":"Lizard Tail"}],"potions_floor_spawned":[1,14,16,18,28,29,38,44,46],"seed_played":"5883085290758831764","killed_by":"Awakened One","ascension_level":4,"is_trial":false}