{"path_per_floor":["M","$","?","$","M","R","E","?","T","R","?","R","M","E","R","B",null,"M","M","$","M","$","R","E","M","T","?","?"],"character_chosen":"IRONCLAD","items_purchased":["Clothesline","Armaments","Body Slam","Impervious","Master of Strategy"],"gold_per_floor":[214,66,66,12,35,35,68,68,149,149,249,249,268,307,307,428,428,444,460,16,41,41,41,107,120,120,120,35],"floor_reached":29,"campfire_rested":3,"playtime":1521,"current_hp_per_floor":[80,80,74,74,74,74,40,22,22,44,44,66,68,57,57,11,74,73,40,40,21,21,43,36,18,18,18,18],"items_purged":["Strike_R","Strike_R"],"gold":35,"score":299,"play_id":"4a0152e5-a69d-4e15-8f62-69cf4c6d9ec2","is_prod":false,"is_daily":false,"is_ascension_mode":true,"campfire_upgraded":2,"path_taken":["M","$","?","?","M","R","E","?","T","R","?","R","M","E","R","BOSS","M","M","$","M","$","R","E","M","T","?","?","E"],"build_version":"2018-02-08-PROD1","purchased_purges":2,"victory":false,"master_deck":["Strike_R","Strike_R","Strike_R","Defend_R","Defend_R","Defend_R","Defend_R","Bash","Clothesline","Armaments+1","Body Slam+1","Iron Wave","Impervious","Master of Strategy","Barricade","Shrug It Off"],"max_hp_per_floor":[80,80,74,74,74,74,74,74,74,74,74,74,74,74,74,74,74,74,74,74,74,74,74,74,74,74,74,74],"relics":["Burning Blood","Golden Idol","Pen Nib","Juzu Bracelet","Kunai","Red Skull","Runic Cube","Tiny Chest","Calipers","Orichalcum"],"card_choices":[{"not_picked":["Warcry","Rage"],"picked":"Iron Wave"},{"not_picked":["True Grit","Disarm"],"picked":"Barricade"},{"not_picked":["Bloodletting","Armaments"],"picked":"Shrug It Off"}],"player_experience":137919,"potions_floor_usage":[18,19,19,24,24,29],"damage_taken":[{"damage":2,"enemies":"2 Louse","floor":1,"turns":5},{"damage":0,"enemies":"Cultist","floor":5,"turns":3},{"damage":40,"enemies":"Lagavulin","floor":7,"turns":6},{"damage":4,"enemies":"Small Slimes","floor":13,"turns":4},{"damage":17,"enemies":"Gremlin Nob","floor":14,"turns":4},{"damage":52,"enemies":"Slime Boss","floor":16,"turns":8},{"damage":7,"enemies":"Chosen","floor":18,"turns":5},{"damage":39,"enemies":"3 Byrds","floor":19,"turns":8},{"damage":25,"enemies":"Slaver and Parasite","floor":21,"turns":8},{"damage":13,"enemies":"Slavers","floor":24,"turns":8},{"damage":24,"enemies":"Chosen and Byrds","floor":25,"turns":7},{"damage":24,"enemies":"Gremlin Leader","floor":29,"turns":6}],"event_choices":[{"event_name":"Golden Idol","player_choice":"Lose Max HP","floor":3,"damage_taken":0},{"event_name":"Scrap Ooze","player_choice":"success","floor":8,"damage_taken":18},{"event_name":"Golden Shrine","player_choice":"Pray","floor":11,"damage_taken":0},{"event_name":"Vampires","player_choice":"Ignored","floor":27,"damage_taken":0},{"event_name":"Addict","player_choice":"Obtained Relic","floor":28,"damage_taken":0}],"boss_relics":[{"not_picked":["Black Star","Tiny House"],"picked":"Runic Cube"}],"potions_floor_spawned":[7,13,14,16,18,19,21],"seed_played":"1150287380811663183","killed_by":"Gremlin Leader","ascension_level":4,"is_trial":false}