{"path_per_floor":["M","$","?","$","T","R","M","E","T","R","M","R","E","M","R","B",null,"M","$","?","M","M"],"character_chosen":"IRONCLAD","items_purchased":["Perfected Strike","Armaments","Shrug It Off"],"gold_per_floor":[116,70,70,21,21,21,37,64,64,64,74,74,99,115,115,217,217,237,214,214,234,250],"floor_reached":23,"campfire_rested":0,"playtime":1380,"current_hp_per_floor":[72,72,65,65,65,65,70,60,60,60,65,65,68,72,72,72,72,72,72,72,61,35],"items_purged":[],"gold":250,"play_id":"3389a129-8099-4d9e-ad90-3b7fa87c1bc5","is_prod":false,"is_daily":false,"is_ascension_mode":false,"campfire_upgraded":4,"path_taken":["M","?","?","$","?","R","M","E","T","R","M","R","E","M","R","BOSS","M","$","?","M","M","E"],"build_version":"2018-02-01-PROD3","purchased_purges":1,"victory":false,"master_deck":["Strike_R","Strike_R","Strike_R","Defend_R","Defend_R","Defend_R","Defend_R","Perfected Strike+1","Perfected Strike+1","Armaments+1","Seeing Red","Perfected Strike","Perfected Strike","Spot Weakness+1","Reaper","Shrug It Off","Shrug It Off"],"max_hp_per_floor":[72,72,72,72,72,72,72,72,72,72,72,72,72,72,72,72,72,72,72,72,72,72],"relics":["Burning Blood","Anchor","Bird Faced Urn","Mummified Hand","Mark of Pain"],"card_choices":[{"not_picked":["Clash","Juggernaut"],"picked":"Perfected Strike"},{"not_picked":["Clothesline","Body Slam"],"picked":"Seeing Red"},{"not_picked":["Body Slam","Flex"],"picked":"Perfected Strike"},{"not_picked":["Wild Strike","Twin Strike"],"picked":"Perfected Strike"},{"not_picked":["Flex","Headbutt"],"picked":"Spot Weakness"},{"not_picked":["Bludgeon","Barricade"],"picked":"Reaper"},{"not_picked":["Thunderclap","Power Through"],"picked":"Shrug It Off"}],"player_experience":85327,"potions_floor_usage":[23,23,23],"damage_taken":[{"damage":6,"enemies":"Blue Slaver","floor":1,"turns":9},{"damage":1,"enemies":"Cultist","floor":7,"turns":3},{"damage":16,"enemies":"Lagavulin","floor":8,"turns":8},{"damage":1,"enemies":"Jaw Worm","floor":11,"turns":2},{"damage":3,"enemies":"3 Sentries","floor":13,"turns":5},{"damage":0,"enemies":"Exordium Wildlife","floor":14,"turns":3},{"damage":0,"enemies":"Slime Boss","floor":16,"turns":6},{"damage":5,"enemies":"2 Thieves","floor":18,"turns":3},{"damage":23,"enemies":"3 Byrds","floor":21,"turns":7},{"damage":32,"enemies":"Centurion and Healer","floor":22,"turns":5},{"damage":39,"enemies":"Gremlin Leader","floor":23,"turns":6}],"event_choices":[{"event_name":"Golden Wing","player_choice":"Card Removal","floor":3,"damage_taken":0},{"event_name":"Purifier","player_choice":"Skipped","floor":20,"damage_taken":0}],"boss_relics":[{"not_picked":["Calling Bell","White Beast Statue"],"picked":"Mark of Pain"}],"potions_floor_spawned":[7,13,21,22],"seed_played":"3451432728098461376","killed_by":"Gremlin Leader","ascension_level":0,"is_trial":false}