{"path_per_floor":["M","M","?","M","$","R","M","E","T","E","R","M","E","M","R","B",null,"M","M","?","$","M"],"character_chosen":"IRONCLAD","items_purchased":["Dropkick","Block Potion"],"gold_per_floor":[140,151,151,162,5,5,21,55,55,84,84,94,126,136,136,235,235,248,233,233,82,98],"floor_reached":23,"campfire_rested":1,"playtime":1331,"current_hp_per_floor":[72,66,66,72,72,72,69,61,61,42,42,48,28,26,50,23,80,59,36,36,36,37],"items_purged":["Strike_R","Strike_R"],"gold":98,"score":234,"play_id":"11ac8190-8346-404c-88cd-bc094eabe7a7","is_prod":false,"is_daily":false,"is_ascension_mode":true,"campfire_upgraded":2,"path_taken":["M","M","?","M","$","R","M","E","T","E","R","M","E","?","R","BOSS","M","?","?","$","M","E"],"build_version":"2018-02-12-PROD1","purchased_purges":2,"victory":false,"master_deck":["Strike_R","Strike_R","Strike_R","Defend_R","Defend_R","Defend_R","Defend_R","Bash","Pommel Strike+1","Thunderclap","Dropkick","Seeing Red+1","Ghostly Armor","Shrug It Off","Infernal Blade","Flex","Dark Embrace","Clash","Sever Soul"],"max_hp_per_floor":[80,80,80,80,80,80,80,80,80,80,80,80,80,80,80,80,80,80,80,80,80,80],"relics":["Burning Blood","Tiny Chest","Blood Vial","Unceasing Top","Paper Frog","Dream Catcher","Cursed Key","Molten Egg 2"],"card_choices":[{"not_picked":["True Grit","Reckless Charge"],"picked":"Pommel Strike"},{"not_picked":["Clash","Sword Boomerang"],"picked":"Thunderclap"},{"not_picked":["Flame Barrier","Flex"],"picked":"Seeing Red"},{"not_picked":["Perfected Strike","Sword Boomerang"],"picked":"Ghostly Armor"},{"not_picked":["Clothesline","Whirlwind"],"picked":"Shrug It Off"},{"not_picked":["Perfected Strike","Whirlwind"],"picked":"Infernal Blade"},{"not_picked":["Body Slam","Exhume"],"picked":"Flex"},{"not_picked":["Reaper","Demon Form"],"picked":"Dark Embrace"},{"not_picked":["Burning Pact","Rampage"],"picked":"Clash"},{"not_picked":["Shrug It Off","Hemokinesis"],"picked":"Sever Soul"}],"player_experience":200410,"potions_floor_usage":[8,10,22,22,23],"damage_taken":[{"damage":14,"enemies":"Small Slimes","floor":1,"turns":4},{"damage":12,"enemies":"Blue Slaver","floor":2,"turns":6},{"damage":0,"enemies":"2 Louse","floor":4,"turns":2},{"damage":9,"enemies":"2 Fungi Beasts","floor":7,"turns":2},{"damage":14,"enemies":"Gremlin Nob","floor":8,"turns":3},{"damage":27,"enemies":"Lagavulin","floor":10,"turns":7},{"damage":2,"enemies":"Looter","floor":12,"turns":4},{"damage":28,"enemies":"Gremlin Nob","floor":13,"turns":5},{"damage":10,"enemies":"Gremlin Gang","floor":14,"turns":7},{"damage":35,"enemies":"Slime Boss","floor":16,"turns":8},{"damage":27,"enemies":"3 Byrds","floor":18,"turns":8},{"damage":31,"enemies":"2 Thieves","floor":19,"turns":4},{"damage":7,"enemies":"3 Cultists","floor":22,"turns":5},{"damage":40,"enemies":"Book of Stabbing","floor":23,"turns":5}],"event_choices":[{"event_name":"The Woman in Blue","player_choice":"Bought 0 Potions","floor":3,"damage_taken":0},{"event_name":"The Mausoleum","player_choice":"Yes","floor":20,"damage_taken":0}],"boss_relics":[{"not_picked":["Runic Dome","Runic Pyramid"],"picked":"Cursed Key"}],"potions_floor_spawned":[4,7,16,19],"seed_played":"-6447832731997452253","killed_by":"Book of Stabbing","ascension_level":2,"is_trial":false}