{"path_per_floor":["M","?","M","M","?","R","M","R","T","M","$","M","M","E","R","B",null,"M","$","M","M","?","R","M","E","T","?","R","M","?","M","R","B",null,"M","M","$","M","M","R","M","?","T","E","?","M","M","M","R","B"],"character_chosen":"IRONCLAD","items_purchased":["Vajra","Dexterity Potion","Bag of Marbles"],"gold_per_floor":[10,10,20,37,112,112,129,129,129,141,66,83,101,126,126,224,224,237,81,101,118,43,43,55,81,81,81,81,97,97,112,112,209,209,229,249,54,64,78,78,94,94,94,122,122,135,149,163,163,163],"floor_reached":51,"campfire_rested":2,"playtime":3590,"current_hp_per_floor":[67,51,54,60,49,49,52,52,52,58,58,64,70,47,47,61,75,80,80,80,80,80,80,72,66,66,66,66,72,72,75,75,66,77,68,65,65,32,42,66,51,51,51,42,42,48,51,50,80,33],"items_purged":["Strike_R"],"gold":163,"score":709,"play_id":"e608a5cf-a6a9-44c4-a4a7-fbe6b5868306","is_prod":false,"is_daily":false,"is_ascension_mode":true,"campfire_upgraded":5,"path_taken":["M","?","M","M","?","R","?","R","T","M","$","M","M","E","R","BOSS","M","$","?","M","?","R","M","E","T","?","R","M","?","M","R","BOSS","M","M","$","M","M","R","M","?","T","E","?","?","M","M","R","BOSS"],"build_version":"2018-02-12-PROD1","purchased_purges":3,"victory":true,"master_deck":["Defend_R","Defend_R","Defend_R","Defend_R","Bash+1","Whirlwind+1","Twin Strike+1","Shrug It Off+1","Headbutt","Pommel Strike+1","Shrug It Off","Impervious","Body Slam+1","Clothesline+1","Limit Break","Ghostly Armor","Battle Trance"],"max_hp_per_floor":[80,80,80,80,80,80,80,80,80,80,80,80,80,80,80,80,80,80,80,80,80,80,80,80,80,80,80,80,80,80,80,80,80,80,80,80,80,80,80,80,80,80,80,80,80,80,80,80,80,80],"relics":["Burning Blood","Whetstone","Meat on the Bone","Velvet Choker","Vajra","Oddly Smooth Stone","Peace Pipe","Question Card","Bag of Marbles","Anchor","Regal Pillow"],"card_choices":[{"not_picked":["Armaments","Sever Soul"],"picked":"Twin Strike"},{"not_picked":["Anger","Flex"],"picked":"Shrug It Off"},{"not_picked":["Armaments","Clothesline"],"picked":"Headbutt"},{"not_picked":["Perfected Strike","Shrug It Off"],"picked":"Pommel Strike"},{"not_picked":["Pommel Strike","Wild Strike"],"picked":"Shrug It Off"},{"not_picked":["Brutality","Berserk"],"picked":"Impervious"},{"not_picked":["Power Through","Entrench"],"picked":"Body Slam"},{"not_picked":["Exhume","Bludgeon"],"picked":"Limit Break"},{"not_picked":["Heavy Blade","Intimidate","Sentinel"],"picked":"Ghostly Armor"},{"not_picked":["Sword Boomerang","Twin Strike","Reckless Charge"],"picked":"Battle Trance"}],"player_experience":166704,"potions_floor_usage":[16,16,25,44,50,50,50],"damage_taken":[{"damage":11,"enemies":"2 Louse","floor":1,"turns":2},{"damage":3,"enemies":"Jaw Worm","floor":3,"turns":4},{"damage":0,"enemies":"Small Slimes","floor":4,"turns":2},{"damage":3,"enemies":"Looter","floor":7,"turns":2},{"damage":0,"enemies":"Gremlin Gang","floor":10,"turns":3},{"damage":0,"enemies":"Lots of Slimes","floor":12,"turns":1},{"damage":0,"enemies":"2 Fungi Beasts","floor":13,"turns":2},{"damage":29,"enemies":"Lagavulin","floor":14,"turns":5},{"damage":7,"enemies":"Slime Boss","floor":16,"turns":7},{"damage":0,"enemies":"Chosen","floor":18,"turns":3},{"damage":0,"enemies":"3 Byrds","floor":20,"turns":2},{"damage":0,"enemies":"3 Cultists","floor":21,"turns":4},{"damage":14,"enemies":"Snake Plant","floor":24,"turns":3},{"damage":12,"enemies":"Gremlin Leader","floor":25,"turns":5},{"damage":0,"enemies":"Centurion and Healer","floor":29,"turns":5},{"damage":3,"enemies":"Chosen and Byrds","floor":31,"turns":3},{"damage":15,"enemies":"Champ","floor":33,"turns":10},{"damage":15,"enemies":"Orb Walker","floor":35,"turns":4},{"damage":9,"enemies":"3 Shapes","floor":36,"turns":4},{"damage":51,"enemies":"3 Darklings","floor":38,"turns":5},{"damage":8,"enemies":"Maw","floor":39,"turns":9},{"damage":21,"enemies":"4 Shapes","floor":41,"turns":9},{"damage":27,"enemies":"2 Orb Walkers","floor":44,"turns":6},{"damage":0,"enemies":"3 Darklings","floor":46,"turns":4},{"damage":3,"enemies":"Maw","floor":47,"turns":9},{"damage":7,"enemies":"4 Shapes","floor":48,"turns":4},{"damage":65,"enemies":"Awakened One","floor":50,"turns":32}],"event_choices":[{"event_name":"Shining Light","player_choice":"Entered Light","floor":2,"damage_taken":0},{"event_name":"World of Goop","player_choice":"Gather Gold","floor":5,"damage_taken":0},{"event_name":"Beggar","player_choice":"Gave Gold","floor":22,"damage_taken":0},{"event_name":"Drug Dealer","player_choice":"Ignored","floor":27,"damage_taken":0},{"event_name":"The Library","player_choice":"Read","floor":30,"damage_taken":0},{"event_name":"Purifier","player_choice":"One Purge","floor":42,"damage_taken":0},{"event_name":"Mysterious Sphere","player_choice":"Ignore","floor":45,"damage_taken":0}],"boss_relics":[{"not_picked":["Ectoplasm","Black Star"],"picked":"Velvet Choker"},{"not_picked":["Orrery","Eternal Feather"],"picked":"Question Card"}],"potions_floor_spawned":[10,13,20,21,29,31,38,39,47,48],"seed_played":"-2315271406779238434","ascension_level":7,"is_trial":false}