{"path_per_floor":["M","M","?","$","M","R","?","M","T","$","M","$","R","M","R","B",null,"M","$","M","?","M","R","M"],"character_chosen":"IRONCLAD","items_purchased":["Matryoshka","Armaments","Shrug It Off","Finesse"],"gold_per_floor":[10,23,23,23,38,38,68,81,381,23,33,33,33,45,45,142,142,126,37,50,50,68,68,88],"floor_reached":25,"campfire_rested":3,"playtime":2421,"current_hp_per_floor":[74,80,80,80,75,75,49,45,45,45,25,25,49,51,75,29,80,59,59,15,15,21,45,27],"items_purged":[],"gold":88,"score":195,"play_id":"fa3cd1b2-fd4a-4672-8c47-b5d105c678f8","is_prod":false,"is_daily":false,"is_ascension_mode":false,"campfire_upgraded":1,"path_taken":["M","M","?","?","?","R","?","?","T","$","M","?","R","?","R","BOSS","M","$","M","?","M","R","M","M"],"build_version":"2018-02-12-PROD1","purchased_purges":1,"victory":false,"master_deck":["Strike_R","Strike_R","Defend_R","Defend_R","Defend_R","Defend_R","Juggernaut+1","Infernal Blade","Rampage","Demon Form","Rampage","Iron Wave","Armaments","Shrug It Off","Metallicize","Barricade","Shockwave+1","Rupture+1","Dark Embrace+1","Shrug It Off","Finesse","Warcry","Iron Wave","Clash"],"max_hp_per_floor":[80,80,80,80,80,80,80,80,80,80,80,80,80,80,80,80,80,80,80,80,80,80,80,80],"relics":["Burning Blood","Odd Mushroom","Old Coin","Matryoshka","Astrolabe"],"card_choices":[{"not_picked":["Pommel Strike","Perfected Strike"],"picked":"Infernal Blade"},{"not_picked":["Body Slam","Dropkick"],"picked":"Rampage"},{"not_picked":["Clash","Shrug It Off"],"picked":"Rampage"},{"not_picked":["Seeing Red","True Grit"],"picked":"Iron Wave"},{"not_picked":["Disarm","Twin Strike"],"picked":"Metallicize"},{"not_picked":["Sword Boomerang","Dark Embrace"],"picked":"Rage"},{"not_picked":["Juggernaut","Berserk"],"picked":"Barricade"},{"not_picked":["Feel No Pain","Headbutt"],"picked":"Shrug It Off"},{"not_picked":["Sword Boomerang","Headbutt"],"picked":"Warcry"},{"not_picked":["Pummel","Headbutt"],"picked":"Iron Wave"},{"not_picked":["Flex","Uppercut"],"picked":"Clash"}],"player_experience":2466,"potions_floor_usage":[14,22,22,24],"damage_taken":[{"damage":12,"enemies":"Jaw Worm","floor":1,"turns":4},{"damage":0,"enemies":"Cultist","floor":2,"turns":4},{"damage":11,"enemies":"Blue Slaver","floor":5,"turns":5},{"damage":32,"enemies":"The Mushroom Lair","floor":7,"turns":5},{"damage":10,"enemies":"Looter","floor":8,"turns":3},{"damage":26,"enemies":"Large Slime","floor":11,"turns":6},{"damage":4,"enemies":"Exordium Thugs","floor":14,"turns":6},{"damage":52,"enemies":"Slime Boss","floor":16,"turns":8},{"damage":27,"enemies":"2 Thieves","floor":18,"turns":5},{"damage":50,"enemies":"3 Byrds","floor":20,"turns":9},{"damage":15,"enemies":"Snake Plant","floor":22,"turns":8},{"damage":24,"enemies":"Centurion and Healer","floor":24,"turns":8},{"damage":33,"enemies":"3 Cultists","floor":25,"turns":4}],"event_choices":[{"event_name":"Living Wall","player_choice":"Change","floor":3,"damage_taken":0},{"event_name":"Mushrooms","player_choice":"Fought Mushrooms","floor":7,"damage_taken":0},{"event_name":"Drug Dealer","player_choice":"Ignored","floor":21,"damage_taken":0}],"boss_relics":[{"not_picked":["Orrery","Runic Pyramid"],"picked":"Astrolabe"}],"potions_floor_spawned":[5,14,16,18,20],"seed_played":"-3689016069869917943","killed_by":"3 Cultists","ascension_level":0,"is_trial":false}