{"path_per_floor":["M","M","M","$","M","R","E","R","T","$","M","R","M","?","R","B",null,"M"],"character_chosen":"IRONCLAD","items_purchased":["Feel No Pain"],"gold_per_floor":[109,127,146,64,78,78,107,107,130,130,140,140,110,110,110,209,209,226],"floor_reached":19,"campfire_rested":2,"playtime":1057,"current_hp_per_floor":[69,70,71,71,63,63,50,74,74,74,45,69,70,70,70,28,80,31],"items_purged":[],"gold":226,"score":200,"play_id":"f756c67e-2259-4261-a7ab-d0ad023cd564","is_prod":false,"is_daily":false,"is_ascension_mode":true,"campfire_upgraded":2,"path_taken":["M","M","M","$","?","R","E","R","T","$","M","R","M","?","R","BOSS","M","M"],"build_version":"2018-02-12-PROD1","purchased_purges":0,"victory":false,"master_deck":["Strike_R","Strike_R","Strike_R","Strike_R","Defend_R","Defend_R","Defend_R","Defend_R","Bash","Metallicize","Inflame+1","Second Wind","Feel No Pain","Headbutt","Spot Weakness","Evolve+1","Immolate","Fiend Fire","Power Through","Body Slam","Spot Weakness","Clothesline","Carnage+1"],"max_hp_per_floor":[80,80,80,80,80,80,80,80,80,80,80,80,80,80,80,80,80,80],"relics":["Burning Blood","Juzu Bracelet","Blood Vial","Orrery"],"card_choices":[{"not_picked":["Iron Wave","Havoc"],"picked":"Metallicize"},{"not_picked":["Armaments","Twin Strike"],"picked":"Inflame"},{"not_picked":["Wild Strike","Perfected Strike"],"picked":"Second Wind"},{"not_picked":["Iron Wave","Sentinel"],"picked":"Headbutt"},{"not_picked":["Pommel Strike","Ghostly Armor"],"picked":"Spot Weakness"},{"not_picked":["Body Slam","Searing Blow"],"picked":"Evolve"},{"not_picked":["Dropkick","Rampage"],"picked":"Immolate"},{"not_picked":["Demon Form","Exhume"],"picked":"Fiend Fire"},{"not_picked":["Headbutt","Armaments"],"picked":"Power Through"},{"not_picked":["Wild Strike","Reckless Charge"],"picked":"Body Slam"},{"not_picked":["Thunderclap","Flex"],"picked":"Spot Weakness"},{"not_picked":["Clash","Fire Breathing"],"picked":"Clothesline"},{"not_picked":["Flame Barrier","Sever Soul"],"picked":"Carnage"}],"player_experience":175475,"potions_floor_usage":[2,16],"damage_taken":[{"damage":17,"enemies":"Blue Slaver","floor":1,"turns":5},{"damage":5,"enemies":"Jaw Worm","floor":2,"turns":6},{"damage":5,"enemies":"Cultist","floor":3,"turns":4},{"damage":14,"enemies":"2 Fungi Beasts","floor":5,"turns":5},{"damage":19,"enemies":"Lagavulin","floor":7,"turns":7},{"damage":37,"enemies":"Exordium Thugs","floor":11,"turns":6},{"damage":7,"enemies":"Looter","floor":13,"turns":4},{"damage":50,"enemies":"The Guardian","floor":16,"turns":11},{"damage":55,"enemies":"Spheric Guardian","floor":18,"turns":6},{"damage":42,"enemies":"3 Byrds","floor":19,"turns":2}],"event_choices":[{"event_name":"Shining Light","player_choice":"Ignored","floor":14,"damage_taken":0}],"boss_relics":[{"not_picked":["Black Blood","Pandora\u0027s Box"],"picked":"Orrery"}],"potions_floor_spawned":[1,11],"seed_played":"-6550914154422628516","killed_by":"3 Byrds","ascension_level":4,"is_trial":false}