{"path_per_floor":["M","?","M","M","M","R","E","M","T","R","$","M","E","M","R","B",null,"M","M","$","?","M","R","M","?","T","T","R","M","?","M","R"],"character_chosen":"IRONCLAD","items_purchased":["Lantern","Bag of Marbles"],"gold_per_floor":[114,171,184,195,210,210,239,258,258,258,36,49,79,95,95,190,190,180,190,34,34,48,48,58,58,58,84,84,103,103,116,116],"floor_reached":33,"campfire_rested":5,"playtime":1437,"current_hp_per_floor":[76,76,75,67,47,71,40,46,46,70,70,76,55,61,80,12,80,50,37,37,37,31,55,63,47,47,47,71,75,75,71,71],"items_purged":["Strike_R"],"gold":116,"score":313,"play_id":"826c27d3-1817-4322-94fc-aa830063686e","is_prod":false,"is_daily":false,"is_ascension_mode":true,"campfire_upgraded":1,"path_taken":["M","?","M","M","M","R","E","M","T","R","$","M","E","M","R","BOSS","M","M","$","?","M","R","M","?","T","?","R","M","?","M","R","BOSS"],"build_version":"2018-02-12-PROD1","purchased_purges":1,"victory":false,"master_deck":["Strike_R","Strike_R","Defend_R","Defend_R","Defend_R","Bash","Immolate","Shrug It Off","Thunderclap","Whirlwind","Pommel Strike","Dual Wield","Dropkick","Warcry","Bludgeon+1","Iron Wave","Berserk","Metallicize+1","Impervious+1","Searing Blow+1","Armaments+1","Flex+1","Headbutt","Dropkick+1","Spot Weakness"],"max_hp_per_floor":[80,80,80,80,80,80,80,80,80,80,80,80,80,80,80,80,80,82,82,82,82,82,82,82,82,82,82,82,82,82,82,82],"relics":["Burning Blood","Oddly Smooth Stone","Paper Frog","Lantern","Singing Bowl","Astrolabe","Bag of Marbles","Blood Vial","Enchiridion","Bag of Preparation","Omamori"],"card_choices":[{"not_picked":["Wild Strike","Corruption"],"picked":"Shrug It Off"},{"not_picked":["Perfected Strike","Shrug It Off"],"picked":"Thunderclap"},{"not_picked":["Heavy Blade","Burning Pact"],"picked":"Whirlwind"},{"not_picked":["Thunderclap","Perfected Strike"],"picked":"Pommel Strike"},{"not_picked":["Cleave","Body Slam"],"picked":"Dual Wield"},{"not_picked":["Flex","Entrench"],"picked":"Dropkick"},{"not_picked":["Anger","Pommel Strike"],"picked":"Warcry"},{"not_picked":["Perfected Strike","Dropkick"],"picked":"Bludgeon"},{"not_picked":["Wild Strike","Clothesline"],"picked":"Iron Wave"},{"not_picked":["Barricade","Bludgeon"],"picked":"Berserk"},{"not_picked":["Anger","Blood for Blood"],"picked":"Armaments"},{"not_picked":["Sword Boomerang","Body Slam"],"picked":"Flex"},{"not_picked":["Body Slam","Wild Strike"],"picked":"Headbutt"},{"not_picked":["Heavy Blade","Perfected Strike"],"picked":"Dropkick"},{"not_picked":["Body Slam","Evolve"],"picked":"Spot Weakness"}],"player_experience":161830,"potions_floor_usage":[5,8,22,29,31],"damage_taken":[{"damage":10,"enemies":"Cultist","floor":1,"turns":5},{"damage":7,"enemies":"Small Slimes","floor":3,"turns":4},{"damage":14,"enemies":"Blue Slaver","floor":4,"turns":5},{"damage":26,"enemies":"Large Slime","floor":5,"turns":8},{"damage":37,"enemies":"Gremlin Nob","floor":7,"turns":5},{"damage":0,"enemies":"Gremlin Gang","floor":8,"turns":2},{"damage":0,"enemies":"3 Louse","floor":12,"turns":1},{"damage":27,"enemies":"3 Sentries","floor":13,"turns":6},{"damage":0,"enemies":"2 Fungi Beasts","floor":14,"turns":3},{"damage":74,"enemies":"Slime Boss","floor":16,"turns":14},{"damage":38,"enemies":"2 Thieves","floor":18,"turns":4},{"damage":19,"enemies":"Spheric Guardian","floor":19,"turns":7},{"damage":29,"enemies":"Slaver and Parasite","floor":22,"turns":9},{"damage":0,"enemies":"Snake Plant","floor":24,"turns":1},{"damage":4,"enemies":"Cultist and Chosen","floor":29,"turns":4},{"damage":12,"enemies":"Slaver and Parasite","floor":31,"turns":3},{"damage":76,"enemies":"Automaton","floor":33,"turns":6}],"event_choices":[{"event_name":"Golden Wing","player_choice":"Gained Gold","floor":2,"damage_taken":0},{"event_name":"Wheel of Change","player_choice":"Relic","floor":21,"damage_taken":0},{"event_name":"Cursed Tome","player_choice":"Obtained Book","floor":25,"damage_taken":0},{"event_name":"Forgotten Altar","player_choice":"Smashed Altar","floor":30,"damage_taken":0}],"boss_relics":[{"not_picked":["Snecko Eye","Lizard Tail"],"picked":"Astrolabe"}],"potions_floor_spawned":[3,5,7,16,19,29],"seed_played":"-3924019954990753459","killed_by":"Automaton","ascension_level":4,"is_trial":false}