{"path_per_floor":["M","?","?","?","M","R","T","E","T","R","M","$","R","M","R","B",null,"M","M","$","M","?","R"],"character_chosen":"IRONCLAD","items_purchased":["Feed","Spot Weakness"],"gold_per_floor":[116,116,116,116,135,135,135,161,161,161,180,16,16,35,35,139,139,158,168,13,27,27,27],"floor_reached":24,"campfire_rested":1,"playtime":704,"current_hp_per_floor":[80,80,80,73,75,75,75,64,64,64,70,70,70,76,76,39,83,67,47,47,27,27,67],"items_purged":["Strike_R"],"gold":27,"score":233,"play_id":"8c01afb6-63d7-475a-9aef-600e967f1430","is_prod":false,"is_daily":false,"is_ascension_mode":true,"campfire_upgraded":2,"path_taken":["M","?","?","?","?","R","?","E","T","R","?","$","R","?","R","BOSS","M","M","$","M","?","R","E"],"build_version":"2018-02-15-PROD1","purchased_purges":2,"victory":false,"master_deck":["Strike_R","Strike_R","Strike_R","Defend_R","Defend_R","Defend_R","Bash","Inflame","Whirlwind+1","Seeing Red+1","Double Tap","Second Wind+1","Armaments+1","Feed","Rampage","Limit Break","Spot Weakness","Heavy Blade","Writhe"],"max_hp_per_floor":[80,80,80,80,80,80,80,80,80,80,80,80,80,80,80,83,83,83,83,83,86,86,86],"relics":["Black Blood","Prayer Wheel","Shuriken","Mercury Hourglass","Shovel","Sundial","Regal Pillow","War Paint"],"card_choices":[{"not_picked":["Cleave","Pommel Strike"],"picked":"Inflame"},{"not_picked":["Carnage","Shrug It Off"],"picked":"Whirlwind"},{"not_picked":["Hemokinesis","Armaments"],"picked":"Seeing Red"},{"not_picked":["Perfected Strike","Thunderclap"],"picked":"Double Tap"},{"not_picked":["Body Slam","Entrench"],"picked":"Second Wind"},{"not_picked":["Headbutt","Clothesline"],"picked":"Armaments"},{"not_picked":["Combust","Infernal Blade"],"picked":"Rampage"},{"not_picked":["Dark Embrace","Brutality"],"picked":"Limit Break"},{"not_picked":["Iron Wave","True Grit"],"picked":"Heavy Blade"}],"player_experience":199719,"potions_floor_usage":[16,24],"damage_taken":[{"damage":5,"enemies":"2 Louse","floor":1,"turns":4},{"damage":4,"enemies":"Small Slimes","floor":5,"turns":4},{"damage":17,"enemies":"3 Sentries","floor":8,"turns":3},{"damage":0,"enemies":"Cultist","floor":11,"turns":2},{"damage":0,"enemies":"Exordium Wildlife","floor":14,"turns":2},{"damage":46,"enemies":"Slime Boss","floor":16,"turns":8},{"damage":26,"enemies":"Chosen","floor":18,"turns":5},{"damage":30,"enemies":"Spheric Guardian","floor":19,"turns":4},{"damage":33,"enemies":"Snake Plant","floor":21,"turns":4},{"damage":67,"enemies":"Gremlin Leader","floor":24,"turns":6}],"event_choices":[{"event_name":"Liars Game","player_choice":"disagreed","floor":2,"damage_taken":0},{"event_name":"Purifier","player_choice":"One Purge","floor":3,"damage_taken":0},{"event_name":"Golden Wing","player_choice":"Card Removal","floor":4,"damage_taken":0},{"event_name":"The Mausoleum","player_choice":"Yes","floor":22,"damage_taken":0}],"boss_relics":[{"not_picked":["Lizard Tail","Question Card"],"picked":"Black Blood"}],"potions_floor_spawned":[5,11,16],"seed_played":"-5481210266384002603","killed_by":"Gremlin Leader","ascension_level":4,"is_trial":false}