{"path_per_floor":["M","M","M","M","?","R","?","R","T","E","R","?","E","M","R","B",null,"M","?","?","M","M","E","M","M","T","$","E","R","$","M","R","B",null,"M","?","?","M","M","R","M","$","T","?","?"],"character_chosen":"IRONCLAD","items_purchased":["Pen Nib","Metallicize","Mummified Hand"],"gold_per_floor":[16,28,47,65,65,65,140,140,212,244,244,244,272,288,288,389,389,401,401,401,414,429,456,469,489,535,233,260,260,3,21,21,119,119,136,0,0,12,32,32,52,52,52,403,403],"floor_reached":46,"campfire_rested":0,"playtime":2801,"current_hp_per_floor":[79,76,78,76,58,58,47,47,47,40,40,40,46,48,48,26,72,74,74,60,56,60,11,27,35,35,35,11,11,11,60,60,30,53,60,60,60,60,60,60,60,60,60,30,22],"items_purged":["Defend_R"],"gold":403,"score":576,"play_id":"39c9f2f6-0969-4df1-8f2d-42901180003b","is_prod":false,"is_daily":false,"is_ascension_mode":true,"campfire_upgraded":7,"path_taken":["M","M","M","M","?","R","?","R","T","E","R","?","E","?","R","BOSS","M","?","?","M","M","E","M","M","T","$","E","R","?","M","R","BOSS","M","?","?","M","?","R","M","?","T","?","?","M"],"build_version":"2018-02-15-PROD1","purchased_purges":1,"victory":false,"master_deck":["Defend_R+1","Defend_R+1","Defend_R","Bash","Thunderclap","Rupture","Metallicize+1","Flame Barrier+1","Entrench+1","Armaments+1","Iron Wave","Offering","Writhe","Bite","Bite","Bite","Bite","Body Slam+1","Shrug It Off","True Grit","Iron Wave","Metallicize+1","Shockwave","Immolate","Rage","Whirlwind+1","Ghostly Armor+1","Madness","Madness"],"max_hp_per_floor":[80,80,80,80,80,80,80,80,80,80,80,80,87,87,87,87,87,87,87,60,60,60,60,60,60,60,60,60,60,60,60,60,60,60,60,60,60,60,60,60,60,60,60,60,60],"relics":["Burning Blood","Gremlin Horn","Kunai","War Paint","Strawberry","Velvet Choker","Oddly Smooth Stone","Anchor","Bag of Preparation","Pen Nib","Bottled Flame","Mummified Hand","Sozu","Red Mask","Ancient Tea Set","Old Coin"],"card_choices":[{"not_picked":["Body Slam","Flex"],"picked":"Thunderclap"},{"not_picked":["Bloodletting","Sword Boomerang"],"picked":"Rupture"},{"not_picked":["Warcry","Battle Trance"],"picked":"Metallicize"},{"not_picked":["Heavy Blade","Thunderclap"],"picked":"Flame Barrier"},{"not_picked":["Heavy Blade","Clash"],"picked":"Entrench"},{"not_picked":["Anger","Uppercut"],"picked":"Armaments"},{"not_picked":["Impervious","Armaments"],"picked":"Iron Wave"},{"not_picked":["Impervious","Immolate"],"picked":"Offering"},{"not_picked":["Iron Wave","Havoc"],"picked":"Body Slam"},{"not_picked":["Flex","Bloodletting"],"picked":"Shrug It Off"},{"not_picked":["Fire Breathing","Entrench"],"picked":"True Grit"},{"not_picked":["Brutality","Combust"],"picked":"Iron Wave"},{"not_picked":["Second Wind","Cleave"],"picked":"Shockwave"},{"not_picked":["Bludgeon","Juggernaut"],"picked":"Immolate"},{"not_picked":["Perfected Strike","Fire Breathing"],"picked":"Rage"},{"not_picked":["Battle Trance","Burning Pact"],"picked":"Whirlwind"},{"not_picked":["Corruption","Iron Wave"],"picked":"Ghostly Armor"}],"player_experience":232274,"potions_floor_usage":[13,16,21,23,24,25,28,31,33],"damage_taken":[{"damage":7,"enemies":"2 Louse","floor":1,"turns":3},{"damage":9,"enemies":"Small Slimes","floor":2,"turns":6},{"damage":4,"enemies":"Jaw Worm","floor":3,"turns":4},{"damage":8,"enemies":"Blue Slaver","floor":4,"turns":7},{"damage":13,"enemies":"3 Sentries","floor":10,"turns":14},{"damage":7,"enemies":"Lagavulin","floor":13,"turns":13},{"damage":4,"enemies":"Large Slime","floor":14,"turns":11},{"damage":28,"enemies":"The Guardian","floor":16,"turns":20},{"damage":4,"enemies":"3 Byrds","floor":18,"turns":6},{"damage":20,"enemies":"Chosen","floor":21,"turns":8},{"damage":4,"enemies":"Centurion and Healer","floor":22,"turns":5},{"damage":69,"enemies":"Book of Stabbing","floor":23,"turns":8},{"damage":4,"enemies":"3 Cultists","floor":24,"turns":5},{"damage":16,"enemies":"Cultist and Chosen","floor":25,"turns":9},{"damage":58,"enemies":"Gremlin Leader","floor":28,"turns":8},{"damage":22,"enemies":"Centurion and Healer","floor":31,"turns":23},{"damage":63,"enemies":"Collector","floor":33,"turns":12},{"damage":10,"enemies":"Orb Walker","floor":35,"turns":4},{"damage":4,"enemies":"3 Shapes","floor":38,"turns":5},{"damage":4,"enemies":"Sphere and 2 Shapes","floor":39,"turns":2},{"damage":4,"enemies":"4 Shapes","floor":41,"turns":5},{"damage":40,"enemies":"Mysterious Sphere","floor":44,"turns":7},{"damage":50,"enemies":"Maw","floor":46,"turns":9}],"event_choices":[{"event_name":"Scrap Ooze","player_choice":"success","floor":5,"damage_taken":18},{"event_name":"World of Goop","player_choice":"Gather Gold","floor":7,"damage_taken":0},{"event_name":"Liars Game","player_choice":"disagreed","floor":12,"damage_taken":0},{"event_name":"The Mausoleum","player_choice":"Yes","floor":19,"damage_taken":0},{"event_name":"Vampires","player_choice":"Became a vampire","floor":20,"damage_taken":0},{"event_name":"Tomb of Lord Red Mask","player_choice":"Paid","floor":36,"damage_taken":0},{"event_name":"Mysterious Sphere","player_choice":"Fight","floor":44,"damage_taken":0},{"event_name":"Winding Halls","player_choice":"Embrace Madness","floor":45,"damage_taken":0}],"boss_relics":[{"not_picked":["Black Star","Orrery"],"picked":"Velvet Choker"},{"not_picked":["Mark of Pain","Astrolabe"],"picked":"Sozu"}],"potions_floor_spawned":[2,3,10,14,16,22,23,24,25,31],"seed_played":"-1830558368943132414","killed_by":"Maw","ascension_level":5,"is_trial":false}