{"path_per_floor":["M","?","$","M","M","E","R","$","T","R","M","E","M","?","R","B",null,"M","M","?","?","$","R","T","M","T","$","$","M","M","M","R","B",null,"M","?","M","$","?"],"character_chosen":"IRONCLAD","items_purchased":["Whirlwind","Evolve","Inflame","Dexterity Potion"],"gold_per_floor":[118,118,7,26,44,78,78,39,64,64,84,116,128,93,93,197,197,212,229,154,154,54,54,101,120,120,51,51,66,79,98,98,197,227,246,246,258,82,82],"floor_reached":40,"campfire_rested":0,"playtime":1634,"current_hp_per_floor":[72,72,72,67,70,59,59,59,59,59,55,37,43,61,61,49,72,68,71,71,63,63,63,63,69,69,69,69,59,65,57,57,43,77,71,71,18,18,18],"items_purged":["Defend_R","Defend_R","Defend_R"],"gold":82,"score":381,"play_id":"9a1b49d4-47c5-49b6-a645-e3fc9a11bd30","is_prod":false,"is_daily":false,"is_ascension_mode":true,"campfire_upgraded":5,"path_taken":["M","?","?","M","M","E","R","$","T","R","M","E","M","?","R","BOSS","M","M","?","?","$","R","?","M","T","?","$","M","?","M","R","BOSS","M","?","?","?","?","E"],"build_version":"2018-02-12-PROD1","purchased_purges":3,"victory":false,"master_deck":["Strike_R","Defend_R","Bash","Ghostly Armor","Dropkick","Spot Weakness","Dual Wield+1","Whirlwind+1","Armaments+1","Heavy Blade","Evolve+1","Sever Soul","Dropkick","Flex+1","Fiend Fire","Warcry+1","Inflame+1","Thunderclap","True Grit+1","Immolate","Intimidate+1"],"max_hp_per_floor":[72,72,72,72,72,72,72,72,72,72,72,72,72,72,72,72,72,72,72,72,72,72,72,72,72,72,72,72,72,72,72,72,72,77,77,77,77,77,77],"relics":["Burning Blood","Toxic Egg 2","Anchor","Omamori","Mark of Pain","Bag of Marbles","Letter Opener","Tiny House"],"card_choices":[{"not_picked":["Havoc","Flex"],"picked":"Spot Weakness"},{"not_picked":["Clothesline","Anger"],"picked":"Armaments"},{"not_picked":["Brutality","Twin Strike"],"picked":"Heavy Blade"},{"not_picked":["Sword Boomerang","Carnage"],"picked":"Sever Soul"},{"not_picked":["Exhume","Armaments"],"picked":"Dropkick"},{"not_picked":["Headbutt","Armaments"],"picked":"Flex"},{"not_picked":["Feed","Brutality"],"picked":"Fiend Fire"},{"not_picked":["Evolve","Wild Strike"],"picked":"Warcry"},{"not_picked":["Evolve","Clothesline"],"picked":"Thunderclap"},{"not_picked":["Iron Wave","Ghostly Armor"],"picked":"True Grit"},{"not_picked":["Dark Embrace","Reaper"],"picked":"Immolate"},{"not_picked":["Flex","Thunderclap"],"picked":"Sentinel"},{"not_picked":["Clash","Havoc"],"picked":"Intimidate"}],"player_experience":204377,"potions_floor_usage":[12,16,25,33,40,40,40],"damage_taken":[{"damage":1,"enemies":"Cultist","floor":1,"turns":3},{"damage":11,"enemies":"Blue Slaver","floor":4,"turns":4},{"damage":3,"enemies":"Small Slimes","floor":5,"turns":4},{"damage":17,"enemies":"3 Sentries","floor":6,"turns":5},{"damage":10,"enemies":"2 Fungi Beasts","floor":11,"turns":4},{"damage":24,"enemies":"Gremlin Nob","floor":12,"turns":5},{"damage":0,"enemies":"Red Slaver","floor":13,"turns":4},{"damage":18,"enemies":"Slime Boss","floor":16,"turns":7},{"damage":10,"enemies":"Spheric Guardian","floor":18,"turns":5},{"damage":3,"enemies":"3 Byrds","floor":19,"turns":4},{"damage":0,"enemies":"Snake Plant","floor":25,"turns":2},{"damage":16,"enemies":"Centurion and Healer","floor":29,"turns":3},{"damage":0,"enemies":"Chosen and Byrds","floor":30,"turns":4},{"damage":14,"enemies":"Sentry and Sphere","floor":31,"turns":4},{"damage":20,"enemies":"Collector","floor":33,"turns":5},{"damage":12,"enemies":"3 Shapes","floor":35,"turns":2},{"damage":59,"enemies":"3 Darklings","floor":37,"turns":5},{"damage":21,"enemies":"Nemesis","floor":40,"turns":3}],"event_choices":[{"event_name":"Transmorgrifier","player_choice":"Transform","floor":2,"damage_taken":0},{"event_name":"The Cleric","player_choice":"Healed","floor":14,"damage_taken":0},{"event_name":"Beggar","player_choice":"Gave Gold","floor":20,"damage_taken":0},{"event_name":"Knowing Skull","player_choice":"","floor":21,"damage_taken":0},{"event_name":"The Woman in Blue","player_choice":"Bought 0 Potions","floor":36,"damage_taken":0}],"boss_relics":[{"not_picked":["Cursed Key","Ectoplasm"],"picked":"Mark of Pain"},{"not_picked":["Snecko Eye","Eternal Feather"],"picked":"Tiny House"}],"potions_floor_spawned":[1,11,16,19,29,31],"seed_played":"851769777747993481","killed_by":"Nemesis","ascension_level":2,"is_trial":false}