{"path_per_floor":["M","M","$","?","?","R","E","R","T","M","?","?","R","M","R","B",null,"M","?","$","M","$","M","R","$","T","M","M","R","M","?","R","B",null,"M","$","M","?"],"character_chosen":"IRONCLAD","items_purchased":["Ghostly Armor"],"gold_per_floor":[112,128,53,53,53,53,85,85,111,127,127,127,127,143,143,246,246,259,259,159,169,44,59,59,18,18,37,49,49,64,64,64,161,161,181,31,43,0],"floor_reached":39,"campfire_rested":3,"playtime":1854,"current_hp_per_floor":[80,80,80,80,80,80,80,80,80,80,73,73,73,79,79,16,80,65,50,50,27,27,19,59,59,59,36,34,74,56,56,85,7,85,76,76,63,63],"items_purged":["Strike_R","Decay","Strike_R","Strike_R"],"gold":0,"score":354,"play_id":"25c3de7f-3a98-4810-9b6d-8238a3374d5b","is_prod":false,"is_daily":false,"is_ascension_mode":false,"campfire_upgraded":4,"path_taken":["M","M","$","?","?","R","E","R","T","?","?","?","R","M","R","BOSS","M","?","?","M","$","M","R","?","T","?","M","R","M","?","R","BOSS","M","$","M","?","M"],"build_version":"2018-02-12-PROD1","purchased_purges":4,"victory":false,"master_deck":["Defend_R","Defend_R","Defend_R","Defend_R","Bash","Headbutt+1","Whirlwind+1","Body Slam+1","Iron Wave+1","Armaments+1","Offering","Seeing Red","True Grit","Ghostly Armor","Impervious","Clothesline+1","Spot Weakness"],"max_hp_per_floor":[80,80,80,80,80,80,80,80,80,80,80,80,80,80,80,80,80,80,85,85,85,85,85,85,85,85,85,85,85,85,85,85,85,85,85,85,85,85],"relics":["Burning Blood","NeowsBlessing","Letter Opener","Regal Pillow","Lizard Tail","Thread and Needle","Runic Cube","Red Mask"],"card_choices":[{"not_picked":["Power Through","Dual Wield"],"picked":"Headbutt"},{"not_picked":["Heavy Blade","Wild Strike"],"picked":"Whirlwind"},{"not_picked":["Warcry","Perfected Strike"],"picked":"Body Slam"},{"not_picked":["Perfected Strike","Thunderclap"],"picked":"Iron Wave"},{"not_picked":["Whirlwind","Burning Pact"],"picked":"Armaments"},{"not_picked":["Impervious","Immolate"],"picked":"Offering"},{"not_picked":["Headbutt","Wild Strike"],"picked":"Seeing Red"},{"not_picked":["Uppercut","Twin Strike"],"picked":"True Grit"},{"not_picked":["Dark Embrace","Offering"],"picked":"Impervious"},{"not_picked":["Feel No Pain","Wild Strike"],"picked":"Clothesline"},{"not_picked":["Heavy Blade","Armaments"],"picked":"Spot Weakness"}],"player_experience":155727,"potions_floor_usage":[23,23,27,33,39],"damage_taken":[{"damage":0,"enemies":"Small Slimes","floor":1,"turns":1},{"damage":0,"enemies":"Jaw Worm","floor":2,"turns":1},{"damage":0,"enemies":"3 Sentries","floor":7,"turns":2},{"damage":0,"enemies":"2 Louse","floor":10,"turns":2},{"damage":0,"enemies":"Large Slime","floor":14,"turns":3},{"damage":69,"enemies":"The Guardian","floor":16,"turns":13},{"damage":21,"enemies":"2 Thieves","floor":18,"turns":4},{"damage":29,"enemies":"Spheric Guardian","floor":21,"turns":6},{"damage":14,"enemies":"Cultist and Chosen","floor":23,"turns":5},{"damage":29,"enemies":"Sentry and Sphere","floor":27,"turns":6},{"damage":8,"enemies":"Chosen and Byrds","floor":28,"turns":8},{"damage":24,"enemies":"Snecko","floor":30,"turns":8},{"damage":165,"enemies":"Automaton","floor":33,"turns":18},{"damage":15,"enemies":"Orb Walker","floor":35,"turns":4},{"damage":19,"enemies":"3 Shapes","floor":37,"turns":3},{"damage":66,"enemies":"Maw","floor":39,"turns":10}],"event_choices":[{"event_name":"Living Wall","player_choice":"Forget","floor":4,"damage_taken":0},{"event_name":"Upgrade Shrine","player_choice":"Upgraded","floor":5,"damage_taken":0},{"event_name":"Golden Wing","player_choice":"Card Removal","floor":11,"damage_taken":0},{"event_name":"Wheel of Change","player_choice":"Curse","floor":12,"damage_taken":0},{"event_name":"Forgotten Altar","player_choice":"Shed Blood","floor":19,"damage_taken":0},{"event_name":"Addict","player_choice":"Ignored","floor":31,"damage_taken":0},{"event_name":"Tomb of Lord Red Mask","player_choice":"Paid","floor":38,"damage_taken":0}],"boss_relics":[{"not_picked":["Runic Dome","Runic Pyramid"],"picked":"Lizard Tail"},{"not_picked":["Astrolabe","Sozu"],"picked":"Runic Cube"}],"potions_floor_spawned":[1,10,14,23,28,33],"seed_played":"4184170273886554395","killed_by":"Maw","ascension_level":0,"is_trial":false}