{"path_per_floor":["M","$","M","?","M","R","E","R","T","$","M","$","$","?","R","B",null,"M","?","M","?","M","R","M","M","T","M","M","?","?"],"character_chosen":"IRONCLAD","items_purchased":["Shrug It Off"],"gold_per_floor":[114,39,57,57,74,74,105,105,128,28,47,23,23,23,23,121,121,133,133,146,146,160,160,178,195,495,513,531,456,456],"floor_reached":31,"campfire_rested":1,"playtime":1415,"current_hp_per_floor":[76,76,80,80,80,80,58,58,58,58,53,53,53,53,77,19,80,78,78,69,69,69,69,47,28,28,37,32,32,17],"items_purged":["Strike_R","Strike_R"],"gold":456,"score":262,"play_id":"965f3721-60ee-4245-8e9d-473f567e0198","is_prod":false,"is_daily":false,"is_ascension_mode":false,"campfire_upgraded":3,"path_taken":["M","$","?","?","M","R","E","R","T","?","?","?","$","?","R","BOSS","M","?","M","?","?","R","M","M","T","?","M","?","?","M"],"build_version":"2018-02-08-PROD1","purchased_purges":2,"victory":false,"master_deck":["Defend_R","Defend_R","Defend_R","Defend_R","Inflame+1","Rampage+1","Shrug It Off+1","Shrug It Off","Limit Break+1","Infernal Blade","Disarm","Battle Trance","Heavy Blade+1","Shrug It Off"],"max_hp_per_floor":[80,80,80,80,80,80,80,80,80,80,80,80,80,80,80,80,80,80,80,80,80,80,80,80,80,80,80,80,80,85],"relics":["Burning Blood","Magic Flower","Bag of Preparation","Question Card","Old Coin"],"card_choices":[{"not_picked":["Sword Boomerang","Wild Strike"],"picked":"Inflame"},{"not_picked":["Rage","Power Through"],"picked":"Rampage"},{"not_picked":["Second Wind","Thunderclap"],"picked":"Shrug It Off"},{"not_picked":["Dark Embrace","Bludgeon"],"picked":"Limit Break"},{"not_picked":["Sever Soul","Evolve","Seeing Red"],"picked":"Infernal Blade"},{"not_picked":["Perfected Strike","Shrug It Off","Body Slam"],"picked":"Disarm"},{"not_picked":["Anger","Rage","Inflame"],"picked":"Heavy Blade"},{"not_picked":["Wild Strike","Flex","Warcry"],"picked":"Shrug It Off"}],"player_experience":148272,"potions_floor_usage":[16,18,20,24,25,31,31],"damage_taken":[{"damage":10,"enemies":"Blue Slaver","floor":1,"turns":6},{"damage":0,"enemies":"Small Slimes","floor":3,"turns":3},{"damage":6,"enemies":"Cultist","floor":5,"turns":3},{"damage":28,"enemies":"Gremlin Nob","floor":7,"turns":4},{"damage":14,"enemies":"Exordium Thugs","floor":11,"turns":4},{"damage":67,"enemies":"Hexaghost","floor":16,"turns":14},{"damage":11,"enemies":"Spheric Guardian","floor":18,"turns":5},{"damage":18,"enemies":"3 Byrds","floor":20,"turns":6},{"damage":9,"enemies":"Snake Plant","floor":22,"turns":6},{"damage":31,"enemies":"Sentry and Sphere","floor":24,"turns":7},{"damage":28,"enemies":"Cultist and Chosen","floor":25,"turns":8},{"damage":0,"enemies":"Snecko","floor":27,"turns":5},{"damage":14,"enemies":"Centurion and Healer","floor":28,"turns":6},{"damage":30,"enemies":"3 Cultists","floor":31,"turns":5}],"event_choices":[{"event_name":"Bonfire Elementals","player_choice":"BASIC","floor":4,"damage_taken":0},{"event_name":"Upgrade Shrine","player_choice":"Upgraded","floor":14,"damage_taken":0},{"event_name":"Back to Basics","player_choice":"Elegance","floor":19,"damage_taken":0},{"event_name":"The Library","player_choice":"Read","floor":21,"damage_taken":0},{"event_name":"Beggar","player_choice":"Gave Gold","floor":29,"damage_taken":0},{"event_name":"Forgotten Altar","player_choice":"Shed Blood","floor":30,"damage_taken":0}],"boss_relics":[{"not_picked":["Ectoplasm","Tiny House"],"picked":"Question Card"}],"potions_floor_spawned":[1,5,16,18,20,25,27],"seed_played":"6181282234254093637","killed_by":"3 Cultists","ascension_level":0,"is_trial":false}