{"path_per_floor":["M","M","$","M","?","R","E","R","T","R","?","M","M","$","R","B",null,"M","M","?","?","$","R","E","M","T","R","?","R","M","$","R"],"character_chosen":"IRONCLAD","items_purchased":["True Grit","Burning Pact"],"gold_per_floor":[117,135,60,79,79,79,109,109,133,133,208,219,239,86,86,182,182,195,211,211,126,1,1,30,49,79,79,79,79,90,21,21],"floor_reached":33,"campfire_rested":3,"playtime":1016,"current_hp_per_floor":[73,79,79,79,79,79,66,90,90,90,79,78,80,80,80,41,78,68,66,66,66,66,66,47,47,47,69,53,53,56,56,76],"items_purged":["Strike_R","Strike_R","Bite"],"gold":21,"score":368,"play_id":"13e68c66-b360-4e62-a342-552db274e622","is_prod":false,"is_daily":false,"is_ascension_mode":true,"campfire_upgraded":5,"path_taken":["M","M","$","M","?","R","E","R","T","R","?","M","M","$","R","BOSS","M","M","?","?","$","R","E","M","T","R","?","R","M","$","R","BOSS"],"build_version":"2018-02-15-PROD1","purchased_purges":3,"victory":false,"master_deck":["Defend_R","Defend_R","Defend_R","Bash","Ghostly Armor","Spot Weakness+1","Impervious","Uppercut+1","Sentinel","Headbutt","Rampage+1","Shockwave","True Grit+1","Feed","Armaments+1","Bite","Bite","Bite","Bite","Feel No Pain","Burning Pact+1"],"max_hp_per_floor":[80,80,80,80,80,80,90,90,90,90,90,90,90,90,90,90,90,95,98,68,68,68,68,68,74,74,74,74,74,76,76,76],"relics":["Burning Blood","Pear","Singing Bowl","Sozu","Oddly Smooth Stone","Toxic Egg 2","Tiny Chest","Enchiridion"],"card_choices":[{"not_picked":["Havoc","Perfected Strike"],"picked":"Ghostly Armor"},{"not_picked":["Metallicize","Infernal Blade"],"picked":"Spot Weakness"},{"not_picked":["Perfected Strike","Clothesline"],"picked":"Impervious"},{"not_picked":["Wild Strike","Reckless Charge"],"picked":"Uppercut"},{"not_picked":["Body Slam","Havoc"],"picked":"Headbutt"},{"not_picked":["Body Slam","Ghostly Armor"],"picked":"Rampage"},{"not_picked":["True Grit","Sword Boomerang"],"picked":"Shockwave"},{"not_picked":["Barricade","Bludgeon"],"picked":"Feed"},{"not_picked":["Dual Wield","Entrench"],"picked":"Armaments"},{"not_picked":["Wild Strike","Sever Soul"],"picked":"Feel No Pain"}],"player_experience":221565,"potions_floor_usage":[16,16],"damage_taken":[{"damage":5,"enemies":"2 Louse","floor":1,"turns":3},{"damage":0,"enemies":"Cultist","floor":2,"turns":4},{"damage":6,"enemies":"Small Slimes","floor":4,"turns":6},{"damage":29,"enemies":"Gremlin Nob","floor":7,"turns":5},{"damage":7,"enemies":"Exordium Wildlife","floor":12,"turns":5},{"damage":4,"enemies":"Red Slaver","floor":13,"turns":4},{"damage":45,"enemies":"Slime Boss","floor":16,"turns":9},{"damage":21,"enemies":"Spheric Guardian","floor":18,"turns":4},{"damage":11,"enemies":"2 Thieves","floor":19,"turns":4},{"damage":32,"enemies":"Book of Stabbing","floor":24,"turns":7},{"damage":21,"enemies":"Centurion and Healer","floor":25,"turns":7},{"damage":8,"enemies":"Snake Plant","floor":30,"turns":5},{"damage":95,"enemies":"Automaton","floor":33,"turns":10}],"event_choices":[{"event_name":"Transmorgrifier","player_choice":"Transform","floor":5,"damage_taken":0},{"event_name":"World of Goop","player_choice":"Gather Gold","floor":11,"damage_taken":0},{"event_name":"Vampires","player_choice":"Became a vampire","floor":20,"damage_taken":0},{"event_name":"Addict","player_choice":"Obtained Relic","floor":21,"damage_taken":0},{"event_name":"Cursed Tome","player_choice":"Obtained Book","floor":28,"damage_taken":0}],"boss_relics":[{"not_picked":["Velvet Choker","Calling Bell"],"picked":"Sozu"}],"potions_floor_spawned":[1,4,7,24,30],"seed_played":"1442417503943235445","killed_by":"Automaton","ascension_level":6,"is_trial":false}