{"path_per_floor":["M","M","M","M","?","R","E","R","T","?","R","M","$","?","R","B",null,"M","?","?","M","$","R","E","R","T","M","M","?","M","E","R","B",null,"M","M","$","?","M","R","E","R","T","R","?","M","?","M","R","B"],"character_chosen":"IRONCLAD","items_purchased":["Shrug It Off","Inflame","Mummified Hand"],"gold_per_floor":[17,33,45,56,56,56,91,91,91,114,114,125,25,125,125,227,227,238,238,238,257,84,84,116,116,166,185,203,203,222,256,256,352,352,364,381,10,10,22,22,54,54,108,108,0,14,14,34,34,34],"floor_reached":51,"campfire_rested":4,"playtime":3718,"current_hp_per_floor":[80,70,67,73,73,73,45,45,45,33,57,57,57,57,57,49,80,68,68,68,34,34,58,29,53,53,47,61,61,72,80,80,28,80,80,74,74,74,79,79,41,68,68,68,68,90,79,84,84,90],"items_purged":["Strike_R","Writhe","Strike_R"],"gold":34,"score":621,"play_id":"ab5eb373-41a0-48a5-80d8-144546a02f39","is_prod":false,"is_daily":false,"is_ascension_mode":true,"campfire_upgraded":7,"path_taken":["M","M","M","M","?","R","E","R","T","?","R","M","$","?","R","BOSS","M","?","?","M","$","R","E","R","T","M","M","?","M","E","R","BOSS","M","M","$","?","M","R","E","R","T","R","?","M","?","M","R","BOSS"],"build_version":"2018-02-08-PROD1","purchased_purges":3,"victory":true,"master_deck":["Defend_R","Defend_R","Defend_R","Defend_R","Bash","Flex+1","Heavy Blade+1","Headbutt","Demon Form+1","Shrug It Off","Shrug It Off","Heavy Blade+1","Immolate","Inflame","Inflame+1","Battle Trance+1","True Grit+1","Shrug It Off","Reaper+1","Shockwave+1","Seeing Red+1","Offering+1","Armaments+1","Madness","Madness"],"max_hp_per_floor":[80,80,80,80,80,80,80,80,80,80,80,80,80,80,80,80,80,80,80,80,80,80,80,80,80,80,80,80,80,80,80,80,80,80,80,80,80,80,80,80,90,90,90,90,90,90,90,90,90,90],"relics":["Burning Blood","Juzu Bracelet","Dream Catcher","Odd Mushroom","Mark of Pain","Centennial Puzzle","Magic Flower","Pen Nib","Whetstone","Sozu","Mummified Hand","Pear","Tiny Chest","Red Mask"],"card_choices":[{"not_picked":["Carnage","Seeing Red"],"picked":"Flex"},{"not_picked":["Clash","Headbutt"],"picked":"Heavy Blade"},{"not_picked":["Fire Breathing","Clothesline"],"picked":"Headbutt"},{"not_picked":["Pommel Strike","Headbutt"],"picked":"Demon Form"},{"not_picked":["Perfected Strike","Body Slam"],"picked":"Shrug It Off"},{"not_picked":["Bludgeon","Brutality"],"picked":"Reaper"},{"not_picked":["Bloodletting","Cleave"],"picked":"Heavy Blade"},{"not_picked":["Iron Wave","Perfected Strike"],"picked":"Immolate"},{"not_picked":["Burning Pact","Whirlwind"],"picked":"Inflame"},{"not_picked":["Iron Wave","Headbutt"],"picked":"Battle Trance"},{"not_picked":["Cleave","Hemokinesis"],"picked":"True Grit"},{"not_picked":["Clash","Heavy Blade"],"picked":"Shrug It Off"},{"not_picked":["Hemokinesis","Berserk"],"picked":"Shockwave"},{"not_picked":["Clash","Twin Strike"],"picked":"Seeing Red"},{"not_picked":["Brutality","Juggernaut"],"picked":"Offering"},{"not_picked":["Seeing Red","Clash"],"picked":"Armaments"}],"player_experience":110413,"potions_floor_usage":[7,24],"damage_taken":[{"damage":4,"enemies":"Small Slimes","floor":1,"turns":5},{"damage":16,"enemies":"Blue Slaver","floor":2,"turns":3},{"damage":9,"enemies":"2 Louse","floor":3,"turns":3},{"damage":0,"enemies":"Large Slime","floor":4,"turns":4},{"damage":34,"enemies":"3 Sentries","floor":7,"turns":10},{"damage":18,"enemies":"The Mushroom Lair","floor":10,"turns":3},{"damage":6,"enemies":"2 Fungi Beasts","floor":12,"turns":3},{"damage":14,"enemies":"The Guardian","floor":16,"turns":5},{"damage":27,"enemies":"3 Byrds","floor":18,"turns":6},{"damage":40,"enemies":"2 Thieves","floor":21,"turns":5},{"damage":35,"enemies":"Book of Stabbing","floor":24,"turns":3},{"damage":29,"enemies":"Centurion and Healer","floor":27,"turns":7},{"damage":9,"enemies":"Snecko","floor":28,"turns":3},{"damage":30,"enemies":"Chosen and Byrds","floor":30,"turns":5},{"damage":66,"enemies":"Slavers","floor":31,"turns":7},{"damage":79,"enemies":"Automaton","floor":33,"turns":7},{"damage":40,"enemies":"3 Darklings","floor":35,"turns":6},{"damage":22,"enemies":"3 Shapes","floor":36,"turns":5},{"damage":42,"enemies":"Sphere and 2 Shapes","floor":39,"turns":6},{"damage":57,"enemies":"Nemesis","floor":41,"turns":7},{"damage":11,"enemies":"3 Darklings","floor":46,"turns":5},{"damage":21,"enemies":"4 Shapes","floor":48,"turns":5},{"damage":56,"enemies":"Time Eater","floor":50,"turns":8}],"event_choices":[{"event_name":"Purifier","player_choice":"One Purge","floor":5,"damage_taken":0},{"event_name":"Mushrooms","player_choice":"Fought Mushrooms","floor":10,"damage_taken":0},{"event_name":"Golden Shrine","player_choice":"Pray","floor":14,"damage_taken":0},{"event_name":"The Mausoleum","player_choice":"Yes","floor":19,"damage_taken":0},{"event_name":"Upgrade Shrine","player_choice":"Upgraded","floor":20,"damage_taken":0},{"event_name":"Duplicator","player_choice":"One dupe","floor":29,"damage_taken":0},{"event_name":"Tomb of Lord Red Mask","player_choice":"Paid","floor":45,"damage_taken":0},{"event_name":"Winding Halls","player_choice":"Embrace Madness","floor":47,"damage_taken":0}],"boss_relics":[{"not_picked":["Runic Dome","Runic Cube"],"picked":"Mark of Pain"},{"not_picked":["Orrery","Runic Pyramid"],"picked":"Sozu"}],"potions_floor_spawned":[1,3,12,24,27,28,30,33,39,48],"seed_played":"2187671753132682405","ascension_level":3,"is_trial":false}