{"path_per_floor":["M","?","M","$","M","E","R","E","T","M","E","M","?","M","R","B",null,"M","T","M","?","$"],"character_chosen":"IRONCLAD","items_purchased":["Strength Potion","Vajra"],"gold_per_floor":[118,118,130,7,19,54,54,80,80,92,126,139,169,179,179,280,280,246,271,283,198,45],"floor_reached":23,"campfire_rested":0,"playtime":1101,"current_hp_per_floor":[80,87,87,87,87,61,61,51,51,47,42,45,45,44,44,7,87,58,58,34,34,34],"items_purged":["Regret"],"gold":45,"score":232,"play_id":"dbadbb88-8777-46ce-91d6-5b635bbbfd15","is_prod":false,"is_daily":false,"is_ascension_mode":true,"campfire_upgraded":2,"path_taken":["M","?","M","$","M","E","R","E","T","M","E","M","?","M","R","BOSS","M","?","M","?","$","M"],"build_version":"2018-02-12-PROD1","purchased_purges":1,"victory":false,"master_deck":["Strike_R","Strike_R","Strike_R","Strike_R","Defend_R","Defend_R","Defend_R","Defend_R","Bash","Disarm+1","Shrug It Off","Inflame","Seeing Red+1","Heavy Blade","Pommel Strike","Dropkick","Barricade","Entrench"],"max_hp_per_floor":[80,87,87,87,87,87,87,87,87,87,87,87,87,87,87,87,87,87,87,87,87,87],"relics":["Burning Blood","Strawberry","Champion Belt","Juzu Bracelet","Gambling Chip","Letter Opener","Shovel","Black Star","Ancient Tea Set","Omamori","Vajra"],"card_choices":[{"not_picked":["Warcry","Intimidate"],"picked":"Disarm"},{"not_picked":["Flex","Rage"],"picked":"Shrug It Off"},{"not_picked":["Flex","Rupture"],"picked":"Inflame"},{"not_picked":["Battle Trance","Flame Barrier"],"picked":"Seeing Red"},{"not_picked":["Iron Wave","Twin Strike"],"picked":"Heavy Blade"},{"not_picked":["True Grit","Twin Strike"],"picked":"Pommel Strike"},{"not_picked":["True Grit","Warcry"],"picked":"Dropkick"},{"not_picked":["Brutality","Impervious"],"picked":"Barricade"},{"not_picked":["Cleave","Impervious"],"picked":"Entrench"}],"player_experience":203276,"potions_floor_usage":[6,8,8,11,16,16],"damage_taken":[{"damage":6,"enemies":"Small Slimes","floor":1,"turns":5},{"damage":3,"enemies":"2 Louse","floor":3,"turns":4},{"damage":5,"enemies":"Blue Slaver","floor":5,"turns":7},{"damage":32,"enemies":"Lagavulin","floor":6,"turns":10},{"damage":16,"enemies":"Gremlin Nob","floor":8,"turns":4},{"damage":10,"enemies":"3 Louse","floor":10,"turns":5},{"damage":11,"enemies":"Lagavulin","floor":11,"turns":7},{"damage":3,"enemies":"Looter","floor":12,"turns":3},{"damage":7,"enemies":"2 Fungi Beasts","floor":14,"turns":3},{"damage":43,"enemies":"Slime Boss","floor":16,"turns":13},{"damage":35,"enemies":"2 Thieves","floor":18,"turns":5},{"damage":30,"enemies":"Shell Parasite","floor":20,"turns":7},{"damage":45,"enemies":"Centurion and Healer","floor":23,"turns":5}],"event_choices":[{"event_name":"Big Fish","player_choice":"Box","floor":2,"damage_taken":0},{"event_name":"Dead Adventurer","player_choice":"Searched \u00272\u0027 times","floor":13,"damage_taken":0},{"event_name":"Addict","player_choice":"Obtained Relic","floor":21,"damage_taken":0}],"boss_relics":[{"not_picked":["Calling Bell","Black Blood"],"picked":"Black Star"}],"potions_floor_spawned":[5,6,10,12,14,20],"seed_played":"4097111222188435154","killed_by":"Centurion and Healer","ascension_level":2,"is_trial":false}