{"path_per_floor":["M","$","M","M","M","R","E","?","T","?","R","M","$","E","R","B",null,"M","?","?","M","M"],"character_chosen":"IRONCLAD","items_purchased":["Poison Potion"],"gold_per_floor":[117,42,52,72,92,92,119,119,144,144,144,154,2,36,36,135,135,149,149,64,82,99],"floor_reached":23,"campfire_rested":1,"playtime":2974,"current_hp_per_floor":[66,66,63,69,57,57,51,51,51,43,43,35,35,22,46,18,80,80,80,80,50,26],"items_purged":["Strike_R","Strike_R"],"gold":99,"score":221,"play_id":"77926ebe-7fab-4b9e-a6f9-e35a81a041b2","is_prod":false,"is_daily":false,"is_ascension_mode":true,"campfire_upgraded":2,"path_taken":["M","$","M","M","M","R","E","?","T","?","R","M","$","E","R","BOSS","M","?","?","M","M","E"],"build_version":"2018-02-08-PROD1","purchased_purges":2,"victory":false,"master_deck":["Strike_R","Strike_R","Defend_R","Defend_R","Defend_R","Defend_R","Bash","Metallicize+1","Berserk","Dual Wield+1","Iron Wave","Headbutt","True Grit","Immolate","Spot Weakness"],"max_hp_per_floor":[80,80,80,80,80,80,80,80,80,80,80,80,80,80,80,80,80,80,80,80,80,80],"relics":["Burning Blood","Kunai","Juzu Bracelet","Bottled Flame","Sozu","Bronze Scales","Smiling Mask"],"card_choices":[{"not_picked":["Sword Boomerang","Wild Strike"],"picked":"Metallicize"},{"not_picked":["Pummel","Perfected Strike"],"picked":"Berserk"},{"not_picked":["Wild Strike","Seeing Red"],"picked":"Dual Wield"},{"not_picked":["Flex","Thunderclap"],"picked":"Iron Wave"},{"not_picked":["Berserk","Twin Strike"],"picked":"Headbutt"},{"not_picked":["Perfected Strike","Iron Wave"],"picked":"True Grit"},{"not_picked":["Bludgeon","Berserk"],"picked":"Immolate"},{"not_picked":["Wild Strike","Headbutt"],"picked":"Spot Weakness"}],"player_experience":193161,"potions_floor_usage":[5,14,16],"damage_taken":[{"damage":20,"enemies":"Blue Slaver","floor":1,"turns":6},{"damage":9,"enemies":"Jaw Worm","floor":3,"turns":6},{"damage":0,"enemies":"Small Slimes","floor":4,"turns":6},{"damage":18,"enemies":"2 Fungi Beasts","floor":5,"turns":7},{"damage":12,"enemies":"Lagavulin","floor":7,"turns":23},{"damage":14,"enemies":"Red Slaver","floor":12,"turns":3},{"damage":19,"enemies":"Gremlin Nob","floor":14,"turns":7},{"damage":34,"enemies":"The Guardian","floor":16,"turns":16},{"damage":2,"enemies":"Shell Parasite","floor":18,"turns":12},{"damage":36,"enemies":"Chosen","floor":21,"turns":7},{"damage":30,"enemies":"Snake Plant","floor":22,"turns":6},{"damage":30,"enemies":"Slavers","floor":23,"turns":3}],"event_choices":[{"event_name":"The Woman in Blue","player_choice":"Bought 0 Potions","floor":8,"damage_taken":0},{"event_name":"Wheel of Change","player_choice":"Damage","floor":10,"damage_taken":0},{"event_name":"Wheel of Change","player_choice":"Relic","floor":19,"damage_taken":0},{"event_name":"Addict","player_choice":"Obtained Relic","floor":20,"damage_taken":0}],"boss_relics":[{"not_picked":["Question Card","Astrolabe"],"picked":"Sozu"}],"potions_floor_spawned":[3,5,14,16,18,22],"seed_played":"1813629767427716494","killed_by":"Slavers","ascension_level":2,"is_trial":false}