{"path_per_floor":["M","$","?","M","?","R","E","R","T","R","?","?","M","$","R","B",null,"M","?","?","$","?","E","R","M","T","M","R","M","M","M","R","B",null,"M","M","$","M","M","R","?","M","T","M","R","M","?","M","R"],"character_chosen":"IRONCLAD","items_purchased":["Whirlwind","Flex"],"gold_per_floor":[115,40,40,50,50,50,75,75,126,126,126,98,116,78,78,175,175,194,109,109,55,55,88,88,103,129,145,145,164,175,192,192,296,296,312,328,228,240,254,254,254,268,294,314,314,324,324,341,341],"floor_reached":50,"campfire_rested":5,"playtime":2575,"current_hp_per_floor":[77,77,82,81,81,81,55,55,55,55,48,48,48,48,73,23,70,68,68,68,68,68,45,45,40,40,42,42,45,39,45,70,69,81,73,23,23,29,52,77,77,33,33,31,56,43,32,9,34],"items_purged":["Strike_R","Injury"],"gold":341,"score":538,"play_id":"2f519930-36a5-474c-be2c-062e140337bd","is_prod":false,"is_daily":false,"is_ascension_mode":true,"campfire_upgraded":5,"path_taken":["M","$","?","M","?","R","E","R","T","R","?","?","M","?","R","BOSS","M","?","?","$","?","E","R","M","T","?","R","M","M","M","R","BOSS","M","M","$","M","M","R","?","M","T","M","R","?","?","M","R","BOSS"],"build_version":"2018-02-12-PROD1","purchased_purges":2,"victory":false,"master_deck":["Strike_R+1","Strike_R+1","Defend_R+1","Defend_R+1","Defend_R+1","Defend_R+1","Bash+1","Offering","Pommel Strike+1","Clothesline+1","Pommel Strike+1","Iron Wave","Whirlwind+1","Reaper","Pommel Strike+1","Flex","Limit Break+1","Headbutt","Battle Trance+1","Disarm","Flex","Spot Weakness","Ghostly Armor+1","Evolve+1","Writhe","Madness","Madness"],"max_hp_per_floor":[80,80,85,85,85,85,85,85,85,85,85,85,85,85,85,85,85,85,85,85,85,85,85,85,85,85,85,85,85,85,85,85,85,85,85,85,85,85,85,85,85,85,85,85,85,85,85,85,85],"relics":["Burning Blood","Prayer Wheel","Orichalcum","Cursed Key","Frozen Egg 2","Bag of Preparation","Anchor","Mark of Pain","Happy Flower"],"card_choices":[{"not_picked":["Perfected Strike","Dropkick"],"picked":"Offering"},{"not_picked":["Clash","Flex"],"picked":"Pommel Strike"},{"not_picked":["Infernal Blade","Shockwave"],"picked":"Clothesline"},{"not_picked":["Cleave","Thunderclap"],"picked":"Pommel Strike"},{"not_picked":["Warcry","Body Slam"],"picked":"Iron Wave"},{"not_picked":["Feed","Impervious"],"picked":"Reaper"},{"not_picked":["Wild Strike","Carnage"],"picked":"Limit Break"},{"not_picked":["Iron Wave","Havoc"],"picked":"Headbutt"},{"not_picked":["Havoc","Anger"],"picked":"Battle Trance"},{"not_picked":["Blood for Blood","Hemokinesis"],"picked":"Disarm"},{"not_picked":["Twin Strike","Metallicize"],"picked":"Flex"},{"not_picked":["Warcry","Havoc"],"picked":"Spot Weakness"},{"not_picked":["Corruption","Body Slam"],"picked":"Ghostly Armor"},{"not_picked":["Bloodletting","Body Slam"],"picked":"Evolve"}],"player_experience":162070,"potions_floor_usage":[23,48,48,50],"damage_taken":[{"damage":1,"enemies":"2 Louse","floor":1,"turns":3},{"damage":7,"enemies":"Jaw Worm","floor":4,"turns":4},{"damage":32,"enemies":"Gremlin Nob","floor":7,"turns":4},{"damage":6,"enemies":"Small Slimes","floor":13,"turns":3},{"damage":56,"enemies":"Hexaghost","floor":16,"turns":10},{"damage":8,"enemies":"Shell Parasite","floor":18,"turns":4},{"damage":35,"enemies":"Book of Stabbing","floor":23,"turns":5},{"damage":23,"enemies":"2 Thieves","floor":25,"turns":3},{"damage":4,"enemies":"Sentry and Sphere","floor":27,"turns":1},{"damage":3,"enemies":"Centurion and Healer","floor":29,"turns":5},{"damage":16,"enemies":"Snake Plant","floor":30,"turns":4},{"damage":4,"enemies":"3 Cultists","floor":31,"turns":2},{"damage":18,"enemies":"Champ","floor":33,"turns":10},{"damage":14,"enemies":"Orb Walker","floor":35,"turns":3},{"damage":56,"enemies":"3 Shapes","floor":36,"turns":3},{"damage":0,"enemies":"3 Darklings","floor":38,"turns":2},{"damage":31,"enemies":"4 Shapes","floor":39,"turns":6},{"damage":50,"enemies":"Sphere and 2 Shapes","floor":42,"turns":6},{"damage":8,"enemies":"Maw","floor":44,"turns":7},{"damage":35,"enemies":"4 Shapes","floor":46,"turns":5},{"damage":33,"enemies":"Sphere and 2 Shapes","floor":48,"turns":5},{"damage":81,"enemies":"Awakened One","floor":50,"turns":7}],"event_choices":[{"event_name":"Big Fish","player_choice":"Donut","floor":3,"damage_taken":0},{"event_name":"Purifier","player_choice":"One Purge","floor":5,"damage_taken":0},{"event_name":"Golden Wing","player_choice":"Card Removal","floor":11,"damage_taken":0},{"event_name":"World of Goop","player_choice":"Left","floor":12,"damage_taken":0},{"event_name":"Addict","player_choice":"Obtained Relic","floor":19,"damage_taken":0},{"event_name":"Duplicator","player_choice":"One dupe","floor":20,"damage_taken":0},{"event_name":"Back to Basics","player_choice":"Simplicity","floor":22,"damage_taken":0},{"event_name":"Mysterious Sphere","player_choice":"Ignore","floor":41,"damage_taken":0},{"event_name":"Winding Halls","player_choice":"Embrace Madness","floor":47,"damage_taken":0}],"boss_relics":[{"not_picked":["Eternal Feather","Runic Cube"],"picked":"Cursed Key"},{"not_picked":["Lizard Tail","Tiny House"],"picked":"Mark of Pain"}],"potions_floor_spawned":[4,13,16,23,27,31,38,39,46],"seed_played":"-3600039848979394914","killed_by":"Awakened One","ascension_level":6,"is_trial":false}