{"path_per_floor":["M","?","M","?","M","E","M","R","T","R","M","$","M","M","R","B",null,"M","M","$","M","M","R","E","R","T"],"character_chosen":"IRONCLAD","items_purchased":["Infernal Blade","Sentinel"],"gold_per_floor":[117,117,137,137,152,178,194,194,220,220,239,131,146,159,159,263,263,280,297,118,138,157,157,190,190,215],"floor_reached":27,"campfire_rested":1,"playtime":1334,"current_hp_per_floor":[80,80,78,78,80,45,31,55,55,55,44,44,52,49,49,57,80,73,67,67,74,64,64,29,29,29],"items_purged":["Normality","Strike_R"],"gold":215,"score":344,"play_id":"32106f6f-71d5-4589-b3ad-08dc4a79d893","is_prod":false,"is_daily":false,"is_ascension_mode":true,"campfire_upgraded":4,"path_taken":["M","?","?","?","M","E","M","R","T","R","?","$","M","M","R","BOSS","M","M","$","M","M","R","E","R","T","E"],"build_version":"2018-02-15-PROD1","purchased_purges":2,"victory":false,"master_deck":["Strike_R","Defend_R","Defend_R","Defend_R","Defend_R","Bash+1","Spot Weakness","Intimidate","Disarm+1","Pommel Strike+1","Iron Wave+1","Infernal Blade+1","Body Slam+1","Dropkick+1","Limit Break+1","Exhume+1","Demon Form+1","Headbutt+1","True Grit+1","Pommel Strike+1","Sentinel","Body Slam+1"],"max_hp_per_floor":[80,80,80,80,80,80,80,80,80,80,80,80,80,80,80,80,80,80,80,80,80,80,80,80,80,80],"relics":["Burning Blood","Molten Egg 2","Lantern","Blood Vial","Astrolabe","Bottled Flame","Anchor"],"card_choices":[{"not_picked":["Wild Strike","Heavy Blade"],"picked":"Spot Weakness"},{"not_picked":["Armaments","Clothesline"],"picked":"Intimidate"},{"not_picked":["Sword Boomerang","Clothesline"],"picked":"Disarm"},{"not_picked":["Warcry","Heavy Blade"],"picked":"Pommel Strike"},{"not_picked":["Cleave","Fiend Fire"],"picked":"Iron Wave"},{"not_picked":["Perfected Strike","Clash"],"picked":"Body Slam"},{"not_picked":["Disarm","Clash"],"picked":"Dropkick"},{"not_picked":["Brutality","Exhume"],"picked":"Limit Break"},{"not_picked":["Ghostly Armor","Anger"],"picked":"True Grit"},{"not_picked":["Clothesline","Flex"],"picked":"Pommel Strike"},{"not_picked":["Sentinel","Twin Strike"],"picked":"Body Slam"}],"player_experience":224758,"potions_floor_usage":[16,16,24,24],"damage_taken":[{"damage":6,"enemies":"Cultist","floor":1,"turns":3},{"damage":8,"enemies":"Jaw Worm","floor":3,"turns":4},{"damage":2,"enemies":"Small Slimes","floor":5,"turns":3},{"damage":41,"enemies":"Gremlin Nob","floor":6,"turns":5},{"damage":20,"enemies":"2 Fungi Beasts","floor":7,"turns":4},{"damage":19,"enemies":"Red Slaver","floor":11,"turns":5},{"damage":0,"enemies":"3 Louse","floor":13,"turns":2},{"damage":11,"enemies":"Gremlin Gang","floor":14,"turns":4},{"damage":0,"enemies":"Hexaghost","floor":16,"turns":7},{"damage":13,"enemies":"Chosen","floor":18,"turns":5},{"damage":14,"enemies":"Shell Parasite","floor":19,"turns":7},{"damage":12,"enemies":"3 Cultists","floor":21,"turns":5},{"damage":18,"enemies":"Centurion and Healer","floor":22,"turns":9},{"damage":43,"enemies":"Slavers","floor":24,"turns":7},{"damage":31,"enemies":"Gremlin Leader","floor":27,"turns":8}],"event_choices":[{"event_name":"Accursed Blacksmith","player_choice":"Rummage","floor":2,"damage_taken":0},{"event_name":"Liars Game","player_choice":"disagreed","floor":4,"damage_taken":0}],"boss_relics":[{"not_picked":["Tiny House","Snecko Eye"],"picked":"Astrolabe"}],"potions_floor_spawned":[1,5,7,14,16,18],"seed_played":"-5740903541026161745","killed_by":"Gremlin Leader","ascension_level":4,"is_trial":false}