{"path_per_floor":["M","?","?","?","$","R","M","M","T","E","R","M","M","M","R","B",null,"M","M","?","$","M","R","M","R","T","?","T","T","R","M","R","B",null,"M","?","$","M","?","R","$","$","T","M","?","?","?","M","R"],"character_chosen":"IRONCLAD","items_purchased":["Battle Trance","Inflame","Bottled Tornado","Vajra"],"gold_per_floor":[110,110,110,110,35,35,51,61,61,125,125,140,158,178,178,275,275,293,309,309,237,251,251,265,265,289,289,357,404,404,414,414,512,512,526,526,132,143,143,143,143,143,167,179,0,0,0,13,13],"floor_reached":50,"campfire_rested":3,"playtime":3550,"current_hp_per_floor":[76,69,53,58,58,58,64,64,64,39,39,40,43,49,74,26,85,85,78,78,78,59,59,54,54,54,54,54,54,54,47,72,58,85,85,75,75,75,75,75,75,75,75,66,66,66,66,59,84],"items_purged":[],"gold":13,"play_id":"a17364bf-1f04-44fb-a5a8-1b404f5ebb8b","is_prod":false,"is_daily":false,"is_ascension_mode":false,"campfire_upgraded":6,"path_taken":["M","?","?","?","?","R","M","M","T","E","R","M","M","?","R","BOSS","M","M","?","$","M","R","M","R","T","?","?","?","R","M","R","BOSS","M","?","$","M","?","R","?","$","T","M","?","?","?","M","R","BOSS"],"build_version":"2018-02-01-PROD3","purchased_purges":6,"victory":false,"master_deck":["Strike_R","Strike_R+1","Strike_R","Strike_R","Defend_R","Defend_R","Defend_R+1","Defend_R","Perfected Strike+1","Battle Trance+1","Twin Strike","Perfected Strike+1","Offering+1","Evolve+1","Shrug It Off+1","Iron Wave","Barricade+1","Metallicize+1","Inflame","Shrug It Off+1","Double Tap+1","Flex+1","Madness","Madness","Metallicize+1"],"max_hp_per_floor":[80,80,80,85,85,85,85,85,85,85,85,85,85,85,85,85,85,85,85,85,85,85,85,85,85,85,85,85,85,85,85,85,85,85,85,85,85,85,85,85,85,85,85,85,85,85,85,85,85],"relics":["Burning Blood","Tiny Chest","Mark of Pain","War Paint","Nloth\u0027s Gift","Meat on the Bone","Juzu Bracelet","Sozu","Bottled Tornado","Vajra","Oddly Smooth Stone","Red Mask"],"card_choices":[{"not_picked":["Body Slam","Pummel"],"picked":"Perfected Strike"},{"not_picked":["Cleave","Anger"],"picked":"Twin Strike"},{"not_picked":["Dropkick","Headbutt"],"picked":"Perfected Strike"},{"not_picked":["Flame Barrier","Heavy Blade"],"picked":"Offering"},{"not_picked":["True Grit","Second Wind"],"picked":"Evolve"},{"not_picked":["Evolve","Rage"],"picked":"Shrug It Off"},{"not_picked":["Perfected Strike","Armaments"],"picked":"Iron Wave"},{"not_picked":["Juggernaut","Bludgeon"],"picked":"Barricade"},{"not_picked":["Clash","Seeing Red"],"picked":"Metallicize"},{"not_picked":["Headbutt","Hemokinesis"],"picked":"Shrug It Off"},{"not_picked":["Juggernaut","Reaper"],"picked":"Double Tap"},{"not_picked":["Infernal Blade","Shrug It Off"],"picked":"Flex"},{"not_picked":["Corruption","Uppercut"],"picked":"Metallicize"}],"player_experience":80716,"potions_floor_usage":[13,22,33,33],"damage_taken":[{"damage":10,"enemies":"Blue Slaver","floor":1,"turns":7},{"damage":0,"enemies":"2 Louse","floor":7,"turns":2},{"damage":6,"enemies":"Jaw Worm","floor":8,"turns":2},{"damage":31,"enemies":"Lagavulin","floor":10,"turns":5},{"damage":5,"enemies":"Looter","floor":12,"turns":3},{"damage":15,"enemies":"Exordium Thugs","floor":13,"turns":5},{"damage":0,"enemies":"Gremlin Gang","floor":14,"turns":4},{"damage":54,"enemies":"The Guardian","floor":16,"turns":10},{"damage":0,"enemies":"Chosen","floor":18,"turns":4},{"damage":13,"enemies":"3 Byrds","floor":19,"turns":5},{"damage":25,"enemies":"Slaver and Parasite","floor":22,"turns":5},{"damage":11,"enemies":"Centurion and Healer","floor":24,"turns":7},{"damage":25,"enemies":"Sentry and Sphere","floor":31,"turns":5},{"damage":20,"enemies":"Collector","floor":33,"turns":14},{"damage":2,"enemies":"3 Shapes","floor":35,"turns":6},{"damage":6,"enemies":"Orb Walker","floor":38,"turns":2},{"damage":15,"enemies":"Sphere and 2 Shapes","floor":44,"turns":8},{"damage":25,"enemies":"3 Darklings","floor":48,"turns":6},{"damage":92,"enemies":"Awakened One","floor":50,"turns":6}],"event_choices":[{"event_name":"Golden Wing","player_choice":"Card Removal","floor":2,"damage_taken":0},{"event_name":"Shining Light","player_choice":"Entered Light","floor":3,"damage_taken":0},{"event_name":"Big Fish","player_choice":"Donut","floor":4,"damage_taken":0},{"event_name":"Vampires","player_choice":"Ignored","floor":20,"damage_taken":0},{"event_name":"N\u0027loth","player_choice":"Traded a Ginger","floor":27,"damage_taken":0},{"event_name":"Winding Halls","player_choice":"Embrace Madness","floor":36,"damage_taken":0},{"event_name":"Mysterious Sphere","player_choice":"Ignore","floor":39,"damage_taken":0},{"event_name":"Tomb of Lord Red Mask","player_choice":"Paid","floor":45,"damage_taken":0},{"event_name":"Upgrade Shrine","player_choice":"Upgraded","floor":46,"damage_taken":0},{"event_name":"The Lab","player_choice":"Got Potions","floor":47,"damage_taken":0}],"boss_relics":[{"not_picked":["White Beast Statue","Calling Bell"],"picked":"Mark of Pain"},{"not_picked":["Tiny House","Runic Cube"],"picked":"Sozu"}],"potions_floor_spawned":[8,10,12,14,18,24,31,35,38,48],"seed_played":"-5776130392535902418","killed_by":"Awakened One","ascension_level":0,"is_trial":false}