{"path_per_floor":["M","?","?","M","?","R","E","M","T","E","R","E","?","M","R","B",null,"M","?","M","$","M","R","M","?","T","?","E","R","E","M","R"],"character_chosen":"IRONCLAD","items_purchased":["Magic Flower","Carnage","Spot Weakness"],"gold_per_floor":[115,115,115,136,136,136,177,193,218,251,251,286,286,306,306,434,434,457,457,477,58,71,71,96,96,120,45,78,378,412,428,428],"floor_reached":33,"campfire_rested":5,"playtime":1591,"current_hp_per_floor":[88,93,70,68,68,93,69,74,74,54,81,46,43,50,78,24,96,99,99,55,55,25,54,60,109,109,109,109,109,53,21,53],"items_purged":[],"gold":428,"score":389,"play_id":"5a2f5d0a-7ef8-4ef0-b589-00a1a16f9f9b","is_prod":false,"is_daily":false,"is_ascension_mode":true,"campfire_upgraded":0,"path_taken":["M","?","?","M","?","R","E","M","T","E","R","E","?","M","R","BOSS","M","?","M","$","M","R","M","?","T","?","E","R","E","M","R","BOSS"],"build_version":"2018-02-12-PROD1","purchased_purges":1,"victory":false,"master_deck":["Strike_R","Strike_R","Strike_R","Defend_R","Defend_R","Defend_R","Defend_R","Bash","Thunderclap","Whirlwind","Pummel","Barricade","Warcry","Armaments","Headbutt","Offering","Shrug It Off","Inflame","Warcry","Armaments","Flex+1","Demon Form","Carnage","Spot Weakness","Iron Wave","Flex+1","Infernal Blade+1","Iron Wave"],"max_hp_per_floor":[88,93,93,93,93,93,93,93,93,93,93,93,93,96,96,96,96,99,99,99,99,99,99,99,109,109,109,109,109,109,109,109],"relics":["Burning Blood","Golden Idol","Prayer Wheel","Orichalcum","Shovel","Bottled Tornado","Orrery","Nloth\u0027s Gift","Magic Flower","Bag of Preparation","Happy Flower","Old Coin","Girya"],"card_choices":[{"not_picked":["Fire Breathing","True Grit"],"picked":"Thunderclap"},{"not_picked":["Perfected Strike","Reckless Charge"],"picked":"Pummel"},{"not_picked":["Second Wind","Hemokinesis"],"picked":"Barricade"},{"not_picked":["Hemokinesis","Reckless Charge"],"picked":"Warcry"},{"not_picked":["Hemokinesis","Wild Strike"],"picked":"Armaments"},{"not_picked":["Flex","Perfected Strike"],"picked":"Feed"},{"not_picked":["Sword Boomerang","Clash"],"picked":"Headbutt"},{"not_picked":["Barricade","Limit Break"],"picked":"Offering"},{"not_picked":["Pummel","True Grit"],"picked":"Shrug It Off"},{"not_picked":["Iron Wave","Cleave"],"picked":"Inflame"},{"not_picked":["Wild Strike","Twin Strike"],"picked":"Warcry"},{"not_picked":["Warcry","Power Through"],"picked":"Armaments"},{"not_picked":["Clothesline","Anger"],"picked":"Flex"},{"not_picked":["Disarm","Infernal Blade"],"picked":"Demon Form"},{"not_picked":["Armaments","Rage"],"picked":"Iron Wave"},{"not_picked":["Corruption","Havoc"],"picked":"Flex"},{"not_picked":["Feel No Pain","Perfected Strike"],"picked":"Infernal Blade"},{"not_picked":["Demon Form","Warcry"],"picked":"Iron Wave"}],"player_experience":168261,"potions_floor_usage":[12,16,24,31,33],"damage_taken":[{"damage":0,"enemies":"2 Louse","floor":1,"turns":2},{"damage":8,"enemies":"Small Slimes","floor":4,"turns":3},{"damage":30,"enemies":"3 Sentries","floor":7,"turns":6},{"damage":1,"enemies":"Cultist","floor":8,"turns":3},{"damage":26,"enemies":"Gremlin Nob","floor":10,"turns":5},{"damage":41,"enemies":"Lagavulin","floor":12,"turns":9},{"damage":2,"enemies":"3 Louse","floor":14,"turns":2},{"damage":60,"enemies":"The Guardian","floor":16,"turns":18},{"damage":4,"enemies":"3 Byrds","floor":18,"turns":6},{"damage":50,"enemies":"Shell Parasite","floor":20,"turns":9},{"damage":39,"enemies":"Cultist and Chosen","floor":22,"turns":5},{"damage":18,"enemies":"Centurion and Healer","floor":24,"turns":4},{"damage":9,"enemies":"Gremlin Leader","floor":28,"turns":6},{"damage":65,"enemies":"Slavers","floor":30,"turns":5},{"damage":66,"enemies":"Sentry and Sphere","floor":31,"turns":8},{"damage":61,"enemies":"Champ","floor":33,"turns":9}],"event_choices":[{"event_name":"Big Fish","player_choice":"Donut","floor":2,"damage_taken":0},{"event_name":"Golden Idol","player_choice":"Take Damage","floor":3,"damage_taken":0},{"event_name":"Living Wall","player_choice":"Change","floor":5,"damage_taken":0},{"event_name":"Scrap Ooze","player_choice":"success","floor":13,"damage_taken":3},{"event_name":"N\u0027loth","player_choice":"Traded a Juzu Bracelet","floor":19,"damage_taken":0},{"event_name":"Bonfire Elementals","player_choice":"RARE","floor":25,"damage_taken":0},{"event_name":"Beggar","player_choice":"Gave Gold","floor":27,"damage_taken":0}],"boss_relics":[{"not_picked":["Astrolabe","Lizard Tail"],"picked":"Orrery"}],"potions_floor_spawned":[1,4,7,12,22,28,30],"seed_played":"-6164111396055887765","killed_by":"Champ","ascension_level":4,"is_trial":false}