{"path_per_floor":["M","M","$","M","M","R","E","?","T","R","E","R","M","M","R","B",null,"M","M","?","M","M","R","$","R","T","R","M","M","$","?","R","B",null,"M","M","M","$","M","R","M"],"character_chosen":"IRONCLAD","items_purchased":["Strength Potion","Lantern","Headbutt","Flash of Steel"],"gold_per_floor":[111,123,0,20,39,39,64,64,64,64,98,98,123,144,144,273,273,288,304,304,324,342,342,90,90,90,90,104,119,68,68,68,191,191,216,235,255,37,52,52,65],"floor_reached":42,"campfire_rested":2,"playtime":2377,"current_hp_per_floor":[80,80,80,77,76,76,76,76,76,76,74,74,62,51,51,32,87,79,71,71,45,45,45,45,45,59,89,87,72,72,72,72,8,101,98,75,23,23,17,47,29],"items_purged":["Strike_R","Strike_R","Defend_R"],"gold":65,"score":425,"play_id":"3d6b4bb5-6180-4488-8aaf-64cc0f4751b0","is_prod":false,"is_daily":false,"is_ascension_mode":true,"campfire_upgraded":7,"path_taken":["M","M","$","M","M","R","E","?","T","R","E","R","M","M","R","BOSS","M","M","?","M","?","R","$","R","T","R","M","M","?","?","R","BOSS","M","M","M","$","M","R","M","E"],"build_version":"2018-02-08-PROD1","purchased_purges":3,"victory":false,"master_deck":["Strike_R","Strike_R","Defend_R","Defend_R","Defend_R","Bash","Cleave","Rampage+1","Spot Weakness+1","Metallicize+1","Immolate","Injury","Headbutt","Bloodletting+1","Offering+1","Writhe","Clash+1","Shrug It Off+1","Armaments+1","Headbutt","Disarm","Twin Strike+1","Disarm+1","Flash of Steel","Seeing Red+1"],"max_hp_per_floor":[80,80,80,80,80,80,87,87,87,87,87,87,87,87,87,87,87,87,87,87,87,87,87,87,87,101,101,101,101,101,101,101,101,101,101,101,101,101,101,101,101],"relics":["Burning Blood","Strawberry","Golden Idol","Ancient Tea Set","Orichalcum","Sozu","Bag of Marbles","Lantern","Mango","Cursed Key"],"card_choices":[{"not_picked":["Rupture","Perfected Strike"],"picked":"Cleave"},{"not_picked":["Rage","Clash"],"picked":"Rampage"},{"not_picked":["Bloodletting","Flex"],"picked":"Spot Weakness"},{"not_picked":["Wild Strike","Havoc"],"picked":"Metallicize"},{"not_picked":["Entrench","True Grit"],"picked":"Immolate"},{"not_picked":["Combust","Rage"],"picked":"Headbutt"},{"not_picked":["Hemokinesis","Clash"],"picked":"Bloodletting"},{"not_picked":["Fiend Fire","Brutality"],"picked":"Offering"},{"not_picked":["Anger","Sword Boomerang"],"picked":"Clash"},{"not_picked":["Cleave","Headbutt"],"picked":"Shrug It Off"},{"not_picked":["Flex","True Grit"],"picked":"Armaments"},{"not_picked":["Sword Boomerang","Rampage"],"picked":"Disarm"},{"not_picked":["Clothesline","Havoc"],"picked":"Twin Strike"},{"not_picked":["Armaments","Flex"],"picked":"Disarm"},{"not_picked":["Clash","Heavy Blade"],"picked":"Seeing Red"}],"player_experience":188817,"potions_floor_usage":[7,7,11,11],"damage_taken":[{"damage":4,"enemies":"Small Slimes","floor":1,"turns":4},{"damage":5,"enemies":"2 Louse","floor":2,"turns":3},{"damage":9,"enemies":"Blue Slaver","floor":4,"turns":5},{"damage":7,"enemies":"Looter","floor":5,"turns":3},{"damage":13,"enemies":"Gremlin Nob","floor":7,"turns":3},{"damage":8,"enemies":"Lagavulin","floor":11,"turns":7},{"damage":18,"enemies":"Exordium Wildlife","floor":13,"turns":4},{"damage":17,"enemies":"Lots of Slimes","floor":14,"turns":3},{"damage":25,"enemies":"Slime Boss","floor":16,"turns":9},{"damage":14,"enemies":"3 Byrds","floor":18,"turns":5},{"damage":14,"enemies":"Shell Parasite","floor":19,"turns":4},{"damage":32,"enemies":"Snake Plant","floor":21,"turns":4},{"damage":6,"enemies":"Cultist and Chosen","floor":22,"turns":4},{"damage":8,"enemies":"Centurion and Healer","floor":28,"turns":5},{"damage":21,"enemies":"Sentry and Sphere","floor":29,"turns":5},{"damage":70,"enemies":"Automaton","floor":33,"turns":11},{"damage":9,"enemies":"Orb Walker","floor":35,"turns":3},{"damage":29,"enemies":"3 Darklings","floor":36,"turns":5},{"damage":58,"enemies":"Maw","floor":37,"turns":7},{"damage":12,"enemies":"Sphere and 2 Shapes","floor":39,"turns":10},{"damage":24,"enemies":"3 Darklings","floor":41,"turns":5},{"damage":38,"enemies":"2 Orb Walkers","floor":42,"turns":2}],"event_choices":[{"event_name":"Golden Idol","player_choice":"Take Wound","floor":8,"damage_taken":0},{"event_name":"The Mausoleum","player_choice":"Yes","floor":20,"damage_taken":0},{"event_name":"Drug Dealer","player_choice":"Ignored","floor":31,"damage_taken":0}],"boss_relics":[{"not_picked":["Philosopher\u0027s Stone","Eternal Feather"],"picked":"Sozu"},{"not_picked":["Tiny House","White Beast Statue"],"picked":"Cursed Key"}],"potions_floor_spawned":[1,4,7,14,19,22,33,35,36],"seed_played":"7263597828267778874","killed_by":"2 Orb Walkers","ascension_level":2,"is_trial":false}