{"path_per_floor":["M","$","?","$","M","R","?","E","T","R","M","M","R","M","R","B",null,"M","$","M","?","M","R","?","M","T","$","R","?","R","M","R","B",null,"M","M","?","M","$","E","R","E","T","M","R","M","R","M","R","B"],"character_chosen":"IRONCLAD","items_purchased":["Happy Flower"],"gold_per_floor":[111,36,36,36,54,54,54,80,107,107,126,137,137,156,156,259,259,277,177,197,197,217,217,142,154,177,52,52,52,52,62,62,159,159,176,194,194,207,52,82,82,108,108,118,118,128,128,143,143,143],"floor_reached":51,"campfire_rested":2,"playtime":1705,"current_hp_per_floor":[77,77,77,77,75,75,88,80,80,80,86,88,88,88,88,19,71,76,76,64,64,60,60,60,53,53,53,79,63,88,86,86,63,82,78,88,88,88,88,88,88,95,95,86,86,99,99,101,101,73],"items_purged":["Strike_R","Strike_R","Strike_R"],"gold":143,"score":767,"play_id":"40272af4-8dec-49df-a0fe-13238b856841","is_prod":false,"is_daily":false,"is_ascension_mode":true,"campfire_upgraded":9,"path_taken":["M","$","?","?","M","R","?","E","T","R","M","?","R","M","R","BOSS","M","?","M","?","M","R","?","M","T","$","R","?","R","M","R","BOSS","M","M","?","M","$","E","R","E","T","M","R","M","R","M","R","BOSS"],"build_version":"2018-02-15-PROD1","purchased_purges":3,"victory":true,"master_deck":["Defend_R","Defend_R","Defend_R","Defend_R","Bash","Searing Blow+9","Shockwave","Armaments+1","Spot Weakness","Intimidate","Double Tap","Reaper","Headbutt","Reaper","Headbutt+1","Ghostly Armor+1"],"max_hp_per_floor":[88,88,88,88,88,88,88,88,88,88,88,88,88,88,88,88,88,88,88,88,88,88,88,88,88,88,88,88,88,88,88,88,88,88,88,88,88,88,88,88,88,95,95,97,97,99,99,101,101,101],"relics":["Burning Blood","Peace Pipe","Omamori","Velvet Choker","Art of War","Oddly Smooth Stone","Necronomicon","Black Star","Happy Flower","Ancient Tea Set","Dream Catcher","Strawberry","Singing Bowl","Shovel"],"card_choices":[{"not_picked":["Evolve","Fire Breathing"],"picked":"Searing Blow"},{"not_picked":["Corruption","Ghostly Armor"],"picked":"Shockwave"},{"not_picked":["True Grit","Infernal Blade"],"picked":"Armaments"},{"not_picked":["Combust","Havoc"],"picked":"Spot Weakness"},{"not_picked":["Warcry","Cleave"],"picked":"Intimidate"},{"not_picked":["Rampage","Flex"],"picked":"Double Tap"},{"not_picked":["Exhume","Impervious"],"picked":"Reaper"},{"not_picked":["Flex","Shockwave"],"picked":"Headbutt"},{"not_picked":["Bludgeon","Brutality"],"picked":"Reaper"},{"not_picked":["Twin Strike","Cleave"],"picked":"Headbutt"},{"not_picked":["Pommel Strike","Uppercut"],"picked":"Ghostly Armor"}],"player_experience":222581,"potions_floor_usage":[8,12,25,33,36,36,40,44,44,50,50],"damage_taken":[{"damage":9,"enemies":"Jaw Worm","floor":1,"turns":5},{"damage":8,"enemies":"Small Slimes","floor":5,"turns":5},{"damage":26,"enemies":"3 Sentries","floor":8,"turns":6},{"damage":0,"enemies":"Cultist","floor":11,"turns":3},{"damage":3,"enemies":"Exordium Thugs","floor":12,"turns":5},{"damage":6,"enemies":"Looter","floor":14,"turns":3},{"damage":75,"enemies":"Hexaghost","floor":16,"turns":8},{"damage":18,"enemies":"3 Byrds","floor":18,"turns":5},{"damage":31,"enemies":"Shell Parasite","floor":20,"turns":6},{"damage":10,"enemies":"Centurion and Healer","floor":22,"turns":4},{"damage":13,"enemies":"Snake Plant","floor":25,"turns":2},{"damage":22,"enemies":"3 Cultists","floor":31,"turns":5},{"damage":55,"enemies":"Automaton","floor":33,"turns":8},{"damage":10,"enemies":"Orb Walker","floor":35,"turns":2},{"damage":39,"enemies":"3 Darklings","floor":36,"turns":5},{"damage":0,"enemies":"4 Shapes","floor":38,"turns":7},{"damage":8,"enemies":"Nemesis","floor":40,"turns":5},{"damage":3,"enemies":"Giant Head","floor":42,"turns":5},{"damage":27,"enemies":"Sphere and 2 Shapes","floor":44,"turns":6},{"damage":0,"enemies":"Maw","floor":46,"turns":4},{"damage":8,"enemies":"4 Shapes","floor":48,"turns":5},{"damage":71,"enemies":"Awakened One","floor":50,"turns":6}],"event_choices":[{"event_name":"Living Wall","player_choice":"Grow","floor":3,"damage_taken":0},{"event_name":"Big Fish","player_choice":"Banana","floor":7,"damage_taken":0},{"event_name":"The Mausoleum","player_choice":"Yes","floor":21,"damage_taken":0},{"event_name":"Beggar","player_choice":"Gave Gold","floor":24,"damage_taken":0},{"event_name":"Cursed Tome","player_choice":"Obtained Book","floor":29,"damage_taken":0},{"event_name":"The Lab","player_choice":"Got Potions","floor":37,"damage_taken":0}],"boss_relics":[{"not_picked":["Tiny House","Sozu"],"picked":"Velvet Choker"},{"not_picked":["Runic Dome","Runic Pyramid"],"picked":"Black Star"}],"potions_floor_spawned":[1,5,16,18,22,25,35,36,42,48],"seed_played":"1591668475600657477","ascension_level":6,"is_trial":false}