{"path_per_floor":["M","?","?","?","T","R","M","E","T","M","M","$","M","?","R","B",null,"M","?","?","M","M","R","M","?","T","$","R","M","?","M","R","B",null,"M","M","?","M","?","R","E","M","T","R","?","M","M","M","R","B"],"character_chosen":"IRONCLAD","items_purchased":["Reaper"],"gold_per_floor":[110,110,110,110,182,182,195,228,228,247,264,114,127,127,127,224,224,224,224,224,149,149,149,149,149,149,49,49,49,49,49,49,49,49,49,49,49,49,49,49,49,49,49,49,0,0,0,0,0,0],"floor_reached":51,"campfire_rested":2,"playtime":3734,"current_hp_per_floor":[73,73,73,73,73,73,73,39,39,44,55,55,50,50,74,49,72,83,83,83,58,53,53,53,36,36,36,63,62,62,63,63,64,84,82,86,75,91,91,91,101,101,101,101,101,101,101,101,101,101],"items_purged":["Strike_R","Strike_R"],"gold":0,"score":938,"play_id":"7629d3c5-11b1-492a-8a5b-12b243bc7156","is_prod":false,"is_daily":false,"is_ascension_mode":true,"campfire_upgraded":6,"path_taken":["M","?","?","?","?","R","M","E","T","M","M","$","?","?","R","BOSS","M","?","?","M","M","R","M","?","T","$","R","M","?","M","R","BOSS","M","?","?","M","?","R","E","M","T","R","?","M","M","M","R","BOSS"],"build_version":"2018-02-12-PROD1","purchased_purges":2,"victory":true,"master_deck":["Defend_R","Defend_R","Defend_R","Defend_R","Bash","Uppercut+1","Battle Trance+1","Body Slam+1","Corruption+1","Iron Wave+1","Reaper","Cleave+1","Fiend Fire+1","Ghostly Armor+1","Sever Soul","Flex+1","Shrug It Off","Feel No Pain+1","Barricade+1","Flame Barrier+1","Impervious","Madness"],"max_hp_per_floor":[80,80,80,80,80,80,80,80,80,80,80,80,80,80,80,80,80,83,83,83,83,86,86,86,91,91,91,91,91,91,91,91,91,91,91,91,91,91,91,91,101,101,101,101,101,101,101,101,101,101],"relics":["Black Blood","Blood Vial","Dodecahedron","Meat on the Bone","Dead Branch","Ectoplasm","Whetstone","Pear","Bag of Marbles","Red Mask"],"card_choices":[{"not_picked":["Cleave","Twin Strike"],"picked":"Uppercut"},{"not_picked":["Warcry","True Grit"],"picked":"Battle Trance"},{"not_picked":["Anger","Corruption"],"picked":"Body Slam"},{"not_picked":["Feel No Pain","Thunderclap"],"picked":"Corruption"},{"not_picked":["Reckless Charge","Perfected Strike"],"picked":"Iron Wave"},{"not_picked":["Searing Blow","Battle Trance"],"picked":"Cleave"},{"not_picked":["Immolate","Double Tap"],"picked":"Fiend Fire"},{"not_picked":["Inflame","True Grit"],"picked":"Ghostly Armor"},{"not_picked":["Uppercut","Shockwave"],"picked":"Flex"},{"not_picked":["Flex","Spot Weakness"],"picked":"Shrug It Off"},{"not_picked":["Inflame","True Grit"],"picked":"Feel No Pain"},{"not_picked":["Sword Boomerang","Wild Strike"],"picked":"Flame Barrier"},{"not_picked":["Demon Form","Brutality"],"picked":"Impervious"}],"player_experience":180582,"potions_floor_usage":[16,31],"damage_taken":[{"damage":7,"enemies":"Jaw Worm","floor":1,"turns":6},{"damage":8,"enemies":"Blue Slaver","floor":7,"turns":5},{"damage":42,"enemies":"Lagavulin","floor":8,"turns":7},{"damage":15,"enemies":"Small Slimes","floor":10,"turns":4},{"damage":9,"enemies":"2 Fungi Beasts","floor":11,"turns":4},{"damage":21,"enemies":"Exordium Thugs","floor":13,"turns":6},{"damage":50,"enemies":"The Guardian","floor":16,"turns":8},{"damage":0,"enemies":"Chosen","floor":18,"turns":2},{"damage":43,"enemies":"2 Thieves","floor":21,"turns":4},{"damage":38,"enemies":"Centurion and Healer","floor":22,"turns":8},{"damage":8,"enemies":"Snecko","floor":24,"turns":4},{"damage":17,"enemies":"Cultist and Chosen","floor":29,"turns":2},{"damage":19,"enemies":"Snake Plant","floor":31,"turns":3},{"damage":13,"enemies":"Champ","floor":33,"turns":6},{"damage":14,"enemies":"3 Shapes","floor":35,"turns":6},{"damage":8,"enemies":"Orb Walker","floor":36,"turns":2},{"damage":9,"enemies":"Maw","floor":38,"turns":8},{"damage":0,"enemies":"Nemesis","floor":41,"turns":4},{"damage":6,"enemies":"Sphere and 2 Shapes","floor":42,"turns":6},{"damage":0,"enemies":"4 Shapes","floor":46,"turns":3},{"damage":0,"enemies":"Maw","floor":47,"turns":5},{"damage":1,"enemies":"3 Darklings","floor":48,"turns":4},{"damage":0,"enemies":"Donu and Deca","floor":50,"turns":3}],"event_choices":[{"event_name":"Purifier","player_choice":"One Purge","floor":2,"damage_taken":0},{"event_name":"Liars Game","player_choice":"disagreed","floor":3,"damage_taken":0},{"event_name":"Living Wall","player_choice":"Forget","floor":4,"damage_taken":0},{"event_name":"Golden Idol","player_choice":"Ignored","floor":14,"damage_taken":0},{"event_name":"Vampires","player_choice":"Ignored","floor":19,"damage_taken":0},{"event_name":"The Library","player_choice":"Read","floor":20,"damage_taken":0},{"event_name":"Forgotten Altar","player_choice":"Shed Blood","floor":25,"damage_taken":0},{"event_name":"Transmorgrifier","player_choice":"Transform","floor":30,"damage_taken":0},{"event_name":"Winding Halls","player_choice":"Embrace Madness","floor":37,"damage_taken":0},{"event_name":"Purifier","player_choice":"One Purge","floor":39,"damage_taken":0},{"event_name":"Tomb of Lord Red Mask","player_choice":"Paid","floor":45,"damage_taken":0}],"boss_relics":[{"not_picked":["Black Star","Calling Bell"],"picked":"Ectoplasm"},{"not_picked":["Eternal Feather","White Beast Statue"],"picked":"Black Blood"}],"potions_floor_spawned":[7,10,18,24,31,36,41,46],"seed_played":"2577157542857828231","ascension_level":8,"is_trial":false}