{"path_per_floor":["M","?","?","$","M","?","R","$","T","R","M","E","R","M","R","B",null,"M","$","M","?","M","M","R","E","T","R","?","$","?","M","R","B",null,"M","M","?","M"],"character_chosen":"IRONCLAD","items_purchased":["Shrug It Off","Metallicize"],"gold_per_floor":[110,60,60,34,54,54,54,54,133,133,154,187,187,203,203,332,332,322,176,189,189,205,225,225,261,287,287,337,237,152,167,167,298,336,360,376,336,355],"floor_reached":39,"campfire_rested":2,"playtime":3495,"current_hp_per_floor":[80,80,80,80,80,74,74,74,74,74,74,50,50,56,56,22,74,74,74,74,58,61,54,54,42,42,64,64,64,64,44,66,41,79,67,68,68,56],"items_purged":["Strike_R","Strike_R"],"gold":355,"score":366,"play_id":"54fe071e-7c63-4255-beda-72c5d05974b5","is_prod":false,"is_daily":false,"is_ascension_mode":true,"campfire_upgraded":5,"path_taken":["M","?","?","$","M","?","R","$","T","R","M","E","R","M","R","BOSS","M","$","M","?","M","M","R","E","T","R","?","$","?","M","R","BOSS","M","M","?","?","M"],"build_version":"2018-02-08-PROD1","purchased_purges":2,"victory":false,"master_deck":["Strike_R","Defend_R","Defend_R","Defend_R","Defend_R","Bash+1","Shrug It Off+1","Flame Barrier+1","Battle Trance+1","Body Slam+1","Metallicize","Necronomicurse","Body Slam+1","Double Tap","Shrug It Off"],"max_hp_per_floor":[80,80,80,80,80,74,74,74,74,74,74,74,74,74,74,74,74,74,74,74,74,74,74,74,74,74,74,74,74,74,74,74,74,79,79,79,79,79],"relics":["Burning Blood","Matryoshka","Golden Idol","Meat on the Bone","Bottled Lightning","Ancient Tea Set","Lizard Tail","Necronomicon","Kunai","Oddly Smooth Stone","Prayer Wheel","Lantern","Tiny House"],"card_choices":[{"not_picked":["Rupture","Pommel Strike"],"picked":"Flame Barrier"},{"not_picked":["Anger","Searing Blow"],"picked":"Battle Trance"},{"not_picked":["Headbutt","True Grit"],"picked":"Body Slam"},{"not_picked":["Barricade","Clash"],"picked":"Body Slam"},{"not_picked":["Fiend Fire","Feed"],"picked":"Double Tap"},{"not_picked":["Havoc","Feel No Pain"],"picked":"Shrug It Off"}],"player_experience":93613,"potions_floor_usage":[16,16,16,25,25],"damage_taken":[{"damage":1,"enemies":"Cultist","floor":1,"turns":3},{"damage":0,"enemies":"Small Slimes","floor":5,"turns":5},{"damage":1,"enemies":"2 Louse","floor":11,"turns":4},{"damage":42,"enemies":"Gremlin Nob","floor":12,"turns":6},{"damage":0,"enemies":"Gremlin Gang","floor":14,"turns":3},{"damage":82,"enemies":"Slime Boss","floor":16,"turns":18},{"damage":0,"enemies":"2 Thieves","floor":18,"turns":4},{"damage":0,"enemies":"Shell Parasite","floor":20,"turns":7},{"damage":3,"enemies":"Centurion and Healer","floor":22,"turns":11},{"damage":13,"enemies":"Chosen and Byrds","floor":23,"turns":6},{"damage":30,"enemies":"Gremlin Leader","floor":25,"turns":10},{"damage":26,"enemies":"Snecko","floor":31,"turns":8},{"damage":43,"enemies":"Champ","floor":33,"turns":12},{"damage":18,"enemies":"3 Darklings","floor":35,"turns":6},{"damage":5,"enemies":"3 Shapes","floor":36,"turns":5},{"damage":18,"enemies":"3 Darklings","floor":38,"turns":9},{"damage":116,"enemies":"Maw","floor":39,"turns":10}],"event_choices":[{"event_name":"The Cleric","player_choice":"Card Removal","floor":2,"damage_taken":0},{"event_name":"Wheel of Change","player_choice":"Relic","floor":3,"damage_taken":0},{"event_name":"Golden Idol","player_choice":"Lose Max HP","floor":6,"damage_taken":0},{"event_name":"Cursed Tome","player_choice":"Obtained Book","floor":21,"damage_taken":0},{"event_name":"The Joust","player_choice":"Bet on Murderer","floor":28,"damage_taken":0},{"event_name":"Addict","player_choice":"Obtained Relic","floor":30,"damage_taken":0},{"event_name":"The Woman in Blue","player_choice":"Bought 3 Potions","floor":37,"damage_taken":0}],"boss_relics":[{"not_picked":["Astrolabe","Philosopher\u0027s Stone"],"picked":"Lizard Tail"},{"not_picked":["Snecko Eye","Eternal Feather"],"picked":"Tiny House"}],"potions_floor_spawned":[5,11,14,20,22,23,31,35,36],"seed_played":"-1265656505827177968","killed_by":"Maw","ascension_level":1,"is_trial":false}