{"path_per_floor":["M","M","M","?","$","R","E","$","T","R","?","M","R","M","R","B",null,"M","?","T","?","?","R","$"],"character_chosen":"IRONCLAD","items_purchased":["Metallicize","Whirlwind"],"gold_per_floor":[116,132,146,146,32,32,67,67,67,67,67,83,83,93,93,191,191,205,205,205,205,205,205,34],"floor_reached":25,"campfire_rested":3,"playtime":664,"current_hp_per_floor":[80,59,63,63,63,63,28,28,28,52,52,51,75,74,74,28,80,57,56,56,40,40,56,56],"items_purged":["Regret","Bite"],"gold":34,"score":262,"play_id":"2dca17ba-8154-4e77-9738-72a1de68eecf","is_prod":false,"is_daily":false,"is_ascension_mode":true,"campfire_upgraded":2,"path_taken":["M","M","M","?","$","R","E","?","T","R","?","M","R","M","R","BOSS","M","?","?","?","?","R","$","E"],"build_version":"2018-02-12-PROD1","purchased_purges":3,"victory":false,"master_deck":["Defend_R","Defend_R","Defend_R","Defend_R","Bash","Searing Blow","Spot Weakness","Anger","Metallicize+1","Blood for Blood","Barricade+1","Shockwave","Demon Form","Flame Barrier","Bite","Bite","Bite","Bite","Demon Form","Whirlwind"],"max_hp_per_floor":[80,80,80,80,80,80,80,80,80,80,80,80,80,80,80,80,80,80,56,56,56,56,56,56],"relics":["Burning Blood","Unceasing Top","Vajra","Torii","Black Star","Peace Pipe","Nilry\u0027s Codex"],"card_choices":[{"not_picked":["Havoc","Perfected Strike"],"picked":"Searing Blow"},{"not_picked":["Shrug It Off","Body Slam"],"picked":"Spot Weakness"},{"not_picked":["Wild Strike","Reckless Charge"],"picked":"Anger"},{"not_picked":["Second Wind","Corruption"],"picked":"Blood for Blood"},{"not_picked":["Cleave","Bloodletting"],"picked":"Barricade"},{"not_picked":["Perfected Strike","Sever Soul"],"picked":"Shockwave"},{"not_picked":["Fiend Fire","Double Tap"],"picked":"Demon Form"},{"not_picked":["Clash","Pommel Strike"],"picked":"Flame Barrier"}],"player_experience":165804,"potions_floor_usage":[12,16,16,25,25],"damage_taken":[{"damage":4,"enemies":"Cultist","floor":1,"turns":3},{"damage":27,"enemies":"Blue Slaver","floor":2,"turns":5},{"damage":2,"enemies":"2 Louse","floor":3,"turns":3},{"damage":41,"enemies":"Gremlin Nob","floor":7,"turns":5},{"damage":7,"enemies":"Exordium Thugs","floor":12,"turns":4},{"damage":7,"enemies":"Looter","floor":14,"turns":3},{"damage":67,"enemies":"Hexaghost","floor":16,"turns":10},{"damage":29,"enemies":"Chosen","floor":18,"turns":5},{"damage":80,"enemies":"Slavers","floor":25,"turns":5}],"event_choices":[{"event_name":"Bonfire Elementals","player_choice":"BASIC","floor":4,"damage_taken":0},{"event_name":"The Lab","player_choice":"Got Potions","floor":11,"damage_taken":0},{"event_name":"Vampires","player_choice":"Became a vampire","floor":19,"damage_taken":0},{"event_name":"Cursed Tome","player_choice":"Obtained Book","floor":21,"damage_taken":0},{"event_name":"Duplicator","player_choice":"One dupe","floor":22,"damage_taken":0}],"boss_relics":[{"not_picked":["Pandora\u0027s Box","Runic Dome"],"picked":"Black Star"}],"potions_floor_spawned":[7,12,16],"seed_played":"5532860842328474971","killed_by":"Slavers","ascension_level":4,"is_trial":false}