{"path_per_floor":["M","?","?","$","?","R","E","M","T","M","R","M","?","T","R","B",null,"M","?","M","T"],"character_chosen":"IRONCLAD","items_purchased":["Inflame"],"gold_per_floor":[113,63,63,28,28,28,59,75,75,95,95,113,288,288,288,389,389,403,403,417,471],"floor_reached":22,"campfire_rested":0,"playtime":720,"current_hp_per_floor":[80,80,80,80,80,80,71,73,73,82,82,64,64,64,64,43,76,45,45,38,38],"items_purged":[],"gold":471,"score":228,"play_id":"7665b2b4-fe9c-40f8-9686-4197ad5d4165","is_prod":false,"is_daily":false,"is_ascension_mode":true,"campfire_upgraded":3,"path_taken":["M","?","?","$","?","R","E","M","T","M","R","?","?","?","R","BOSS","M","?","?","?","M"],"build_version":"2018-02-15-PROD1","purchased_purges":0,"victory":false,"master_deck":["Strike_R","Strike_R","Strike_R","Strike_R","Defend_R","Defend_R","Defend_R","Defend_R","Bash","Barricade+1","Seeing Red+1","Inflame+1","Cleave","Sentinel","True Grit+1","Doubt","Double Tap","Spot Weakness+1","Flame Barrier"],"max_hp_per_floor":[80,80,80,80,80,80,87,87,87,87,87,87,87,87,87,87,87,87,87,87,87],"relics":["Burning Blood","Strawberry","Torii","Pen Nib","Sozu","Tiny Chest"],"card_choices":[{"not_picked":["Battle Trance","Feel No Pain"],"picked":"Seeing Red"},{"not_picked":["Burning Pact","Ghostly Armor"],"picked":"Cleave"},{"not_picked":["Demon Form","Fire Breathing"],"picked":"Sentinel"},{"not_picked":["Pummel","Rage"],"picked":"True Grit"},{"not_picked":["Impervious","Feed"],"picked":"Double Tap"},{"not_picked":["Twin Strike","Clash"],"picked":"Spot Weakness"},{"not_picked":["Havoc","Perfected Strike"],"picked":"Flame Barrier"}],"player_experience":229848,"potions_floor_usage":[7,10,12],"damage_taken":[{"damage":6,"enemies":"Cultist","floor":1,"turns":3},{"damage":22,"enemies":"Gremlin Nob","floor":7,"turns":5},{"damage":4,"enemies":"Small Slimes","floor":8,"turns":4},{"damage":12,"enemies":"Jaw Worm","floor":10,"turns":6},{"damage":24,"enemies":"Exordium Thugs","floor":12,"turns":3},{"damage":27,"enemies":"The Guardian","floor":16,"turns":17},{"damage":37,"enemies":"Shell Parasite","floor":18,"turns":9},{"damage":13,"enemies":"Spheric Guardian","floor":20,"turns":4},{"damage":43,"enemies":"Snake Plant","floor":22,"turns":5}],"event_choices":[{"event_name":"The Cleric","player_choice":"Card Removal","floor":2,"damage_taken":0},{"event_name":"The Lab","player_choice":"Got Potions","floor":3,"damage_taken":0},{"event_name":"Shining Light","player_choice":"Ignored","floor":5,"damage_taken":0},{"event_name":"Liars Game","player_choice":"agreed","floor":13,"damage_taken":0},{"event_name":"Upgrade Shrine","player_choice":"Upgraded","floor":19,"damage_taken":0}],"boss_relics":[{"not_picked":["Orrery","Calling Bell"],"picked":"Sozu"}],"potions_floor_spawned":[1,20],"seed_played":"1841379830212224289","killed_by":"Snake Plant","ascension_level":5,"is_trial":false}