{"path_per_floor":["M","M","?","?","M","R","M","E","T","?","E","M","M","M","R","B",null,"M","$","M","M","?","R","E","M","T","?","R","M","$","M","R","B",null,"M","?","$","M","M","E","R","E","T","E","?","M","R","?","R","B"],"character_chosen":"IRONCLAD","items_purchased":["Dead Branch","Shrug It Off","Metallicize","Warcry"],"gold_per_floor":[112,123,123,184,199,199,209,238,306,306,332,345,362,378,378,479,479,490,79,96,114,114,114,147,166,166,81,81,94,57,72,72,167,167,186,186,61,77,88,115,115,144,169,194,244,263,263,263,263,263],"floor_reached":51,"campfire_rested":0,"playtime":3938,"current_hp_per_floor":[80,80,80,80,80,80,74,55,55,80,57,60,60,59,59,43,80,73,73,76,73,73,79,63,53,53,53,61,83,83,83,83,83,83,80,80,80,82,83,81,83,83,83,73,51,71,81,81,86,72],"items_purged":["Strike_R","Strike_R"],"gold":263,"score":681,"play_id":"f2289176-7e5f-4aca-99eb-f224123a089a","is_prod":false,"is_daily":false,"is_ascension_mode":true,"campfire_upgraded":7,"path_taken":["M","M","?","?","M","R","M","E","T","?","E","?","?","?","R","BOSS","M","$","M","?","?","R","E","M","T","?","R","M","$","?","R","BOSS","M","?","$","M","M","E","R","E","T","E","?","?","R","?","R","BOSS"],"build_version":"2018-02-15-PROD1","purchased_purges":2,"victory":true,"master_deck":["Strike_R","Strike_R","Strike_R","Defend_R","Defend_R","Defend_R","Bash+1","Disarm+1","Shockwave+1","Flex","Armaments+1","Corruption+1","Offering+1","True Grit+1","Reaper","Clash+1","Shrug It Off","Intimidate+1","Exhume","Metallicize+1","True Grit+1","Barricade+1","Warcry","Warcry+1","Bloodletting","Infernal Blade+1"],"max_hp_per_floor":[80,80,80,80,80,80,80,80,80,80,80,80,80,80,80,80,80,80,80,80,83,83,83,83,83,83,83,83,83,83,83,83,83,83,83,83,83,83,83,83,83,83,83,83,83,86,86,86,86,86],"relics":["Burning Blood","Bag of Marbles","Kunai","Torii","Eternal Feather","Dead Branch","Pantograph","Thread and Needle","Meat on the Bone","Sozu","Red Skull","Blue Candle","Art of War","Bag of Preparation","Peace Pipe","Unceasing Top"],"card_choices":[{"not_picked":["Clash","Sever Soul"],"picked":"Disarm"},{"not_picked":["Intimidate","Thunderclap"],"picked":"Shockwave"},{"not_picked":["Iron Wave","Seeing Red"],"picked":"Flex"},{"not_picked":["Clothesline","Twin Strike"],"picked":"Armaments"},{"not_picked":["Iron Wave","Cleave"],"picked":"Corruption"},{"not_picked":["Pummel","Pommel Strike"],"picked":"Offering"},{"not_picked":["Flame Barrier","Pommel Strike"],"picked":"True Grit"},{"not_picked":["Dark Embrace","Bludgeon"],"picked":"Reaper"},{"not_picked":["Clothesline","Thunderclap"],"picked":"Clash"},{"not_picked":["Carnage","Rampage"],"picked":"Intimidate"},{"not_picked":["Warcry","Rampage"],"picked":"Exhume"},{"not_picked":["Sword Boomerang","Iron Wave"],"picked":"True Grit"},{"not_picked":["Demon Form","Juggernaut"],"picked":"Barricade"},{"not_picked":["Sever Soul","Feel No Pain"],"picked":"Warcry"},{"not_picked":["Havoc","Battle Trance"],"picked":"Bloodletting"},{"not_picked":["Carnage","Twin Strike"],"picked":"Infernal Blade"}],"player_experience":207886,"potions_floor_usage":[8,21,24],"damage_taken":[{"damage":4,"enemies":"2 Louse","floor":1,"turns":3},{"damage":6,"enemies":"Cultist","floor":2,"turns":3},{"damage":4,"enemies":"Small Slimes","floor":5,"turns":4},{"damage":12,"enemies":"2 Fungi Beasts","floor":7,"turns":4},{"damage":25,"enemies":"Lagavulin","floor":8,"turns":7},{"damage":29,"enemies":"Gremlin Nob","floor":11,"turns":5},{"damage":3,"enemies":"Blue Slaver","floor":12,"turns":5},{"damage":6,"enemies":"Looter","floor":13,"turns":3},{"damage":7,"enemies":"Gremlin Gang","floor":14,"turns":6},{"damage":22,"enemies":"The Guardian","floor":16,"turns":14},{"damage":17,"enemies":"3 Byrds","floor":18,"turns":11},{"damage":9,"enemies":"Chosen","floor":20,"turns":2},{"damage":12,"enemies":"Centurion and Healer","floor":21,"turns":7},{"damage":28,"enemies":"Slavers","floor":24,"turns":5},{"damage":16,"enemies":"Slaver and Parasite","floor":25,"turns":5},{"damage":4,"enemies":"3 Cultists","floor":29,"turns":4},{"damage":8,"enemies":"Snake Plant","floor":31,"turns":5},{"damage":8,"enemies":"Collector","floor":33,"turns":3},{"damage":13,"enemies":"Orb Walker","floor":35,"turns":5},{"damage":7,"enemies":"3 Shapes","floor":38,"turns":4},{"damage":8,"enemies":"Maw","floor":39,"turns":4},{"damage":8,"enemies":"Nemesis","floor":40,"turns":3},{"damage":5,"enemies":"Giant Head","floor":42,"turns":4},{"damage":16,"enemies":"Nemesis","floor":44,"turns":5},{"damage":28,"enemies":"Mysterious Sphere","floor":45,"turns":5},{"damage":22,"enemies":"4 Shapes","floor":46,"turns":6},{"damage":20,"enemies":"Awakened One","floor":50,"turns":8}],"event_choices":[{"event_name":"Upgrade Shrine","player_choice":"Upgraded","floor":3,"damage_taken":0},{"event_name":"Golden Wing","player_choice":"Gained Gold","floor":4,"damage_taken":0},{"event_name":"Big Fish","player_choice":"Banana","floor":10,"damage_taken":0},{"event_name":"Match and Keep!","player_choice":"0 cards matched","floor":22,"damage_taken":0},{"event_name":"Addict","player_choice":"Obtained Relic","floor":27,"damage_taken":0},{"event_name":"Tomb of Lord Red Mask","player_choice":"Ignored","floor":36,"damage_taken":0},{"event_name":"Mysterious Sphere","player_choice":"Fight","floor":45,"damage_taken":0},{"event_name":"Wheel of Change","player_choice":"Relic","floor":48,"damage_taken":0}],"boss_relics":[{"not_picked":["Runic Dome","Tiny House"],"picked":"Eternal Feather"},{"not_picked":["Calling Bell","Snecko Eye"],"picked":"Sozu"}],"potions_floor_spawned":[2,7,14,18,20,21,31,33,42,44,45],"seed_played":"-7766529432693316712","ascension_level":2,"is_trial":false}