{"path_per_floor":["M","$","M","$","T","?","R","?","T","M","M","M","?","M","R","B",null,"M","?","?","M","M","R"],"character_chosen":"IRONCLAD","items_purchased":["Flex"],"gold_per_floor":[119,44,61,8,8,83,83,104,130,143,153,171,171,185,185,286,286,299,199,249,261,281,281],"floor_reached":24,"campfire_rested":2,"playtime":745,"current_hp_per_floor":[74,74,80,80,80,69,69,43,43,49,49,42,26,23,47,19,80,60,60,60,59,25,49],"items_purged":["Strike_R"],"gold":281,"score":226,"play_id":"666bf689-baba-4f34-b81b-b2e79b1b80ab","is_prod":false,"is_daily":false,"is_ascension_mode":true,"campfire_upgraded":1,"path_taken":["M","$","M","$","?","?","R","?","T","M","M","M","?","M","R","BOSS","M","?","?","M","M","R","E"],"build_version":"2018-02-08-PROD1","purchased_purges":1,"victory":false,"master_deck":["Strike_R","Strike_R","Strike_R","Strike_R+1","Defend_R+1","Defend_R","Defend_R","Defend_R","Bash","Anger+1","Flex","Anger","Cleave","Demon Form","Cleave","Reaper","Anger+1","J.A.X.","Headbutt"],"max_hp_per_floor":[80,80,80,80,80,80,80,80,80,80,80,80,80,80,80,80,80,80,80,80,80,80,80],"relics":["Burning Blood","Juzu Bracelet","Odd Mushroom","Bag of Preparation","Sozu"],"card_choices":[{"not_picked":["Hemokinesis","Seeing Red"],"picked":"Anger"},{"not_picked":["Corruption","Limit Break"],"picked":"Anger"},{"not_picked":["Corruption","Body Slam"],"picked":"Cleave"},{"not_picked":["Heavy Blade","Entrench"],"picked":"Demon Form"},{"not_picked":["Metallicize","Combust"],"picked":"Cleave"},{"not_picked":["Exhume","Barricade"],"picked":"Reaper"},{"not_picked":["Shrug It Off","Carnage"],"picked":"Anger"},{"not_picked":["Combust","Iron Wave"],"picked":"Headbutt"}],"player_experience":125051,"potions_floor_usage":[16],"damage_taken":[{"damage":12,"enemies":"Blue Slaver","floor":1,"turns":7},{"damage":0,"enemies":"Small Slimes","floor":3,"turns":3},{"damage":32,"enemies":"The Mushroom Lair","floor":8,"turns":5},{"damage":0,"enemies":"Cultist","floor":10,"turns":2},{"damage":6,"enemies":"Looter","floor":11,"turns":4},{"damage":13,"enemies":"2 Fungi Beasts","floor":12,"turns":3},{"damage":9,"enemies":"3 Louse","floor":14,"turns":3},{"damage":43,"enemies":"Slime Boss","floor":16,"turns":7},{"damage":30,"enemies":"2 Thieves","floor":18,"turns":4},{"damage":16,"enemies":"3 Byrds","floor":21,"turns":4},{"damage":46,"enemies":"Snake Plant","floor":22,"turns":4},{"damage":55,"enemies":"Book of Stabbing","floor":24,"turns":4}],"event_choices":[{"event_name":"World of Goop","player_choice":"Gather Gold","floor":6,"damage_taken":0},{"event_name":"Mushrooms","player_choice":"Fought Mushrooms","floor":8,"damage_taken":0},{"event_name":"Shining Light","player_choice":"Entered Light","floor":13,"damage_taken":0},{"event_name":"Drug Dealer","player_choice":"Got JAXXED","floor":19,"damage_taken":0},{"event_name":"The Joust","player_choice":"Bet on Murderer","floor":20,"damage_taken":0}],"boss_relics":[{"not_picked":["Black Star","Runic Cube"],"picked":"Sozu"}],"potions_floor_spawned":[1,8,12,16,18],"seed_played":"7438455650599095668","killed_by":"Book of Stabbing","ascension_level":4,"is_trial":false}