{"path_per_floor":["M","$","M","?","M","E","?","R","T","R","M","M","R","M","R","B",null,"M","?","$","M","?","R","E","M","T","M","R","M","M","M","R","B",null,"M","?","?","M","$","R","M","M","T","?","M","?","M","M","R","B"],"character_chosen":"IRONCLAD","items_purchased":["Twin Strike","Heavy Blade","Gremlin Horn"],"gold_per_floor":[109,57,69,19,30,63,14,14,37,37,51,70,70,83,83,181,181,198,198,96,112,112,112,146,160,160,171,171,181,194,209,209,309,309,327,327,327,343,48,48,61,76,76,0,11,11,27,42,42,42],"floor_reached":51,"campfire_rested":6,"playtime":2742,"current_hp_per_floor":[80,80,80,80,74,45,45,45,45,69,62,55,55,54,78,49,72,62,62,62,54,54,78,40,35,35,53,53,47,53,55,79,21,65,54,54,44,56,56,80,58,55,65,65,52,52,58,56,83,43],"items_purged":["Strike_R","Strike_R"],"gold":42,"score":650,"play_id":"94c72e98-1e6c-446f-994d-49089e152753","is_prod":false,"is_daily":false,"is_ascension_mode":true,"campfire_upgraded":3,"path_taken":["M","$","M","?","M","E","?","R","T","R","?","M","R","M","R","BOSS","M","?","$","M","?","R","E","?","T","M","R","M","M","M","R","BOSS","M","?","?","M","$","R","M","M","T","?","M","?","M","M","R","BOSS"],"build_version":"2018-02-12-PROD1","purchased_purges":2,"victory":true,"master_deck":["Strike_R","Defend_R","Defend_R","Defend_R","Defend_R","Bash+1","Iron Wave+1","Twin Strike","Cleave+1","Twin Strike","Ghostly Armor","Inflame","Demon Form+1","Shrug It Off","Heavy Blade","Flex","Armaments","Bludgeon+1","Madness","Madness","Decay","Bludgeon+1","Armaments+1"],"max_hp_per_floor":[80,80,80,80,80,80,80,80,80,80,80,80,80,80,80,80,80,80,80,80,80,80,80,80,80,80,80,80,80,80,80,80,80,80,80,80,80,80,80,80,80,80,90,90,90,90,90,90,90,90],"relics":["Burning Blood","Smiling Mask","Pen Nib","Snecko Eye","Meat on the Bone","Molten Egg 2","Cursed Key","Gremlin Horn","Pear","Red Mask"],"card_choices":[{"not_picked":["Seeing Red","Thunderclap"],"picked":"Iron Wave"},{"not_picked":["Bloodletting","Clash"],"picked":"Cleave"},{"not_picked":["Infernal Blade","Immolate"],"picked":"Twin Strike"},{"not_picked":["Pommel Strike","Flex"],"picked":"Ghostly Armor"},{"not_picked":["Second Wind","Sword Boomerang"],"picked":"Inflame"},{"not_picked":["Dark Embrace","Brutality"],"picked":"Demon Form"},{"not_picked":["Armaments","Heavy Blade"],"picked":"Shrug It Off"},{"not_picked":["Anger","Cleave"],"picked":"Flex"},{"not_picked":["Thunderclap","Flame Barrier"],"picked":"Armaments"},{"not_picked":["Limit Break","Offering"],"picked":"Bludgeon"},{"not_picked":["Feel No Pain","Pommel Strike"],"picked":"Armaments"}],"player_experience":152985,"potions_floor_usage":[6,11,24,25,31,33,50,50,50],"damage_taken":[{"damage":6,"enemies":"Cultist","floor":1,"turns":3},{"damage":3,"enemies":"2 Louse","floor":3,"turns":2},{"damage":12,"enemies":"Jaw Worm","floor":5,"turns":2},{"damage":35,"enemies":"3 Sentries","floor":6,"turns":7},{"damage":13,"enemies":"Large Slime","floor":11,"turns":4},{"damage":13,"enemies":"Exordium Thugs","floor":12,"turns":4},{"damage":7,"enemies":"Lots of Slimes","floor":14,"turns":4},{"damage":35,"enemies":"The Guardian","floor":16,"turns":10},{"damage":16,"enemies":"3 Byrds","floor":18,"turns":4},{"damage":14,"enemies":"2 Thieves","floor":21,"turns":4},{"damage":44,"enemies":"Slavers","floor":24,"turns":6},{"damage":23,"enemies":"Snecko","floor":25,"turns":5},{"damage":0,"enemies":"Centurion and Healer","floor":27,"turns":4},{"damage":12,"enemies":"3 Cultists","floor":29,"turns":4},{"damage":0,"enemies":"Snecko","floor":30,"turns":3},{"damage":16,"enemies":"Centurion and Healer","floor":31,"turns":5},{"damage":76,"enemies":"Champ","floor":33,"turns":7},{"damage":29,"enemies":"3 Shapes","floor":35,"turns":5},{"damage":6,"enemies":"Orb Walker","floor":38,"turns":2},{"damage":40,"enemies":"4 Shapes","floor":41,"turns":4},{"damage":21,"enemies":"Maw","floor":42,"turns":6},{"damage":19,"enemies":"Sphere and 2 Shapes","floor":45,"turns":4},{"damage":0,"enemies":"3 Darklings","floor":47,"turns":3},{"damage":8,"enemies":"4 Shapes","floor":48,"turns":4},{"damage":58,"enemies":"Donu and Deca","floor":50,"turns":7}],"event_choices":[{"event_name":"The Cleric","player_choice":"Card Removal","floor":4,"damage_taken":0},{"event_name":"World of Goop","player_choice":"Left","floor":7,"damage_taken":0},{"event_name":"The Woman in Blue","player_choice":"Bought 0 Potions","floor":19,"damage_taken":0},{"event_name":"Back to Basics","player_choice":"Elegance","floor":22,"damage_taken":0},{"event_name":"Mysterious Sphere","player_choice":"Ignore","floor":36,"damage_taken":0},{"event_name":"Winding Halls","player_choice":"Embrace Madness","floor":37,"damage_taken":0},{"event_name":"Tomb of Lord Red Mask","player_choice":"Paid","floor":44,"damage_taken":0},{"event_name":"Duplicator","player_choice":"One dupe","floor":46,"damage_taken":0}],"boss_relics":[{"not_picked":["Astrolabe","Black Star"],"picked":"Snecko Eye"},{"not_picked":["Orrery","Runic Dome"],"picked":"Cursed Key"}],"potions_floor_spawned":[1,6,11,21,24,25,29,31,35,41,47,48],"seed_played":"-268010999710770827","ascension_level":5,"is_trial":false}