{"path_per_floor":["M","?","?","M","M","E","R","E","T","$","M","R","?","M","R","B",null,"M","?","M","M","$","R","E","R","T","M","?","M","M","M","R","B",null,"M","?","M","?","$","R","M","R","T","R","$","M","M","M","R"],"character_chosen":"IRONCLAD","items_purchased":["Flex","Shrug It Off","Bottled Lightning"],"gold_per_floor":[109,109,109,127,140,169,169,203,282,159,175,175,125,137,137,234,234,249,249,265,280,127,127,159,159,159,177,177,190,203,221,221,316,316,330,330,349,349,111,111,125,125,173,173,48,63,80,96,96],"floor_reached":50,"campfire_rested":4,"playtime":3442,"current_hp_per_floor":[75,75,80,81,85,77,77,64,64,64,60,60,60,64,64,48,85,69,69,65,57,57,57,35,63,63,57,57,34,24,8,36,45,95,84,72,68,68,68,68,38,66,72,72,72,72,39,25,55],"items_purged":["Strike_R","Strike_R","Injury"],"gold":96,"score":499,"play_id":"fa6ea373-3835-4c24-8f51-488b2884a3bd","is_prod":false,"is_daily":false,"is_ascension_mode":true,"campfire_upgraded":6,"path_taken":["M","?","?","?","M","E","R","E","T","$","M","R","?","M","R","BOSS","M","?","?","M","$","R","E","R","T","M","?","M","M","M","R","BOSS","M","?","M","?","$","R","?","R","T","R","?","M","M","M","R","BOSS"],"build_version":"2018-02-08-PROD1","purchased_purges":3,"victory":false,"master_deck":["Defend_R+1","Defend_R+1","Defend_R+1","Defend_R+1","Bash","Flex+1","Heavy Blade+1","Heavy Blade+1","Shrug It Off","Flex","Shrug It Off","Inflame+1","Limit Break+1","Inflame+1","Shrug It Off","Spot Weakness","Armaments+1","Heavy Blade+1","Warcry","Madness","Madness+1","Combust"],"max_hp_per_floor":[80,80,85,85,85,85,85,85,85,85,85,85,85,85,85,85,85,85,85,85,85,85,85,95,95,95,95,95,95,95,95,95,95,95,95,95,95,95,95,95,95,95,101,101,101,101,101,101,101],"relics":["Burning Blood","Dream Catcher","Darkstone Periapt","Bottled Flame","Black Star","Mummified Hand","Pear","Matryoshka","Cursed Key","Bottled Lightning","Orichalcum","War Paint"],"card_choices":[{"not_picked":["Headbutt","Havoc"],"picked":"Flex"},{"not_picked":["True Grit","Combust"],"picked":"Heavy Blade"},{"not_picked":["Clothesline","Headbutt"],"picked":"Heavy Blade"},{"not_picked":["Bloodletting","Sever Soul"],"picked":"Shrug It Off"},{"not_picked":["Uppercut","True Grit"],"picked":"Shrug It Off"},{"not_picked":["Battle Trance","Pommel Strike"],"picked":"Inflame"},{"not_picked":["Offering","Immolate"],"picked":"Limit Break"},{"not_picked":["Armaments","Wild Strike"],"picked":"Inflame"},{"not_picked":["Sentinel","Twin Strike"],"picked":"Spot Weakness"},{"not_picked":["Havoc","Twin Strike"],"picked":"Armaments"},{"not_picked":["Flame Barrier","Perfected Strike"],"picked":"Heavy Blade"},{"not_picked":["Evolve","Feel No Pain"],"picked":"Warcry"},{"not_picked":["Pummel","Power Through"],"picked":"Combust"}],"player_experience":97108,"potions_floor_usage":[8,16,29,33,33,33,37,50,50],"damage_taken":[{"damage":11,"enemies":"Jaw Worm","floor":1,"turns":3},{"damage":5,"enemies":"2 Louse","floor":4,"turns":3},{"damage":0,"enemies":"Small Slimes","floor":5,"turns":3},{"damage":14,"enemies":"Gremlin Nob","floor":6,"turns":3},{"damage":19,"enemies":"3 Sentries","floor":8,"turns":6},{"damage":10,"enemies":"Exordium Thugs","floor":11,"turns":4},{"damage":2,"enemies":"Looter","floor":14,"turns":3},{"damage":22,"enemies":"Slime Boss","floor":16,"turns":7},{"damage":22,"enemies":"Spheric Guardian","floor":18,"turns":4},{"damage":10,"enemies":"2 Thieves","floor":20,"turns":2},{"damage":14,"enemies":"Slaver and Parasite","floor":21,"turns":4},{"damage":38,"enemies":"Book of Stabbing","floor":24,"turns":6},{"damage":12,"enemies":"Centurion and Healer","floor":27,"turns":5},{"damage":29,"enemies":"Cultist and Chosen","floor":29,"turns":11},{"damage":16,"enemies":"Sentry and Sphere","floor":30,"turns":6},{"damage":22,"enemies":"Snecko","floor":31,"turns":5},{"damage":12,"enemies":"Champ","floor":33,"turns":7},{"damage":17,"enemies":"3 Shapes","floor":35,"turns":6},{"damage":10,"enemies":"Orb Walker","floor":37,"turns":4},{"damage":36,"enemies":"Sphere and 2 Shapes","floor":41,"turns":4},{"damage":6,"enemies":"Maw","floor":46,"turns":6},{"damage":39,"enemies":"4 Shapes","floor":47,"turns":4},{"damage":20,"enemies":"Sphere and 2 Shapes","floor":48,"turns":5},{"damage":55,"enemies":"Time Eater","floor":50,"turns":5}],"event_choices":[{"event_name":"Living Wall","player_choice":"Forget","floor":2,"damage_taken":0},{"event_name":"Big Fish","player_choice":"Donut","floor":3,"damage_taken":0},{"event_name":"The Cleric","player_choice":"Card Removal","floor":13,"damage_taken":0},{"event_name":"Back to Basics","player_choice":"Simplicity","floor":19,"damage_taken":0},{"event_name":"The Mausoleum","player_choice":"No","floor":28,"damage_taken":0},{"event_name":"Winding Halls","player_choice":"Embrace Madness","floor":36,"damage_taken":0},{"event_name":"Tomb of Lord Red Mask","player_choice":"Ignored","floor":38,"damage_taken":0}],"boss_relics":[{"not_picked":["White Beast Statue","Tiny House"],"picked":"Black Star"},{"not_picked":["Eternal Feather","Astrolabe"],"picked":"Cursed Key"}],"potions_floor_spawned":[4,8,11,16,21,29,31,33,37,41,48],"seed_played":"-7887435475407674141","killed_by":"Time Eater","ascension_level":1,"is_trial":false}