{"path_per_floor":["M","$","?","M","M","R","E","M","T","M","E","M","M","?","R","B",null,"M","M","M","?","$","E","M","R","T","?","M","M","$","M","R","B",null,"M","?","$","M","?","?","$","M","T","R","M","R","T","M","R","B"],"character_chosen":"IRONCLAD","items_purchased":["Impervious","Body Slam"],"gold_per_floor":[119,44,44,55,67,67,96,110,137,148,179,197,210,210,210,306,306,322,332,350,350,112,144,157,157,157,82,99,116,63,75,75,174,174,193,193,68,86,86,86,86,106,106,106,124,124,124,142,142,142],"floor_reached":51,"campfire_rested":0,"playtime":2900,"current_hp_per_floor":[73,73,73,64,70,70,72,74,74,73,54,58,66,59,59,29,80,77,76,63,63,63,62,59,59,59,59,63,62,62,64,64,75,80,80,80,80,80,80,80,80,80,80,80,80,80,80,80,80,64],"items_purged":["Strike_R","Writhe","Defend_R"],"gold":142,"score":582,"play_id":"90fc0877-02f5-428e-b467-b6e2424500eb","is_prod":false,"is_daily":false,"is_ascension_mode":true,"campfire_upgraded":6,"path_taken":["M","$","?","M","M","R","E","M","T","M","E","M","M","?","R","BOSS","M","?","M","?","$","E","M","R","T","?","M","M","?","M","R","BOSS","M","?","$","M","?","?","?","M","T","R","M","R","?","M","R","BOSS"],"build_version":"2018-02-08-PROD1","purchased_purges":3,"victory":true,"master_deck":["Defend_R","Defend_R","Defend_R","Barricade+1","Whirlwind+1","Offering+1","Shrug It Off","Shrug It Off","Flame Barrier","Shrug It Off","Armaments+1","Flame Barrier+1","Body Slam+1","Shrug It Off","Double Tap","Impervious","Body Slam+1","Shrug It Off+1"],"max_hp_per_floor":[80,80,80,80,80,80,80,80,80,80,80,80,80,80,80,80,80,80,80,80,80,80,80,80,80,80,80,80,80,80,80,80,80,80,80,80,80,80,80,80,80,80,80,80,80,80,80,80,80,80],"relics":["Burning Blood","Bird Faced Urn","Blood Vial","Paper Frog","Velvet Choker","Mercury Hourglass","Pantograph","Sundial","Sozu","Shovel","Dodecahedron","Red Skull"],"card_choices":[{"not_picked":["Clash","Sever Soul"],"picked":"Whirlwind"},{"not_picked":["Iron Wave","Heavy Blade"],"picked":"Shrug It Off"},{"not_picked":["True Grit","Rampage"],"picked":"Shrug It Off"},{"not_picked":["Carnage","Anger"],"picked":"Flame Barrier"},{"not_picked":["Uppercut","Thunderclap"],"picked":"Shrug It Off"},{"not_picked":["Anger","Shrug It Off"],"picked":"Armaments"},{"not_picked":["Cleave","Seeing Red"],"picked":"Flame Barrier"},{"not_picked":["Iron Wave","Searing Blow"],"picked":"Body Slam"},{"not_picked":["Iron Wave","Feel No Pain"],"picked":"Shrug It Off"},{"not_picked":["Immolate","Berserk"],"picked":"Double Tap"},{"not_picked":["Warcry","Thunderclap"],"picked":"Shrug It Off"}],"player_experience":107513,"potions_floor_usage":[4,23],"damage_taken":[{"damage":13,"enemies":"Jaw Worm","floor":1,"turns":4},{"damage":15,"enemies":"Blue Slaver","floor":4,"turns":3},{"damage":0,"enemies":"2 Louse","floor":5,"turns":1},{"damage":4,"enemies":"3 Sentries","floor":7,"turns":3},{"damage":4,"enemies":"Gremlin Gang","floor":8,"turns":1},{"damage":11,"enemies":"Exordium Wildlife","floor":10,"turns":4},{"damage":27,"enemies":"Gremlin Nob","floor":11,"turns":5},{"damage":4,"enemies":"2 Fungi Beasts","floor":12,"turns":2},{"damage":0,"enemies":"Gremlin Gang","floor":13,"turns":1},{"damage":40,"enemies":"The Guardian","floor":16,"turns":15},{"damage":9,"enemies":"Chosen","floor":18,"turns":7},{"damage":9,"enemies":"2 Thieves","floor":19,"turns":4},{"damage":21,"enemies":"Centurion and Healer","floor":20,"turns":4},{"damage":11,"enemies":"Slavers","floor":23,"turns":7},{"damage":11,"enemies":"Cultist and Chosen","floor":24,"turns":5},{"damage":4,"enemies":"3 Cultists","floor":28,"turns":6},{"damage":11,"enemies":"Snake Plant","floor":29,"turns":4},{"damage":6,"enemies":"Centurion and Healer","floor":31,"turns":4},{"damage":11,"enemies":"Champ","floor":33,"turns":8},{"damage":0,"enemies":"Orb Walker","floor":35,"turns":2},{"damage":0,"enemies":"3 Darklings","floor":38,"turns":1},{"damage":4,"enemies":"Sphere and 2 Shapes","floor":42,"turns":2},{"damage":4,"enemies":"Maw","floor":45,"turns":7},{"damage":4,"enemies":"3 Darklings","floor":48,"turns":2},{"damage":24,"enemies":"Donu and Deca","floor":50,"turns":8}],"event_choices":[{"event_name":"Transmorgrifier","player_choice":"Transform","floor":3,"damage_taken":0},{"event_name":"Golden Wing","player_choice":"Card Removal","floor":14,"damage_taken":0},{"event_name":"The Mausoleum","player_choice":"Yes","floor":21,"damage_taken":0},{"event_name":"Beggar","player_choice":"Gave Gold","floor":27,"damage_taken":0},{"event_name":"Wheel of Change","player_choice":"Card Removal","floor":36,"damage_taken":0},{"event_name":"The Woman in Blue","player_choice":"Bought 0 Potions","floor":39,"damage_taken":0},{"event_name":"Upgrade Shrine","player_choice":"Upgraded","floor":40,"damage_taken":0}],"boss_relics":[{"not_picked":["Mark of Pain","Tiny House"],"picked":"Velvet Choker"},{"not_picked":["Astrolabe","Black Blood"],"picked":"Sozu"}],"potions_floor_spawned":[1,11,12,13,16,18,19,28,29,35,42,48],"seed_played":"6225918360730717057","ascension_level":2,"is_trial":false}