{"path_per_floor":["M","?","M","?","?","E","R","E","T","E","M","$","R","M","R","B",null,"M","?","?","$","M","R","E","M","T","E","R","M","M","M","R","B",null,"M","$","M","?","M","E","M","E","T","M","R","M","$","?","R","B"],"character_chosen":"IRONCLAD","items_purchased":["Ice Cream","Warcry","Bandage Up","Seeing Red","Heavy Blade","Immolate"],"gold_per_floor":[113,113,129,129,304,334,334,369,369,404,421,25,25,45,45,150,150,168,68,68,68,83,83,117,134,157,188,188,207,225,238,238,333,333,352,257,273,273,292,321,336,370,370,388,388,405,59,59,59,59],"floor_reached":51,"campfire_rested":6,"playtime":2409,"current_hp_per_floor":[78,78,74,74,74,48,72,56,56,48,51,51,75,75,75,49,80,70,70,70,70,52,76,52,49,49,41,65,55,35,50,74,55,80,71,71,63,63,69,64,61,57,57,53,81,86,86,86,86,39],"items_purged":["Doubt","Strike_R"],"gold":59,"score":726,"play_id":"7c560235-74e0-47e6-b6d3-2746988ba434","is_prod":false,"is_daily":false,"is_ascension_mode":true,"campfire_upgraded":2,"path_taken":["M","?","M","?","?","E","R","E","T","E","M","$","R","?","R","BOSS","M","?","?","?","?","R","E","M","T","E","R","M","M","M","R","BOSS","M","$","M","?","?","E","M","E","T","M","R","M","$","?","R","BOSS"],"build_version":"2018-02-08-PROD1","purchased_purges":4,"victory":true,"master_deck":["Strike_R","Strike_R","Strike_R","Strike_R","Defend_R+1","Defend_R","Defend_R+1","Defend_R","Bash","Inflame+1","Blood for Blood","Heavy Blade","Second Wind","Shrug It Off","Armaments+1","Warcry","Warcry","Berserk","Headbutt+1","J.A.X.","Spot Weakness","Sentinel+1","Dark Embrace","Battle Trance+1","True Grit","Intimidate","Searing Blow+1","Feel No Pain","Limit Break+1","Pommel Strike+1","Bandage Up","Shrug It Off+1","Sentinel","Flex","Pommel Strike+1","Uppercut+1","Cleave","Dual Wield","Seeing Red+1","Heavy Blade","Immolate"],"max_hp_per_floor":[80,80,80,80,80,80,80,80,80,80,80,80,80,80,80,80,80,80,80,80,80,80,80,80,80,80,80,80,80,80,80,80,80,80,80,80,80,80,80,94,94,94,94,94,94,94,94,94,94,94],"relics":["Burning Blood","War Paint","Centennial Puzzle","Lantern","Charon\u0027s Ashes","Oddly Smooth Stone","Ice Cream","Mark of Pain","Gremlin Horn","Bag of Preparation","Meat on the Bone","Black Star","Mango","Torii","Juzu Bracelet","Ancient Tea Set","Ginger"],"card_choices":[{"not_picked":["Cleave","Iron Wave"],"picked":"Inflame"},{"not_picked":["Headbutt","Iron Wave"],"picked":"Blood for Blood"},{"not_picked":["Hemokinesis","Burning Pact"],"picked":"Heavy Blade"},{"not_picked":["Dark Embrace","Havoc"],"picked":"Second Wind"},{"not_picked":["Combust","Body Slam"],"picked":"Shrug It Off"},{"not_picked":["Clash","Sword Boomerang"],"picked":"Armaments"},{"not_picked":["Clothesline","Twin Strike"],"picked":"Warcry"},{"not_picked":["Immolate","Brutality"],"picked":"Berserk"},{"not_picked":["Pummel","Flex"],"picked":"Headbutt"},{"not_picked":["True Grit","Cleave"],"picked":"Sentinel"},{"not_picked":["Iron Wave","Headbutt"],"picked":"Dark Embrace"},{"not_picked":["Thunderclap","Pommel Strike"],"picked":"Battle Trance"},{"not_picked":["Blood for Blood","Rage"],"picked":"True Grit"},{"not_picked":["Shrug It Off","Clash"],"picked":"Intimidate"},{"not_picked":["Anger","Headbutt"],"picked":"Searing Blow"},{"not_picked":["Anger","Evolve"],"picked":"Feel No Pain"},{"not_picked":["Offering","Barricade"],"picked":"Limit Break"},{"not_picked":["Corruption","Infernal Blade"],"picked":"Pommel Strike"},{"not_picked":["Reckless Charge","Headbutt"],"picked":"Shrug It Off"},{"not_picked":["Cleave","Havoc"],"picked":"Sentinel"},{"not_picked":["Headbutt","Shrug It Off"],"picked":"Flex"},{"not_picked":["Havoc","Feel No Pain"],"picked":"Pommel Strike"},{"not_picked":["Perfected Strike","Thunderclap"],"picked":"Uppercut"},{"not_picked":["Sword Boomerang","Evolve"],"picked":"Cleave"},{"not_picked":["Shrug It Off","Metallicize"],"picked":"Dual Wield"}],"player_experience":142858,"potions_floor_usage":[16,27,31,33,40,42,50,50,50],"damage_taken":[{"damage":8.0,"enemies":"Blue Slaver","floor":1.0,"turns":4.0},{"damage":10.0,"enemies":"2 Louse","floor":3.0,"turns":3.0},{"damage":32.0,"enemies":"3 Sentries","floor":6.0,"turns":6.0},{"damage":22.0,"enemies":"Gremlin Nob","floor":8.0,"turns":4.0},{"damage":14.0,"enemies":"3 Sentries","floor":10.0,"turns":6.0},{"damage":3.0,"enemies":"Jaw Worm","floor":11.0,"turns":3.0},{"damage":6,"enemies":"Red Slaver","floor":14,"turns":5},{"damage":32,"enemies":"The Guardian","floor":16,"turns":8},{"damage":16,"enemies":"Spheric Guardian","floor":18,"turns":4},{"damage":24,"enemies":"3 Byrds","floor":22,"turns":5},{"damage":30,"enemies":"Book of Stabbing","floor":24,"turns":4},{"damage":9,"enemies":"Snake Plant","floor":25,"turns":3},{"damage":14,"enemies":"Gremlin Leader","floor":27,"turns":4},{"damage":16,"enemies":"Centurion and Healer","floor":29,"turns":5},{"damage":38,"enemies":"Chosen and Byrds","floor":30,"turns":5},{"damage":3,"enemies":"Snake Plant","floor":31,"turns":2},{"damage":37,"enemies":"Automaton","floor":33,"turns":8},{"damage":15,"enemies":"3 Darklings","floor":35,"turns":5},{"damage":18,"enemies":"Orb Walker","floor":37,"turns":4},{"damage":4,"enemies":"3 Darklings","floor":39,"turns":5},{"damage":29,"enemies":"2 Orb Walkers","floor":40,"turns":5},{"damage":25,"enemies":"Sphere and 2 Shapes","floor":41,"turns":4},{"damage":28,"enemies":"Nemesis","floor":42,"turns":7},{"damage":26,"enemies":"Maw","floor":44,"turns":6},{"damage":1,"enemies":"3 Darklings","floor":46,"turns":3},{"damage":84,"enemies":"Donu and Deca","floor":50,"turns":9}],"event_choices":[{"event_name":"Living Wall","player_choice":"Grow","floor":2.0,"damage_taken":0.0},{"event_name":"The Lab","player_choice":"Got Potions","floor":4.0,"damage_taken":0.0},{"event_name":"Liars Game","player_choice":"agreed","floor":5.0,"damage_taken":0.0},{"event_name":"Drug Dealer","player_choice":"Got JAXXED","floor":19,"damage_taken":0},{"event_name":"The Library","player_choice":"Read","floor":20,"damage_taken":0},{"event_name":"Tomb of Lord Red Mask","player_choice":"Ignored","floor":38,"damage_taken":0},{"event_name":"Upgrade Shrine","player_choice":"Upgraded","floor":48,"damage_taken":0}],"boss_relics":[{"not_picked":["Snecko Eye","Tiny House"],"picked":"Mark of Pain"},{"not_picked":["Pandora\u0027s Box","White Beast Statue"],"picked":"Black Star"}],"potions_floor_spawned":[8,11,14,25,27,30,37,39,40,46],"seed_played":"-3654322351221577346","ascension_level":2,"is_trial":false}