{"path_per_floor":["M","M","$","?","M","R","E","R","T","M","R","M","M","?","R","B",null,"M","M","?","$","?","R","M","R","T","R","$","M","R","M","R"],"character_chosen":"IRONCLAD","items_purchased":["Uppercut"],"gold_per_floor":[118,128,53,53,69,69,104,104,104,124,124,134,149,99,99,194,194,210,224,224,124,124,124,138,138,138,138,62,80,80,95,95],"floor_reached":33,"campfire_rested":5,"playtime":1193,"current_hp_per_floor":[63,66,66,51,57,57,31,31,31,28,51,57,62,62,62,39,68,53,47,33,33,33,33,18,42,42,66,66,51,75,54,78],"items_purged":["Parasite","Strike_R"],"gold":95,"score":383,"play_id":"e37aec9c-f0b1-4d51-9d83-54367c8c294f","is_prod":false,"is_daily":false,"is_ascension_mode":true,"campfire_upgraded":4,"path_taken":["M","M","$","?","M","R","E","R","T","M","R","M","?","?","R","BOSS","M","?","?","?","?","R","M","R","T","R","?","M","R","?","R","BOSS"],"build_version":"2018-02-12-PROD1","purchased_purges":2,"victory":false,"master_deck":["Strike_R","Strike_R+1","Defend_R","Defend_R","Defend_R+1","Defend_R","Bash","Double Tap","Body Slam+1","Pommel Strike","Cleave+1","Spot Weakness","Shrug It Off+1","Shrug It Off","Iron Wave+1","Writhe","Uppercut"],"max_hp_per_floor":[80,80,77,77,77,77,77,77,77,77,77,77,77,77,77,77,77,77,77,82,82,82,82,82,82,82,82,82,82,82,82,82],"relics":["Burning Blood","Bag of Marbles","Ginger","Mark of Pain","Blood Vial","Bird Faced Urn"],"card_choices":[{"not_picked":["Perfected Strike","Havoc"],"picked":"Body Slam"},{"not_picked":["Heavy Blade","Cleave"],"picked":"Pommel Strike"},{"not_picked":["Sentinel","Headbutt"],"picked":"Cleave"},{"not_picked":["Twin Strike","Feel No Pain"],"picked":"Spot Weakness"},{"not_picked":["Second Wind","Reckless Charge"],"picked":"Shrug It Off"},{"not_picked":["Spot Weakness","Clothesline"],"picked":"Shrug It Off"},{"not_picked":["Heavy Blade","Twin Strike"],"picked":"Iron Wave"}],"player_experience":205041,"potions_floor_usage":[16,31,31,33],"damage_taken":[{"damage":15,"enemies":"Jaw Worm","floor":1,"turns":7},{"damage":3,"enemies":"2 Louse","floor":2,"turns":3},{"damage":0,"enemies":"Cultist","floor":5,"turns":3},{"damage":32,"enemies":"Gremlin Nob","floor":7,"turns":4},{"damage":9,"enemies":"Lots of Slimes","floor":10,"turns":3},{"damage":0,"enemies":"2 Fungi Beasts","floor":12,"turns":2},{"damage":1,"enemies":"3 Louse","floor":13,"turns":3},{"damage":29,"enemies":"Slime Boss","floor":16,"turns":10},{"damage":21,"enemies":"Spheric Guardian","floor":18,"turns":4},{"damage":12,"enemies":"Chosen","floor":19,"turns":3},{"damage":23,"enemies":"Snecko","floor":24,"turns":5},{"damage":23,"enemies":"Snake Plant","floor":29,"turns":4},{"damage":29,"enemies":"Sentry and Sphere","floor":31,"turns":6},{"damage":82,"enemies":"Automaton","floor":33,"turns":6}],"event_choices":[{"event_name":"Shining Light","player_choice":"Entered Light","floor":4,"damage_taken":0},{"event_name":"The Cleric","player_choice":"Card Removal","floor":14,"damage_taken":0},{"event_name":"Forgotten Altar","player_choice":"Shed Blood","floor":20,"damage_taken":0},{"event_name":"The Mausoleum","player_choice":"Yes","floor":22,"damage_taken":0}],"boss_relics":[{"not_picked":["Runic Cube","Runic Dome"],"picked":"Mark of Pain"}],"potions_floor_spawned":[5,7,16,18,24],"seed_played":"-6989176133640427043","killed_by":"Automaton","ascension_level":11,"is_trial":false}