{"path_per_floor":["M","M","?","M","M","R","E","?","T","?","R","M","$","M","R","B",null,"M","$","M","$","M","R","?","E","T","R","M","$","M","E","R","B",null,"M","$","M","M"],"character_chosen":"IRONCLAD","items_purchased":["Torii","Impervious","Spot Weakness","Metallicize","Finesse","Metallicize","Flash of Steel"],"gold_per_floor":[118,134,384,402,419,419,748,748,816,816,816,832,332,351,351,450,450,464,222,242,174,186,186,186,221,221,221,235,135,149,175,175,271,271,283,180,200,217],"floor_reached":39,"campfire_rested":6,"playtime":1675,"current_hp_per_floor":[79,77,77,71,55,79,33,33,33,30,54,46,46,52,76,45,80,38,38,36,36,25,49,49,44,44,68,67,67,50,21,45,49,80,36,36,30,11],"items_purged":["Regret","Writhe"],"gold":217,"score":442,"play_id":"6430f108-55d3-4b8b-a8cb-8a986054b7b6","is_prod":false,"is_daily":false,"is_ascension_mode":true,"campfire_upgraded":0,"path_taken":["M","M","?","?","M","R","E","?","T","?","R","M","$","M","R","BOSS","M","$","M","$","M","R","?","E","T","R","?","$","M","E","R","BOSS","M","$","M","?","M"],"build_version":"2018-02-08-PROD1","purchased_purges":4,"victory":false,"master_deck":["Strike_R","Strike_R","Strike_R","Strike_R","Defend_R","Defend_R","Defend_R","Defend_R","Bash","Seeing Red","Seeing Red","Shockwave","Battle Trance","Demon Form","Whirlwind","Impervious","Shockwave","Limit Break","Iron Wave+1","Spot Weakness","Metallicize","Finesse","Rampage+1","Metallicize","Blood for Blood+1","Ghostly Armor","Clumsy","Limit Break","Headbutt+1","Armaments","Offering","Warcry+1","Flash of Steel+1","Thunderclap+1","Flex+1"],"max_hp_per_floor":[80,80,80,80,80,80,80,80,80,80,80,80,80,80,80,80,80,80,80,80,80,80,80,80,80,80,80,80,80,80,80,80,80,80,80,80,80,80],"relics":["Burning Blood","Old Coin","Molten Egg 2","Ancient Tea Set","Torii","Cursed Key","Pantograph","Champion Belt","Prayer Wheel","Shuriken","Sozu"],"card_choices":[{"not_picked":["Armaments","True Grit"],"picked":"Seeing Red"},{"not_picked":["Sever Soul","Flex"],"picked":"Seeing Red"},{"not_picked":["Wild Strike","Corruption"],"picked":"Shockwave"},{"not_picked":["Pommel Strike","Wild Strike"],"picked":"Battle Trance"},{"not_picked":["Uppercut","Rampage"],"picked":"Demon Form"},{"not_picked":["Wild Strike","Clash"],"picked":"Shockwave"},{"not_picked":["Dark Embrace","Offering"],"picked":"Limit Break"},{"not_picked":["Clash","Feel No Pain"],"picked":"Iron Wave"},{"not_picked":["Clothesline","True Grit"],"picked":"Rampage"},{"not_picked":["Headbutt","Combust"],"picked":"Blood for Blood"},{"not_picked":["Perfected Strike","Sword Boomerang"],"picked":"Ghostly Armor"},{"not_picked":["Searing Blow","Hemokinesis"],"picked":"Limit Break"},{"not_picked":["Perfected Strike","Armaments"],"picked":"Headbutt"},{"not_picked":["Infernal Blade","Cleave"],"picked":"Armaments"},{"not_picked":["Exhume","Barricade"],"picked":"Offering"},{"not_picked":["Wild Strike","Sever Soul"],"picked":"Warcry"},{"not_picked":["Headbutt","Warcry"],"picked":"Thunderclap"},{"not_picked":["Immolate","Corruption"],"picked":"Flex"}],"player_experience":137701,"potions_floor_usage":[25,31,31],"damage_taken":[{"damage":7,"enemies":"2 Louse","floor":1,"turns":3},{"damage":8,"enemies":"Blue Slaver","floor":2,"turns":5},{"damage":12,"enemies":"Cultist","floor":4,"turns":5},{"damage":22,"enemies":"Lots of Slimes","floor":5,"turns":7},{"damage":52,"enemies":"Gremlin Nob","floor":7,"turns":6},{"damage":14,"enemies":"Looter","floor":12,"turns":2},{"damage":0,"enemies":"3 Louse","floor":14,"turns":1},{"damage":37,"enemies":"The Guardian","floor":16,"turns":9},{"damage":48,"enemies":"Spheric Guardian","floor":18,"turns":6},{"damage":8,"enemies":"Shell Parasite","floor":20,"turns":5},{"damage":17,"enemies":"Centurion and Healer","floor":22,"turns":6},{"damage":11,"enemies":"Book of Stabbing","floor":25,"turns":4},{"damage":7,"enemies":"3 Cultists","floor":28,"turns":5},{"damage":23,"enemies":"Sentry and Sphere","floor":30,"turns":6},{"damage":35,"enemies":"Slavers","floor":31,"turns":4},{"damage":27,"enemies":"Champ","floor":33,"turns":9},{"damage":50,"enemies":"3 Shapes","floor":35,"turns":5},{"damage":12,"enemies":"3 Darklings","floor":37,"turns":4},{"damage":25,"enemies":"4 Shapes","floor":38,"turns":6},{"damage":11,"enemies":"Sphere and 2 Shapes","floor":39,"turns":2}],"event_choices":[{"event_name":"Golden Shrine","player_choice":"Desecrate","floor":3,"damage_taken":0},{"event_name":"Transmorgrifier","player_choice":"Transform","floor":8,"damage_taken":0},{"event_name":"Scrap Ooze","player_choice":"success","floor":10,"damage_taken":3},{"event_name":"The Mausoleum","player_choice":"Yes","floor":24,"damage_taken":0}],"boss_relics":[{"not_picked":["Black Star","Black Blood"],"picked":"Cursed Key"},{"not_picked":["Astrolabe","Runic Cube"],"picked":"Sozu"}],"potions_floor_spawned":[2,12,16,18,22,31,37,38],"seed_played":"-3154564671081876967","killed_by":"Sphere and 2 Shapes","ascension_level":1,"is_trial":false}