{"path_per_floor":["M","?","$","M","?","E","?","M","T","M","R","E","M","M","R"],"character_chosen":"IRONCLAD","items_purchased":["Feed"],"gold_per_floor":[115,290,68,80,80,110,110,125,125,139,139,164,177,191,191],"floor_reached":16,"campfire_rested":2,"playtime":502,"current_hp_per_floor":[80,80,80,83,66,39,39,48,48,54,81,68,74,73,101],"items_purged":["Doubt"],"gold":191,"score":159,"play_id":"9ae1aa98-21a8-4998-90fe-aedad7eb2619","is_prod":false,"is_daily":false,"is_ascension_mode":true,"campfire_upgraded":0,"path_taken":["M","?","$","?","?","E","?","?","T","M","R","E","M","M","R","BOSS"],"build_version":"2018-02-12-PROD1","purchased_purges":1,"victory":false,"master_deck":["Strike_R","Strike_R","Strike_R+1","Strike_R","Defend_R","Defend_R","Defend_R","Defend_R+1","Bash","Flex","Inflame","Feed","Demon Form","Headbutt","Spot Weakness","Iron Wave","Heavy Blade","Fire Breathing","Armaments","Iron Wave","Reaper"],"max_hp_per_floor":[80,80,80,83,83,86,86,89,89,92,92,95,98,101,101],"relics":["Burning Blood","Dream Catcher","Meat on the Bone","Calipers"],"card_choices":[{"not_picked":["Clothesline","Shockwave"],"picked":"Flex"},{"not_picked":["Anger","Heavy Blade"],"picked":"Inflame"},{"not_picked":["Headbutt","Thunderclap"],"picked":"Demon Form"},{"not_picked":["Iron Wave","Bludgeon"],"picked":"Headbutt"},{"not_picked":["Havoc","Thunderclap"],"picked":"Spot Weakness"},{"not_picked":["Twin Strike","Entrench"],"picked":"Iron Wave"},{"not_picked":["Warcry","Cleave"],"picked":"Heavy Blade"},{"not_picked":["Second Wind","Feel No Pain"],"picked":"Fire Breathing"},{"not_picked":["Warcry","Clothesline"],"picked":"Armaments"},{"not_picked":["Clash","Combust"],"picked":"Iron Wave"},{"not_picked":["Havoc","Rupture"],"picked":"Reaper"}],"player_experience":166468,"potions_floor_usage":[12,13],"damage_taken":[{"damage":4,"enemies":"2 Louse","floor":1,"turns":4},{"damage":2,"enemies":"Jaw Worm","floor":4,"turns":3},{"damage":36,"enemies":"3 Sentries","floor":6,"turns":9},{"damage":0,"enemies":"Small Slimes","floor":8,"turns":3},{"damage":15,"enemies":"Red Slaver","floor":10,"turns":3},{"damage":22,"enemies":"Gremlin Nob","floor":12,"turns":4},{"damage":3,"enemies":"3 Louse","floor":13,"turns":3},{"damage":10,"enemies":"Exordium Wildlife","floor":14,"turns":4},{"damage":101,"enemies":"Hexaghost","floor":16,"turns":9}],"event_choices":[{"event_name":"Liars Game","player_choice":"agreed","floor":2,"damage_taken":0},{"event_name":"Shining Light","player_choice":"Entered Light","floor":5,"damage_taken":0},{"event_name":"Bonfire Elementals","player_choice":"BASIC","floor":7,"damage_taken":0}],"boss_relics":[],"potions_floor_spawned":[6,8,10,12],"seed_played":"7230710884994353820","killed_by":"Hexaghost","ascension_level":4,"is_trial":false}