{"path_per_floor":["M","?","$","?","M","R","M","R","T","E","?","M","R","T","R","B",null,"M","?","$","?","M","R","M","M","T","M","?","R","E","?","R","B",null,"M","?","M","M","?","R","?","R","T","M","T","M","M","M","R","B"],"character_chosen":"IRONCLAD","items_purchased":["Heavy Blade","Shrug It Off","Matryoshka"],"gold_per_floor":[112,112,59,59,72,72,86,86,86,114,214,226,226,301,301,397,397,397,397,14,14,0,0,0,0,0,0,0,0,0,0,0,0,0,0,0,0,0,0,0,0,0,0,0,0,0,0,0,0,0],"floor_reached":51,"campfire_rested":5,"playtime":2565,"current_hp_per_floor":[71,76,76,59,55,55,42,67,67,35,35,15,40,40,40,24,70,58,85,85,85,76,76,61,59,66,58,42,69,47,47,74,30,77,78,78,78,85,85,85,85,85,85,71,71,56,68,56,83,46],"items_purged":["Strike_R"],"gold":0,"score":788,"play_id":"efda23ef-c5c6-4096-985c-e8648fd698a7","is_prod":false,"is_daily":false,"is_ascension_mode":true,"campfire_upgraded":2,"path_taken":["M","?","$","?","M","R","?","R","T","E","?","?","R","?","R","BOSS","M","?","$","?","M","R","M","M","T","M","?","R","E","?","R","BOSS","M","?","M","M","?","R","?","R","T","M","?","?","M","M","R","BOSS"],"build_version":"2018-02-12-PROD1","purchased_purges":1,"victory":true,"master_deck":["Strike_R","Strike_R","Strike_R","Strike_R","Defend_R+1","Defend_R","Defend_R","Bash","Flex","Heavy Blade+1","Clothesline","Shrug It Off","Cleave","Disarm","Barricade+1","Ghostly Armor+1","Shrug It Off","Pommel Strike","Reaper","Impervious","Inflame+1","Carnage","Limit Break"],"max_hp_per_floor":[80,85,85,85,85,85,85,85,85,85,85,85,85,85,85,85,85,85,85,85,85,85,85,85,85,92,92,92,92,92,92,92,92,92,92,92,92,92,92,92,92,92,92,92,92,92,92,92,92,92],"relics":["Runic Dome","Shovel","Happy Flower","Centennial Puzzle","Pen Nib","Ectoplasm","Matryoshka","Strawberry","Meat on the Bone","Enchiridion","Bottled Flame","Mark of Pain","Red Mask","Prayer Wheel","Shuriken","Omamori","Girya","Tiny Chest"],"card_choices":[{"not_picked":["Perfected Strike","Armaments"],"picked":"Flex"},{"not_picked":["Wild Strike","Clash"],"picked":"Clothesline"},{"not_picked":["Thunderclap","Bloodletting"],"picked":"Shrug It Off"},{"not_picked":["Clash","Hemokinesis"],"picked":"Cleave"},{"not_picked":["Sword Boomerang","Blood for Blood"],"picked":"Disarm"},{"not_picked":["Exhume","Double Tap"],"picked":"Barricade"},{"not_picked":["True Grit","Sword Boomerang"],"picked":"Ghostly Armor"},{"not_picked":["Cleave","Iron Wave"],"picked":"Pommel Strike"},{"not_picked":["Armaments","Flex"],"picked":"Reaper"},{"not_picked":["Bludgeon","Limit Break"],"picked":"Impervious"},{"not_picked":["Sentinel","Second Wind"],"picked":"Inflame"},{"not_picked":["Metallicize","Armaments"],"picked":"Carnage"},{"not_picked":["Warcry","Flex"],"picked":"Limit Break"}],"player_experience":184316,"potions_floor_usage":[33,35,50,50],"damage_taken":[{"damage":1,"enemies":"Cultist","floor":1,"turns":3},{"damage":4,"enemies":"Small Slimes","floor":5,"turns":2},{"damage":13,"enemies":"Blue Slaver","floor":7,"turns":2},{"damage":32,"enemies":"Lagavulin","floor":10,"turns":6},{"damage":20,"enemies":"Large Slime","floor":12,"turns":5},{"damage":16,"enemies":"The Guardian","floor":16,"turns":10},{"damage":12,"enemies":"3 Byrds","floor":18,"turns":6},{"damage":9,"enemies":"2 Thieves","floor":22,"turns":4},{"damage":15,"enemies":"Sentry and Sphere","floor":24,"turns":8},{"damage":2,"enemies":"Snake Plant","floor":25,"turns":6},{"damage":20,"enemies":"3 Cultists","floor":27,"turns":6},{"damage":52,"enemies":"Slavers","floor":30,"turns":10},{"damage":80,"enemies":"Automaton","floor":33,"turns":15},{"damage":11,"enemies":"3 Darklings","floor":35,"turns":10},{"damage":0,"enemies":"Orb Walker","floor":37,"turns":4},{"damage":0,"enemies":"Maw","floor":38,"turns":11},{"damage":23,"enemies":"4 Shapes","floor":44,"turns":6},{"damage":34,"enemies":"Sphere and 2 Shapes","floor":46,"turns":7},{"damage":0,"enemies":"Maw","floor":47,"turns":6},{"damage":42,"enemies":"4 Shapes","floor":48,"turns":6},{"damage":68,"enemies":"Awakened One","floor":50,"turns":10}],"event_choices":[{"event_name":"Big Fish","player_choice":"Donut","floor":2,"damage_taken":0},{"event_name":"Shining Light","player_choice":"Entered Light","floor":4,"damage_taken":0},{"event_name":"Wheel of Change","player_choice":"Gold","floor":11,"damage_taken":0},{"event_name":"The Library","player_choice":"Heal","floor":19,"damage_taken":0},{"event_name":"Addict","player_choice":"Ignored","floor":21,"damage_taken":0},{"event_name":"Cursed Tome","player_choice":"Obtained Book","floor":28,"damage_taken":0},{"event_name":"Beggar","player_choice":"Ignored","floor":31,"damage_taken":0},{"event_name":"Mysterious Sphere","player_choice":"Ignore","floor":36,"damage_taken":0},{"event_name":"Tomb of Lord Red Mask","player_choice":"Paid","floor":39,"damage_taken":0}],"boss_relics":[{"not_picked":["Philosopher\u0027s Stone","Calling Bell"],"picked":"Ectoplasm"},{"not_picked":["Eternal Feather","White Beast Statue"],"picked":"Mark of Pain"}],"potions_floor_spawned":[7,12,16,24,33,35,38,44,48],"seed_played":"4495695652376129506","ascension_level":9,"is_trial":false}