{"path_per_floor":["M","$","?","M","M","R","M","M","T","M","R","M","$","E","R","B",null,"M","?","?","T","$","R","$","R","T","M","?","M","?","M","R","B",null,"M","?","?","M","$","R","M","?","T","?","M","$","R","$","R"],"character_chosen":"IRONCLAD","items_purchased":["Inflame"],"gold_per_floor":[118,43,43,60,70,70,86,102,180,197,197,216,45,76,76,174,174,190,190,190,190,65,65,65,65,89,104,104,124,124,140,140,235,235,247,247,247,265,115,115,125,125,149,149,168,168,168,168,168],"floor_reached":50,"campfire_rested":4,"playtime":1687,"current_hp_per_floor":[74,74,79,84,85,85,57,63,63,42,67,65,65,23,48,27,85,74,66,66,66,66,66,66,66,66,58,58,48,48,60,60,53,85,85,85,85,59,59,84,85,85,85,74,43,43,68,68,68],"items_purged":["Strike_R","Strike_R","Strike_R","Bash"],"gold":168,"score":493,"play_id":"ebfb5992-abbe-4af0-bdb3-049a350a32ce","is_prod":false,"is_daily":false,"is_ascension_mode":true,"campfire_upgraded":4,"path_taken":["M","$","?","?","M","R","M","?","T","M","R","M","$","E","R","BOSS","M","?","?","?","?","R","$","R","T","M","?","?","?","M","R","BOSS","M","?","?","M","?","R","M","?","T","?","M","$","R","$","R","BOSS"],"build_version":"2018-02-08-PROD1","purchased_purges":6,"victory":false,"master_deck":["Defend_R","Defend_R","Defend_R","Defend_R","Seeing Red","Spot Weakness+1","Shrug It Off","Whirlwind+1","Demon Form+1","Inflame","Double Tap","Seeing Red+1","Offering+1","Flex+1","Madness","Madness"],"max_hp_per_floor":[80,80,85,85,85,85,85,85,85,85,85,85,85,85,85,85,85,85,85,85,85,85,85,85,85,85,85,85,85,85,85,85,85,85,85,85,85,85,85,85,85,85,85,85,85,85,85,85,85],"relics":["Burning Blood","Meat on the Bone","Bag of Preparation","Philosopher\u0027s Stone","Shovel","Happy Flower","Dream Catcher","Bronze Scales","Sozu","Pen Nib"],"card_choices":[{"not_picked":["Anger","Hemokinesis"],"picked":"Seeing Red"},{"not_picked":["Dual Wield","Searing Blow"],"picked":"Spot Weakness"},{"not_picked":["Rupture","Heavy Blade"],"picked":"Shrug It Off"},{"not_picked":["Bloodletting","Perfected Strike"],"picked":"Whirlwind"},{"not_picked":["Sword Boomerang","Rage"],"picked":"Demon Form"},{"not_picked":["Berserk","Exhume"],"picked":"Double Tap"},{"not_picked":["Hemokinesis","Twin Strike"],"picked":"Seeing Red"},{"not_picked":["Dark Embrace","Impervious"],"picked":"Offering"},{"not_picked":["Berserk","Armaments"],"picked":"Flex"}],"player_experience":128114,"potions_floor_usage":[7,27,33,33],"damage_taken":[{"damage":18,"enemies":"Jaw Worm","floor":1,"turns":5},{"damage":1,"enemies":"2 Louse","floor":4,"turns":3},{"damage":6,"enemies":"Cultist","floor":5,"turns":4},{"damage":34,"enemies":"Gremlin Gang","floor":7,"turns":5},{"damage":18,"enemies":"Large Slime","floor":8,"turns":9},{"damage":47,"enemies":"Exordium Thugs","floor":10,"turns":5},{"damage":16,"enemies":"2 Fungi Beasts","floor":12,"turns":3},{"damage":66,"enemies":"Gremlin Nob","floor":14,"turns":6},{"damage":45,"enemies":"The Guardian","floor":16,"turns":10},{"damage":42,"enemies":"2 Thieves","floor":18,"turns":4},{"damage":49,"enemies":"Chosen","floor":27,"turns":5},{"damage":37,"enemies":"Snake Plant","floor":29,"turns":4},{"damage":2,"enemies":"Snecko","floor":31,"turns":3},{"damage":23,"enemies":"Automaton","floor":33,"turns":6},{"damage":4,"enemies":"3 Darklings","floor":35,"turns":1},{"damage":32,"enemies":"3 Shapes","floor":38,"turns":1},{"damage":0,"enemies":"Sphere and 2 Shapes","floor":41,"turns":1},{"damage":49,"enemies":"Maw","floor":45,"turns":7},{"damage":72,"enemies":"Awakened One","floor":50,"turns":3}],"event_choices":[{"event_name":"Big Fish","player_choice":"Donut","floor":3,"damage_taken":0},{"event_name":"Wheel of Change","player_choice":"Damage","floor":19,"damage_taken":0},{"event_name":"Drug Dealer","player_choice":"Ignored","floor":20,"damage_taken":0},{"event_name":"Back to Basics","player_choice":"Elegance","floor":28,"damage_taken":0},{"event_name":"The Mausoleum","player_choice":"Yes","floor":30,"damage_taken":0},{"event_name":"Tomb of Lord Red Mask","player_choice":"Ignored","floor":37,"damage_taken":0},{"event_name":"Mysterious Sphere","player_choice":"Ignore","floor":42,"damage_taken":0},{"event_name":"Winding Halls","player_choice":"Embrace Madness","floor":44,"damage_taken":0}],"boss_relics":[{"not_picked":["Runic Dome","Orrery"],"picked":"Philosopher\u0027s Stone"},{"not_picked":["Snecko Eye","Black Blood"],"picked":"Sozu"}],"potions_floor_spawned":[4,5,12,14,27,29,41],"seed_played":"3407730747421580","killed_by":"Awakened One","ascension_level":4,"is_trial":false}