{"path_per_floor":["M","$","M","?","?","E","R","M","T","E","M","M","E","M","R","B",null,"M","?","T","$","M","R"],"character_chosen":"IRONCLAD","items_purchased":["Flash of Steel","Finesse"],"gold_per_floor":[110,19,30,30,30,57,57,77,100,127,138,158,186,205,205,300,300,312,227,227,65,78,78],"floor_reached":24,"campfire_rested":3,"playtime":871,"current_hp_per_floor":[80,80,79,79,63,42,66,70,70,55,49,52,28,34,73,22,80,35,35,35,35,19,58],"items_purged":["Strike_R"],"gold":78,"score":238,"play_id":"6f853ef4-e614-4fe0-b17e-de577dee1cda","is_prod":false,"is_daily":false,"is_ascension_mode":true,"campfire_upgraded":0,"path_taken":["M","$","M","?","?","E","R","M","T","E","M","M","E","M","R","BOSS","M","?","?","$","M","R","E"],"build_version":"2018-02-08-PROD1","purchased_purges":1,"victory":false,"master_deck":["Strike_R","Strike_R","Strike_R","Strike_R","Defend_R","Defend_R","Defend_R+1","Defend_R","Bash+1","Battle Trance","Flash of Steel","Shrug It Off+1","Cleave","Headbutt","Berserk","Dual Wield","Warcry","Juggernaut","Uppercut","Demon Form","Headbutt","Dual Wield","Finesse","Shrug It Off"],"max_hp_per_floor":[80,80,80,80,80,80,80,80,80,80,80,80,80,80,80,80,80,80,80,80,80,80,80],"relics":["Burning Blood","Bag of Marbles","Singing Bowl","Regal Pillow","Torii","Letter Opener","Philosopher\u0027s Stone","Prayer Wheel","Bag of Preparation"],"card_choices":[{"not_picked":["Seeing Red","Clothesline"],"picked":"Battle Trance"},{"not_picked":["Anger","Feel No Pain"],"picked":"Shrug It Off"},{"not_picked":["Brutality","Iron Wave"],"picked":"Cleave"},{"not_picked":["Clothesline","Wild Strike"],"picked":"Headbutt"},{"not_picked":["Corruption","Reckless Charge"],"picked":"Berserk"},{"not_picked":["Carnage","Clash"],"picked":"Dual Wield"},{"not_picked":["Iron Wave","Hemokinesis"],"picked":"Warcry"},{"not_picked":["Thunderclap","Limit Break"],"picked":"Juggernaut"},{"not_picked":["Flex","Reckless Charge"],"picked":"Uppercut"},{"not_picked":["Exhume","Double Tap"],"picked":"Demon Form"},{"not_picked":["Clash","True Grit"],"picked":"Headbutt"},{"not_picked":["Infernal Blade","Clash"],"picked":"Dual Wield"},{"not_picked":["Feel No Pain","Anger"],"picked":"Shrug It Off"}],"player_experience":141987,"potions_floor_usage":[6,24],"damage_taken":[{"damage":0,"enemies":"Small Slimes","floor":1,"turns":2},{"damage":7,"enemies":"Jaw Worm","floor":3,"turns":2},{"damage":27,"enemies":"Lagavulin","floor":6,"turns":7},{"damage":2,"enemies":"Blue Slaver","floor":8,"turns":2},{"damage":21,"enemies":"3 Sentries","floor":10,"turns":6},{"damage":12,"enemies":"3 Louse","floor":11,"turns":2},{"damage":3,"enemies":"Exordium Thugs","floor":12,"turns":4},{"damage":30,"enemies":"Lagavulin","floor":13,"turns":6},{"damage":0,"enemies":"Large Slime","floor":14,"turns":5},{"damage":57,"enemies":"The Guardian","floor":16,"turns":14},{"damage":51,"enemies":"3 Byrds","floor":18,"turns":6},{"damage":22,"enemies":"Spheric Guardian","floor":22,"turns":4},{"damage":65,"enemies":"Slavers","floor":24,"turns":3}],"event_choices":[{"event_name":"Living Wall","player_choice":"Grow","floor":4,"damage_taken":0},{"event_name":"Shining Light","player_choice":"Entered Light","floor":5,"damage_taken":0},{"event_name":"Addict","player_choice":"Obtained Relic","floor":19,"damage_taken":0}],"boss_relics":[{"not_picked":["Snecko Eye","Eternal Feather"],"picked":"Philosopher\u0027s Stone"}],"potions_floor_spawned":[1,10,11,12,22],"seed_played":"-1617937345515503580","killed_by":"Slavers","ascension_level":2,"is_trial":false}