{"path_per_floor":["M","$","M","?","M","R","M","?","T","E","R","M","$","M","R","B",null,"M","$","?","M"],"character_chosen":"IRONCLAD","items_purchased":["Cleave","Iron Wave"],"gold_per_floor":[116,41,55,5,21,21,37,37,37,72,72,88,39,51,51,147,147,160,15,15,34],"floor_reached":22,"campfire_rested":2,"playtime":884,"current_hp_per_floor":[62,62,62,62,68,68,66,50,50,23,47,42,42,39,63,24,66,30,30,56,50],"items_purged":["Strike_R","Strike_R"],"gold":34,"score":260,"play_id":"7254c141-bbff-40e7-9eea-b4d55151dbb1","is_prod":false,"is_daily":false,"is_ascension_mode":true,"campfire_upgraded":1,"path_taken":["M","?","M","?","M","R","M","?","T","E","R","M","?","M","R","BOSS","M","$","?","M","M"],"build_version":"2018-02-12-PROD1","purchased_purges":2,"victory":false,"master_deck":["Strike_R","Strike_R","Defend_R","Defend_R+1","Defend_R+1","Defend_R","Bash+1","Flex","Pommel Strike+1","Pommel Strike","Body Slam","Headbutt","Cleave","Limit Break","Iron Wave"],"max_hp_per_floor":[80,80,80,80,80,80,80,80,80,80,80,80,80,80,80,80,80,80,80,80,80],"relics":["Burning Blood","Prayer Wheel","Bottled Lightning","Question Card"],"card_choices":[{"not_picked":["Rage","Dual Wield"],"picked":"Flex"},{"not_picked":["Havoc","Dropkick"],"picked":"Pommel Strike"},{"not_picked":["Dropkick","Iron Wave"],"picked":"Pommel Strike"},{"not_picked":["Bludgeon","Corruption"],"picked":"Body Slam"},{"not_picked":["Thunderclap","Pummel"],"picked":"Headbutt"},{"not_picked":["Dark Embrace","Fiend Fire"],"picked":"Limit Break"}],"player_experience":176459,"potions_floor_usage":[7,10,10,16],"damage_taken":[{"damage":16,"enemies":"Blue Slaver","floor":1,"turns":7},{"damage":6,"enemies":"2 Louse","floor":3,"turns":3},{"damage":0,"enemies":"Cultist","floor":5,"turns":3},{"damage":8,"enemies":"3 Louse","floor":7,"turns":4},{"damage":42,"enemies":"Lagavulin","floor":10,"turns":7},{"damage":11,"enemies":"Looter","floor":12,"turns":2},{"damage":9,"enemies":"2 Fungi Beasts","floor":14,"turns":3},{"damage":45,"enemies":"Slime Boss","floor":16,"turns":10},{"damage":42,"enemies":"2 Thieves","floor":18,"turns":5},{"damage":12,"enemies":"Chosen","floor":21,"turns":4},{"damage":65,"enemies":"3 Cultists","floor":22,"turns":5}],"event_choices":[{"event_name":"The Cleric","player_choice":"Card Removal","floor":4,"damage_taken":0},{"event_name":"Shining Light","player_choice":"Entered Light","floor":8,"damage_taken":0},{"event_name":"The Library","player_choice":"Heal","floor":20,"damage_taken":0}],"boss_relics":[{"not_picked":["Runic Pyramid","Calling Bell"],"picked":"Question Card"}],"potions_floor_spawned":[1,5,7,14],"seed_played":"4193348133484526968","killed_by":"3 Cultists","ascension_level":8,"is_trial":false}