{"path_per_floor":["M","?","?","$","M","E","M","R","T","$","M","E","R","$","R","B",null,"M","M","?","M","$","R","$","M","T","M","?","R","M","E","R","B",null,"M","?","?","?","M","E","?"],"character_chosen":"IRONCLAD","items_purchased":["Offering","Exhume"],"gold_per_floor":[117,117,67,0,10,45,59,59,59,59,79,113,113,38,38,139,139,153,172,172,183,83,83,14,32,32,44,44,44,61,90,90,194,194,214,0,0,0,12,39,39],"floor_reached":42,"campfire_rested":2,"playtime":1618,"current_hp_per_floor":[80,80,80,80,80,80,80,80,80,80,77,65,65,65,65,49,80,76,67,67,47,47,47,47,43,43,39,39,63,65,48,72,35,80,61,61,80,80,49,24,14],"items_purged":["Strike_R","Defend_R"],"gold":39,"score":493,"play_id":"6ae5310c-5b71-4fa1-8266-3ff895e0bda1","is_prod":false,"is_daily":false,"is_ascension_mode":true,"campfire_upgraded":4,"path_taken":["M","?","?","$","?","E","M","R","T","?","M","E","R","?","R","BOSS","M","M","?","M","$","R","$","M","T","M","?","R","M","E","R","BOSS","M","?","?","?","M","E","?","M"],"build_version":"2018-02-15-PROD1","purchased_purges":2,"victory":false,"master_deck":["Defend_R","Defend_R","Defend_R","Bash","Blood for Blood","Offering+1","True Grit+1","Flame Barrier","Double Tap+1","Rampage+1","Fiend Fire","Carnage+1","Limit Break+1","Carnage+1","True Grit+1","Uppercut","Flex+1","Exhume+1","Armaments+1","Limit Break+1","Metallicize+1","Intimidate+1","Seeing Red+1","Pommel Strike+1","Madness+1","Madness+1"],"max_hp_per_floor":[80,80,80,80,80,80,80,80,80,80,80,80,80,80,80,80,80,80,80,80,80,80,80,80,80,80,80,80,80,80,80,80,80,80,80,80,80,80,80,80,80],"relics":["Burning Blood","NeowsBlessing","Self Forming Clay","Champion Belt","Toxic Egg 2","Astrolabe","Juzu Bracelet","Bag of Marbles","Orrery","Red Mask","Mercury Hourglass"],"card_choices":[{"not_picked":["Twin Strike","Burning Pact"],"picked":"Blood for Blood"},{"not_picked":["Wild Strike","Thunderclap"],"picked":"True Grit"},{"not_picked":["Perfected Strike","Shrug It Off"],"picked":"Flame Barrier"},{"not_picked":["Bloodletting","Fire Breathing"],"picked":"Double Tap"},{"not_picked":["Shockwave","Wild Strike"],"picked":"Rampage"},{"not_picked":["Immolate","Exhume"],"picked":"Fiend Fire"},{"not_picked":["Hemokinesis","Rupture"],"picked":"True Grit"},{"not_picked":["Burning Pact","Havoc"],"picked":"Uppercut"},{"not_picked":["Reaper","Body Slam"],"picked":"Armaments"},{"not_picked":["Feed","Exhume"],"picked":"Limit Break"},{"not_picked":["Entrench","Spot Weakness"],"picked":"Metallicize"},{"not_picked":["Double Tap","Clothesline"],"picked":"Intimidate"},{"not_picked":["Headbutt","Wild Strike"],"picked":"Pommel Strike"}],"player_experience":218876,"potions_floor_usage":[12,25,31,31,39],"damage_taken":[{"damage":0,"enemies":"Small Slimes","floor":1,"turns":1},{"damage":0,"enemies":"Cultist","floor":5,"turns":1},{"damage":0,"enemies":"Lagavulin","floor":6,"turns":1},{"damage":0,"enemies":"2 Louse","floor":7,"turns":3},{"damage":9,"enemies":"Exordium Wildlife","floor":11,"turns":5},{"damage":18,"enemies":"Gremlin Nob","floor":12,"turns":5},{"damage":22,"enemies":"Slime Boss","floor":16,"turns":8},{"damage":10,"enemies":"2 Thieves","floor":18,"turns":3},{"damage":15,"enemies":"Spheric Guardian","floor":19,"turns":3},{"damage":26,"enemies":"Chosen and Byrds","floor":21,"turns":10},{"damage":10,"enemies":"Centurion and Healer","floor":25,"turns":8},{"damage":10,"enemies":"3 Cultists","floor":27,"turns":4},{"damage":4,"enemies":"Snake Plant","floor":30,"turns":2},{"damage":23,"enemies":"Book of Stabbing","floor":31,"turns":4},{"damage":43,"enemies":"Collector","floor":33,"turns":5},{"damage":25,"enemies":"3 Shapes","floor":35,"turns":9},{"damage":37,"enemies":"3 Darklings","floor":39,"turns":5},{"damage":31,"enemies":"Giant Head","floor":40,"turns":6},{"damage":24,"enemies":"Maw","floor":42,"turns":4}],"event_choices":[{"event_name":"The Lab","player_choice":"Got Potions","floor":2,"damage_taken":0},{"event_name":"The Cleric","player_choice":"Card Removal","floor":3,"damage_taken":0},{"event_name":"The Library","player_choice":"Read","floor":20,"damage_taken":0},{"event_name":"Addict","player_choice":"Ignored","floor":28,"damage_taken":0},{"event_name":"Tomb of Lord Red Mask","player_choice":"Paid","floor":36,"damage_taken":0},{"event_name":"Wheel of Change","player_choice":"Full Heal","floor":37,"damage_taken":0},{"event_name":"Match and Keep!","player_choice":"1 cards matched","floor":38,"damage_taken":0},{"event_name":"Winding Halls","player_choice":"Embrace Madness","floor":41,"damage_taken":0}],"boss_relics":[{"not_picked":["White Beast Statue","Runic Dome"],"picked":"Astrolabe"},{"not_picked":["Tiny House","Calling Bell"],"picked":"Orrery"}],"potions_floor_spawned":[5,6,12,18,19,31],"seed_played":"817716892821860685","killed_by":"Maw","ascension_level":3,"is_trial":false}