{"path_per_floor":["M","$","?","M","?","R","M","M","T","M","R","E","M","?","R","B",null,"M","?","M","$","?"],"character_chosen":"IRONCLAD","items_purchased":[],"gold_per_floor":[114,39,39,56,56,56,76,95,168,183,183,208,218,168,168,264,264,278,278,296,196,196],"floor_reached":23,"campfire_rested":1,"playtime":938,"current_hp_per_floor":[80,80,80,67,67,67,70,75,75,61,61,33,39,39,63,19,80,56,56,41,41,47],"items_purged":["Injury","Bash"],"gold":196,"score":229,"play_id":"6ae3bc60-3596-4408-9f6e-d9d41e6707c7","is_prod":false,"is_daily":false,"is_ascension_mode":true,"campfire_upgraded":0,"path_taken":["M","$","?","M","?","R","M","M","T","M","R","E","M","?","R","BOSS","M","?","M","?","?","E"],"build_version":"2018-02-08-PROD1","purchased_purges":2,"victory":false,"master_deck":["Defend_R","Defend_R","Defend_R","Defend_R","Cleave","Whirlwind","Flex","Spot Weakness","Offering","Sentinel+1","Barricade+1","Flex+1","Spot Weakness+1","Decay"],"max_hp_per_floor":[80,80,80,80,80,80,80,80,80,80,80,80,80,80,80,80,80,80,80,80,80,86],"relics":["Burning Blood","Shovel","Ancient Tea Set","Darkstone Periapt","Oddly Smooth Stone","Letter Opener","Astrolabe"],"card_choices":[{"not_picked":["Perfected Strike","Anger"],"picked":"Cleave"},{"not_picked":["Havoc","Cleave"],"picked":"Whirlwind"},{"not_picked":["Bludgeon","Shockwave"],"picked":"Flex"},{"not_picked":["Warcry","Sever Soul"],"picked":"Spot Weakness"},{"not_picked":["Feed","Fiend Fire"],"picked":"Offering"},{"not_picked":["Evolve","Whirlwind"],"picked":"Spot Weakness"}],"player_experience":131588,"potions_floor_usage":[16,16,23,23],"damage_taken":[{"damage":2,"enemies":"Small Slimes","floor":1,"turns":4},{"damage":19,"enemies":"Blue Slaver","floor":4,"turns":7},{"damage":3,"enemies":"Jaw Worm","floor":7,"turns":5},{"damage":1,"enemies":"Exordium Wildlife","floor":8,"turns":3},{"damage":20,"enemies":"Exordium Thugs","floor":10,"turns":4},{"damage":34,"enemies":"Gremlin Nob","floor":12,"turns":4},{"damage":0,"enemies":"Large Slime","floor":13,"turns":4},{"damage":50,"enemies":"The Guardian","floor":16,"turns":10},{"damage":30,"enemies":"Spheric Guardian","floor":18,"turns":6},{"damage":21,"enemies":"3 Byrds","floor":20,"turns":3},{"damage":50,"enemies":"Book of Stabbing","floor":23,"turns":5}],"event_choices":[{"event_name":"Accursed Blacksmith","player_choice":"Ignore","floor":3,"damage_taken":0},{"event_name":"Bonfire Elementals","player_choice":"BASIC","floor":5,"damage_taken":0},{"event_name":"The Cleric","player_choice":"Card Removal","floor":14,"damage_taken":0},{"event_name":"Drug Dealer","player_choice":"Ignored","floor":19,"damage_taken":0},{"event_name":"Forgotten Altar","player_choice":"Smashed Altar","floor":22,"damage_taken":0}],"boss_relics":[{"not_picked":["Black Star","Snecko Eye"],"picked":"Astrolabe"}],"potions_floor_spawned":[7,10,12,13,18],"seed_played":"3816099024813509368","killed_by":"Book of Stabbing","ascension_level":4,"is_trial":false}