{"path_per_floor":["M","?","M","M","M","E","R","E","T","M","M","R","M","?","R","B",null,"M","?","$","M","?","R","E","?","T","R","E"],"character_chosen":"IRONCLAD","items_purchased":["Strange Spoon","Armaments"],"gold_per_floor":[16,16,33,53,66,97,97,125,125,144,164,164,176,232,232,329,329,343,343,39,54,54,54,79,79,103,103,138],"floor_reached":29,"campfire_rested":5,"playtime":1190,"current_hp_per_floor":[80,80,80,80,65,39,63,25,25,31,27,51,50,43,67,29,80,70,55,55,38,38,63,7,7,14,41,10],"items_purged":["Strike_R"],"gold":138,"score":314,"play_id":"94880ec9-e7ac-463d-9a08-e758006b43b3","is_prod":false,"is_daily":false,"is_ascension_mode":true,"campfire_upgraded":0,"path_taken":["M","?","?","M","?","E","R","E","T","M","M","R","M","?","R","BOSS","M","?","$","M","?","R","E","?","T","R","E","M"],"build_version":"2018-02-08-PROD1","purchased_purges":1,"victory":false,"master_deck":["Strike_R","Strike_R+1","Defend_R","Defend_R","Defend_R","Defend_R","Bash","Iron Wave","Blood for Blood+1","Wild Strike","Berserk","Evolve","Wild Strike","Flex","Barricade","Rampage","Headbutt","Shrug It Off","Carnage","Impervious","Flex","Armaments","Cleave+1","Flex+1","Writhe","Spot Weakness"],"max_hp_per_floor":[80,80,80,80,80,80,80,80,80,80,80,80,80,80,80,80,80,80,85,85,85,85,85,85,85,92,92,92],"relics":["Burning Blood","Whetstone","Juzu Bracelet","Torii","Happy Flower","Cursed Key","Strange Spoon","Ice Cream","Strawberry","Bag of Marbles"],"card_choices":[{"not_picked":["Perfected Strike","Sentinel"],"picked":"Wild Strike"},{"not_picked":["Searing Blow","Warcry"],"picked":"Berserk"},{"not_picked":["Sever Soul","Wild Strike"],"picked":"Evolve"},{"not_picked":["Havoc","Clothesline"],"picked":"Wild Strike"},{"not_picked":["True Grit","Feel No Pain"],"picked":"Flex"},{"not_picked":["Pommel Strike","Flex"],"picked":"Barricade"},{"not_picked":["Thunderclap","Warcry"],"picked":"Rampage"},{"not_picked":["Iron Wave","Heavy Blade"],"picked":"Headbutt"},{"not_picked":["Pommel Strike","Intimidate"],"picked":"Shrug It Off"},{"not_picked":["Anger","Iron Wave"],"picked":"Carnage"},{"not_picked":["Dark Embrace","Immolate"],"picked":"Impervious"},{"not_picked":["Infernal Blade","Perfected Strike"],"picked":"Flex"},{"not_picked":["Heavy Blade","Headbutt"],"picked":"Cleave"},{"not_picked":["Anger","Fire Breathing"],"picked":"Flex"},{"not_picked":["Wild Strike","Sword Boomerang"],"picked":"Spot Weakness"}],"player_experience":146293,"potions_floor_usage":[10,14,16,21,24,28],"damage_taken":[{"damage":6,"enemies":"Jaw Worm","floor":1,"turns":4},{"damage":5,"enemies":"Cultist","floor":3,"turns":4},{"damage":0,"enemies":"Small Slimes","floor":4,"turns":2},{"damage":21,"enemies":"Gremlin Gang","floor":5,"turns":5},{"damage":32,"enemies":"Gremlin Nob","floor":6,"turns":4},{"damage":44,"enemies":"3 Sentries","floor":8,"turns":8},{"damage":0,"enemies":"Lots of Slimes","floor":10,"turns":4},{"damage":10,"enemies":"2 Fungi Beasts","floor":11,"turns":4},{"damage":7,"enemies":"3 Louse","floor":13,"turns":3},{"damage":13,"enemies":"Gremlin Nob","floor":14,"turns":3},{"damage":44,"enemies":"Hexaghost","floor":16,"turns":7},{"damage":16,"enemies":"Chosen","floor":18,"turns":6},{"damage":23,"enemies":"Spheric Guardian","floor":21,"turns":4},{"damage":77,"enemies":"Gremlin Leader","floor":24,"turns":12},{"damage":37,"enemies":"Slavers","floor":28,"turns":6},{"damage":25,"enemies":"Cultist and Chosen","floor":29,"turns":6}],"event_choices":[{"event_name":"Liars Game","player_choice":"disagreed","floor":2,"damage_taken":0},{"event_name":"Dead Adventurer","player_choice":"Searched \u00272\u0027 times","floor":14,"damage_taken":0},{"event_name":"Forgotten Altar","player_choice":"Shed Blood","floor":19,"damage_taken":0},{"event_name":"Addict","player_choice":"Ignored","floor":22,"damage_taken":0},{"event_name":"Drug Dealer","player_choice":"Ignored","floor":25,"damage_taken":0}],"boss_relics":[{"not_picked":["Snecko Eye","Eternal Feather"],"picked":"Cursed Key"}],"potions_floor_spawned":[4,6,8,10,14,18,24],"seed_played":"-4730991016203813333","killed_by":"Cultist and Chosen","ascension_level":3,"is_trial":false}