{"path_per_floor":["M","M","?","$","?","E","M","M","T","?","$","R","E","M","R","B",null,"M","M","$","T","?","R"],"character_chosen":"IRONCLAD","items_purchased":["Flame Barrier","Seeing Red","Armaments"],"gold_per_floor":[116,127,127,52,52,92,110,128,128,128,53,53,94,117,117,237,237,251,245,26,77,2,2],"floor_reached":24,"campfire_rested":2,"playtime":927,"current_hp_per_floor":[80,80,60,60,60,66,71,71,71,71,71,71,69,67,80,44,71,58,47,47,54,54,87],"items_purged":["Strike_R","Evolve"],"gold":2,"score":286,"play_id":"2905e2fd-2b98-416a-afd0-7a5e5de9c24f","is_prod":false,"is_daily":false,"is_ascension_mode":true,"campfire_upgraded":1,"path_taken":["M","M","?","$","?","E","?","M","T","?","$","R","E","M","R","BOSS","M","M","$","?","?","R","E"],"build_version":"2018-02-15-PROD1","purchased_purges":2,"victory":false,"master_deck":["Strike_R+1","Defend_R","Defend_R","Defend_R","Defend_R","Bash+1","Flex","Headbutt","Pommel Strike","Bludgeon+1","Shrug It Off","Flame Barrier","Warcry","Flame Barrier","Offering","Pommel Strike","True Grit+1","Seeing Red","Armaments"],"max_hp_per_floor":[80,80,80,80,80,80,80,80,80,80,80,80,80,80,80,80,80,80,80,80,87,87,87],"relics":["Black Blood","NeowsBlessing","Golden Idol","Regal Pillow","Whetstone","Dodecahedron","Strawberry"],"card_choices":[{"not_picked":["Hemokinesis","Anger"],"picked":"Flex"},{"not_picked":["Wild Strike","Cleave"],"picked":"Headbutt"},{"not_picked":["Flex","Twin Strike"],"picked":"Pommel Strike"},{"not_picked":["Spot Weakness","Armaments"],"picked":"Bludgeon"},{"not_picked":["Dual Wield","Body Slam"],"picked":"Shrug It Off"},{"not_picked":["Pummel","Sword Boomerang"],"picked":"Warcry"},{"not_picked":["Flex","Shrug It Off"],"picked":"Flame Barrier"},{"not_picked":["Bludgeon","Exhume"],"picked":"Offering"},{"not_picked":["Clash","Twin Strike"],"picked":"Pommel Strike"},{"not_picked":["Ghostly Armor","Wild Strike"],"picked":"True Grit"}],"player_experience":207884,"potions_floor_usage":[24],"damage_taken":[{"damage":0.0,"enemies":"Small Slimes","floor":1.0,"turns":1.0},{"damage":0.0,"enemies":"Jaw Worm","floor":2.0,"turns":1.0},{"damage":0.0,"enemies":"3 Sentries","floor":6.0,"turns":2.0},{"damage":1.0,"enemies":"Cultist","floor":7.0,"turns":3.0},{"damage":6.0,"enemies":"Blue Slaver","floor":8.0,"turns":3.0},{"damage":8.0,"enemies":"Lagavulin","floor":13.0,"turns":5.0},{"damage":8.0,"enemies":"Lots of Slimes","floor":14.0,"turns":4.0},{"damage":42.0,"enemies":"The Guardian","floor":16.0,"turns":13.0},{"damage":23.0,"enemies":"Spheric Guardian","floor":18.0,"turns":6.0},{"damage":21.0,"enemies":"2 Thieves","floor":19.0,"turns":4.0},{"damage":95,"enemies":"Gremlin Leader","floor":24,"turns":7}],"event_choices":[{"event_name":"Golden Idol","player_choice":"Take Damage","floor":3.0,"damage_taken":0.0},{"event_name":"Wheel of Change","player_choice":"Card Removal","floor":5.0,"damage_taken":0.0},{"event_name":"Living Wall","player_choice":"Change","floor":10.0,"damage_taken":0.0},{"event_name":"Beggar","player_choice":"Gave Gold","floor":22,"damage_taken":0}],"boss_relics":[],"potions_floor_spawned":[1,7,8,19],"seed_played":"-4547251734498881250","killed_by":"Gremlin Leader","ascension_level":5,"is_trial":false}