{"path_per_floor":["M","?","?","?","$","E","R","M","T","E","$","E","R","M","R","B",null,"M","M","?","M","M","R","M"],"character_chosen":"IRONCLAD","items_purchased":["Dual Wield","Headbutt"],"gold_per_floor":[118,118,193,193,15,48,48,67,90,122,22,47,47,58,58,162,162,175,187,187,206,224,224,239],"floor_reached":25,"campfire_rested":1,"playtime":1967,"current_hp_per_floor":[72,72,61,61,61,50,50,56,56,42,42,60,60,66,66,46,72,73,45,45,59,29,57,19],"items_purged":["Strike_R","Strike_R"],"gold":239,"score":243,"play_id":"dd880fa7-47f3-47b9-8e31-bf203af31b63","is_prod":false,"is_daily":false,"is_ascension_mode":true,"campfire_upgraded":3,"path_taken":["M","?","?","?","?","E","R","M","T","E","$","E","R","M","R","BOSS","M","M","?","M","?","R","?","E"],"build_version":"2018-02-08-PROD1","purchased_purges":2,"victory":false,"master_deck":["Strike_R","Defend_R","Defend_R","Defend_R","Defend_R","Bash","Iron Wave+1","Dual Wield","Headbutt","Immolate","Clash","Clash","Pommel Strike+1","Battle Trance+1","Barricade","Warcry","Writhe","Seeing Red","Body Slam+1"],"max_hp_per_floor":[72,72,72,72,72,72,72,72,72,72,72,72,72,72,72,72,72,74,74,74,76,76,76,76],"relics":["Burning Blood","Anchor","Singing Bowl","Shuriken","Bag of Preparation","Eternal Feather","Kunai"],"card_choices":[{"not_picked":["Seeing Red","Ghostly Armor"],"picked":"Iron Wave"},{"not_picked":["Fiend Fire","Flex"],"picked":"Immolate"},{"not_picked":["Perfected Strike","Reckless Charge"],"picked":"Clash"},{"not_picked":["Flame Barrier","Havoc"],"picked":"Clash"},{"not_picked":["Cleave","Fire Breathing"],"picked":"Pommel Strike"},{"not_picked":["Combust","Whirlwind"],"picked":"Battle Trance"},{"not_picked":["Bludgeon","Immolate"],"picked":"Barricade"},{"not_picked":["True Grit","Clothesline"],"picked":"Warcry"},{"not_picked":["Anger","Iron Wave"],"picked":"Seeing Red"},{"not_picked":["Clothesline","Cleave"],"picked":"Body Slam"}],"player_experience":191194,"potions_floor_usage":[6,10,10,12,21,22,25],"damage_taken":[{"damage":6,"enemies":"Cultist","floor":1,"turns":4},{"damage":17,"enemies":"3 Sentries","floor":6,"turns":10},{"damage":0,"enemies":"Jaw Worm","floor":8,"turns":3},{"damage":20,"enemies":"Lagavulin","floor":10,"turns":6},{"damage":3,"enemies":"3 Sentries","floor":12,"turns":6},{"damage":0,"enemies":"Blue Slaver","floor":14,"turns":3},{"damage":26,"enemies":"Hexaghost","floor":16,"turns":9},{"damage":7,"enemies":"Shell Parasite","floor":18,"turns":6},{"damage":34,"enemies":"3 Byrds","floor":19,"turns":7},{"damage":9,"enemies":"Centurion and Healer","floor":21,"turns":8},{"damage":51,"enemies":"Snecko","floor":22,"turns":7},{"damage":44,"enemies":"Snake Plant","floor":24,"turns":4},{"damage":24,"enemies":"Book of Stabbing","floor":25,"turns":3}],"event_choices":[{"event_name":"Shining Light","player_choice":"Ignored","floor":2,"damage_taken":0},{"event_name":"World of Goop","player_choice":"Gather Gold","floor":3,"damage_taken":0},{"event_name":"The Lab","player_choice":"Got Potions","floor":4,"damage_taken":0},{"event_name":"The Mausoleum","player_choice":"Yes","floor":20,"damage_taken":0}],"boss_relics":[{"not_picked":["Astrolabe","Snecko Eye"],"picked":"Eternal Feather"}],"potions_floor_spawned":[1,10,16,19,21,24],"seed_played":"-6701083733382782296","killed_by":"Book of Stabbing","ascension_level":2,"is_trial":false}