{"path_per_floor":["M","$","?","$","?","R","?","M","T","E","M","R","E","M","R","B",null,"M","$","M","?","?","E","R"],"character_chosen":"IRONCLAD","items_purchased":["Twin Strike","Infernal Blade","Perfected Strike","Inflame"],"gold_per_floor":[112,4,4,4,4,4,4,21,21,53,69,69,100,113,113,211,211,223,15,27,27,27,56,56],"floor_reached":25,"campfire_rested":2,"playtime":1623,"current_hp_per_floor":[80,80,68,68,68,68,68,74,74,56,62,62,65,52,78,25,87,57,57,17,1,1,14,40],"items_purged":["Normality"],"gold":56,"score":227,"play_id":"0a778db3-2df6-410d-9514-a9354fb80561","is_prod":false,"is_daily":false,"is_ascension_mode":false,"campfire_upgraded":2,"path_taken":["M","$","?","?","?","R","?","M","T","E","M","R","E","?","R","BOSS","M","$","M","?","?","E","R","M"],"build_version":"2018-02-12-PROD1","purchased_purges":1,"victory":false,"master_deck":["Strike_R","Strike_R","Strike_R","Strike_R","Strike_R","Defend_R","Defend_R","Defend_R","Bash","Reaper","Twin Strike","Twin Strike","Infernal Blade+1","Perfected Strike+1","Anger","Fire Breathing","Perfected Strike","Seeing Red+1","Demon Form","Perfected Strike","Inflame","Shrug It Off+1"],"max_hp_per_floor":[80,80,80,80,80,80,80,80,80,80,80,80,87,87,87,87,87,87,87,87,87,87,87,87],"relics":["Burning Blood","Toxic Egg 2","Peace Pipe","Dodecahedron","Frozen Eye","Strawberry","Lizard Tail","Nilry\u0027s Codex","Mummified Hand"],"card_choices":[{"not_picked":["True Grit","Clash"],"picked":"Twin Strike"},{"not_picked":["Reaper","Sword Boomerang"],"picked":"Perfected Strike"},{"not_picked":["Shrug It Off","Warcry"],"picked":"Anger"},{"not_picked":["Shrug It Off","Combust"],"picked":"Fire Breathing"},{"not_picked":["Rupture","Headbutt"],"picked":"Perfected Strike"},{"not_picked":["Headbutt","Anger"],"picked":"Seeing Red"},{"not_picked":["Fiend Fire","Berserk"],"picked":"Demon Form"},{"not_picked":["Warcry","Clash"],"picked":"Shrug It Off"}],"player_experience":843,"potions_floor_usage":[16,16,16],"damage_taken":[{"damage":0,"enemies":"Small Slimes","floor":1,"turns":3},{"damage":0,"enemies":"Cultist","floor":8,"turns":2},{"damage":28,"enemies":"Gremlin Nob","floor":10,"turns":4},{"damage":0,"enemies":"2 Louse","floor":11,"turns":1},{"damage":22,"enemies":"3 Sentries","floor":13,"turns":5},{"damage":35,"enemies":"Gremlin Gang","floor":14,"turns":3},{"damage":59,"enemies":"Hexaghost","floor":16,"turns":8},{"damage":36,"enemies":"2 Thieves","floor":18,"turns":4},{"damage":49,"enemies":"3 Byrds","floor":20,"turns":5},{"damage":50,"enemies":"Slavers","floor":23,"turns":7},{"damage":55,"enemies":"Cultist and Chosen","floor":25,"turns":5}],"event_choices":[{"event_name":"Scrap Ooze","player_choice":"success","floor":3,"damage_taken":12},{"event_name":"Purifier","player_choice":"One Purge","floor":5,"damage_taken":0},{"event_name":"Accursed Blacksmith","player_choice":"Rummage","floor":7,"damage_taken":0},{"event_name":"Cursed Tome","player_choice":"Obtained Book","floor":21,"damage_taken":0},{"event_name":"Beggar","player_choice":"Ignored","floor":22,"damage_taken":0}],"boss_relics":[{"not_picked":["Runic Cube","Eternal Feather"],"picked":"Lizard Tail"}],"potions_floor_spawned":[10,13,14,16,23],"seed_played":"-4406052279868419768","killed_by":"Cultist and Chosen","ascension_level":0,"is_trial":false}