{"path_per_floor":["M","M","?","$","?","E","M","R","T","M","R","E","R","M","R","B",null,"M","$","?","?","?","R","E","R","T","R"],"character_chosen":"IRONCLAD","items_purchased":["Metallicize"],"gold_per_floor":[118,131,131,56,56,86,99,99,99,113,113,148,148,158,158,258,258,273,133,33,33,33,33,60,60,60,60],"floor_reached":28,"campfire_rested":3,"playtime":968,"current_hp_per_floor":[69,73,73,73,78,63,69,69,79,82,82,70,95,95,95,19,95,74,74,74,74,74,74,13,41,41,69],"items_purged":["Decay","Strike_R"],"gold":60,"score":315,"play_id":"7884c877-fe30-44a1-8cf8-1dfb2886c7a9","is_prod":false,"is_daily":false,"is_ascension_mode":true,"campfire_upgraded":4,"path_taken":["M","M","?","$","?","E","M","R","T","M","R","E","R","M","R","BOSS","M","$","?","?","?","R","E","R","T","R","E"],"build_version":"2018-02-12-PROD1","purchased_purges":2,"victory":false,"master_deck":["Strike_R+1","Strike_R","Strike_R+1","Strike_R","Defend_R","Defend_R","Defend_R","Defend_R","Bash","Heavy Blade+1","Shrug It Off","Flame Barrier+1","Headbutt","Double Tap+1","Armaments","Shrug It Off","Demon Form+1","Heavy Blade","Metallicize","Decay","Warcry"],"max_hp_per_floor":[80,80,80,80,85,85,85,85,95,95,95,95,95,95,95,95,95,95,95,95,95,95,95,95,95,95,95],"relics":["Burning Blood","Red Skull","Whetstone","Pear","Blue Candle","Black Star","Champion Belt","Dream Catcher","Bronze Scales","Unceasing Top"],"card_choices":[{"not_picked":["Body Slam","Anger"],"picked":"Heavy Blade"},{"not_picked":["Heavy Blade","Twin Strike"],"picked":"Shrug It Off"},{"not_picked":["Wild Strike","Blood for Blood"],"picked":"Flame Barrier"},{"not_picked":["Anger","True Grit"],"picked":"Headbutt"},{"not_picked":["Armaments","Uppercut"],"picked":"Double Tap"},{"not_picked":["Havoc","Pommel Strike"],"picked":"Armaments"},{"not_picked":["Carnage","Armaments"],"picked":"Shrug It Off"},{"not_picked":["Dark Embrace","Offering"],"picked":"Demon Form"},{"not_picked":["Sever Soul","Twin Strike"],"picked":"Heavy Blade"},{"not_picked":["Cleave","Dual Wield"],"picked":"Warcry"}],"player_experience":170917,"potions_floor_usage":[6,16,24],"damage_taken":[{"damage":17,"enemies":"Jaw Worm","floor":1,"turns":5},{"damage":2,"enemies":"Small Slimes","floor":2,"turns":3},{"damage":21,"enemies":"3 Sentries","floor":6,"turns":10},{"damage":0,"enemies":"2 Louse","floor":7,"turns":2},{"damage":3,"enemies":"Exordium Wildlife","floor":10,"turns":3},{"damage":18,"enemies":"Gremlin Nob","floor":12,"turns":3},{"damage":2,"enemies":"3 Louse","floor":14,"turns":4},{"damage":82,"enemies":"Hexaghost","floor":16,"turns":12},{"damage":27,"enemies":"Spheric Guardian","floor":18,"turns":5},{"damage":67,"enemies":"Slavers","floor":24,"turns":8},{"damage":75,"enemies":"Gremlin Leader","floor":28,"turns":8}],"event_choices":[{"event_name":"Liars Game","player_choice":"disagreed","floor":3,"damage_taken":0},{"event_name":"Big Fish","player_choice":"Donut","floor":5,"damage_taken":0},{"event_name":"Drug Dealer","player_choice":"Got JAXXED","floor":20,"damage_taken":0},{"event_name":"Forgotten Altar","player_choice":"Smashed Altar","floor":21,"damage_taken":0},{"event_name":"Addict","player_choice":"Gave JAX","floor":22,"damage_taken":0}],"boss_relics":[{"not_picked":["Question Card","White Beast Statue"],"picked":"Black Star"}],"potions_floor_spawned":[2,10,12],"seed_played":"2558786663240909054","killed_by":"Gremlin Leader","ascension_level":4,"is_trial":false}