{"path_per_floor":["M","?","?","M","M","R","E","M","T","E","R","M","?","M","R","B",null,"M","M","?","?","T","?","R","E","T","R","M","M","?","M","R"],"character_chosen":"IRONCLAD","items_purchased":[],"gold_per_floor":[119,119,119,139,150,150,177,188,188,222,222,232,197,216,216,315,315,325,338,338,238,285,285,285,320,377,377,390,407,407,422,422],"floor_reached":33,"campfire_rested":4,"playtime":1382,"current_hp_per_floor":[75,72,72,76,80,80,35,31,31,25,49,39,59,65,65,9,62,65,50,50,50,57,40,67,32,32,59,41,33,33,27,54],"items_purged":[],"gold":422,"score":429,"play_id":"c651a876-027e-4bd4-9100-82f00b6b5394","is_prod":false,"is_daily":false,"is_ascension_mode":true,"campfire_upgraded":1,"path_taken":["M","?","?","?","M","R","E","M","T","E","R","M","?","M","R","BOSS","M","M","?","?","?","?","R","E","T","R","M","M","?","M","R","BOSS"],"build_version":"2018-02-12-PROD1","purchased_purges":0,"victory":false,"master_deck":["Strike_R","Strike_R","Strike_R","Strike_R","Strike_R","Defend_R","Defend_R","Defend_R","Defend_R","Bash","Parasite","Whirlwind+1","Iron Wave","Ghostly Armor","Disarm","Flame Barrier","Shrug It Off","Limit Break","Clothesline","J.A.X.","Uppercut","Offering"],"max_hp_per_floor":[80,80,80,80,80,80,80,80,80,80,80,80,80,80,80,80,80,80,80,80,80,87,92,92,92,92,92,92,92,92,92,92],"relics":["Burning Blood","Lantern","Girya","Charon\u0027s Ashes","Ancient Tea Set","Sozu","Strawberry","Bag of Preparation","Tiny Chest","Bronze Scales"],"card_choices":[{"not_picked":["Pommel Strike","Sword Boomerang"],"picked":"Whirlwind"},{"not_picked":["Anger","Dropkick"],"picked":"Iron Wave"},{"not_picked":["Blood for Blood","Clothesline"],"picked":"Ghostly Armor"},{"not_picked":["Clash","Evolve"],"picked":"Disarm"},{"not_picked":["Disarm","Clash"],"picked":"Flame Barrier"},{"not_picked":["Wild Strike","Clash"],"picked":"Shrug It Off"},{"not_picked":["Offering","Brutality"],"picked":"Limit Break"},{"not_picked":["Blood for Blood","Body Slam"],"picked":"Clothesline"},{"not_picked":["Clash","Clothesline"],"picked":"Uppercut"},{"not_picked":["Anger","Hemokinesis"],"picked":"Offering"}],"player_experience":209097,"potions_floor_usage":[10,16],"damage_taken":[{"damage":3,"enemies":"Small Slimes","floor":1,"turns":3},{"damage":2,"enemies":"Jaw Worm","floor":4,"turns":4},{"damage":1,"enemies":"Cultist","floor":5,"turns":4},{"damage":51,"enemies":"Lagavulin","floor":7,"turns":8},{"damage":10,"enemies":"Gremlin Gang","floor":8,"turns":9},{"damage":12,"enemies":"3 Sentries","floor":10,"turns":5},{"damage":16,"enemies":"Exordium Thugs","floor":12,"turns":4},{"damage":0,"enemies":"Red Slaver","floor":14,"turns":5},{"damage":62,"enemies":"Hexaghost","floor":16,"turns":14},{"damage":3,"enemies":"3 Byrds","floor":18,"turns":3},{"damage":21,"enemies":"Shell Parasite","floor":19,"turns":8},{"damage":41,"enemies":"Gremlin Leader","floor":25,"turns":7},{"damage":24,"enemies":"Snecko","floor":28,"turns":7},{"damage":14,"enemies":"Centurion and Healer","floor":29,"turns":5},{"damage":12,"enemies":"3 Cultists","floor":31,"turns":5},{"damage":102,"enemies":"Automaton","floor":33,"turns":6}],"event_choices":[{"event_name":"Scrap Ooze","player_choice":"success","floor":2,"damage_taken":3},{"event_name":"The Lab","player_choice":"Got Potions","floor":3,"damage_taken":0},{"event_name":"The Cleric","player_choice":"Healed","floor":13,"damage_taken":0},{"event_name":"N\u0027loth","player_choice":"Ignored","floor":20,"damage_taken":0},{"event_name":"Drug Dealer","player_choice":"Got JAXXED","floor":21,"damage_taken":0},{"event_name":"Forgotten Altar","player_choice":"Shed Blood","floor":23,"damage_taken":0},{"event_name":"The Mausoleum","player_choice":"Yes","floor":30,"damage_taken":0}],"boss_relics":[{"not_picked":["Lizard Tail","Orrery"],"picked":"Sozu"}],"potions_floor_spawned":[1,4,5,7,19,25,29,31],"seed_played":"4475352580467829395","killed_by":"Automaton","ascension_level":11,"is_trial":false}