{"path_per_floor":["M","?","$","?","?","E","R","E","T","M","M","M","?","$","R","B",null,"M","?","$","?","?","E","R"],"character_chosen":"IRONCLAD","items_purchased":["Iron Wave","Infernal Blade","Shuriken"],"gold_per_floor":[118,118,19,19,19,60,60,91,114,134,150,171,246,112,112,237,237,257,257,17,17,117,161,161],"floor_reached":25,"campfire_rested":1,"playtime":758,"current_hp_per_floor":[80,80,80,80,80,80,80,80,80,80,80,80,69,69,69,37,69,75,59,59,59,59,26,50],"items_purged":["Injury","Strike_R"],"gold":161,"score":344,"play_id":"9058d9ba-7705-4f0c-8c0e-9fab3f9fe6ad","is_prod":false,"is_daily":false,"is_ascension_mode":true,"campfire_upgraded":2,"path_taken":["M","?","$","?","?","E","R","E","T","M","?","M","?","$","R","BOSS","M","?","$","?","?","E","R","E"],"build_version":"2018-02-15-PROD1","purchased_purges":2,"victory":false,"master_deck":["Strike_R+1","Strike_R+1","Defend_R+1","Defend_R","Defend_R+1","Defend_R","Bash","Exhume","Iron Wave+1","Seeing Red+1","True Grit","Spot Weakness","Sword Boomerang+1","Infernal Blade","Double Tap","Inflame+1"],"max_hp_per_floor":[80,80,80,80,80,80,80,80,80,80,80,80,80,80,80,80,80,80,80,80,80,80,80,80],"relics":["Burning Blood","NeowsBlessing","Golden Idol","Gambling Chip","War Paint","Ancient Tea Set","Mark of Pain","Enchiridion","Shuriken","Whetstone"],"card_choices":[{"not_picked":["Sever Soul","Blood for Blood"],"picked":"Exhume"},{"not_picked":["Combust","Hemokinesis"],"picked":"Seeing Red"},{"not_picked":["Flex","Clothesline"],"picked":"True Grit"},{"not_picked":["Sword Boomerang","Reckless Charge"],"picked":"Spot Weakness"},{"not_picked":["Corruption","Clothesline"],"picked":"Sword Boomerang"},{"not_picked":["Feed","Dark Embrace"],"picked":"Double Tap"},{"not_picked":["Sword Boomerang","Bloodletting"],"picked":"Inflame"}],"player_experience":242065,"potions_floor_usage":[],"damage_taken":[{"damage":0.0,"enemies":"Jaw Worm","floor":1.0,"turns":1.0},{"damage":0.0,"enemies":"Lagavulin","floor":6.0,"turns":1.0},{"damage":0.0,"enemies":"3 Sentries","floor":8.0,"turns":1.0},{"damage":0.0,"enemies":"2 Louse","floor":10.0,"turns":2.0},{"damage":0.0,"enemies":"Small Slimes","floor":11.0,"turns":3.0},{"damage":6.0,"enemies":"3 Louse","floor":12.0,"turns":5.0},{"damage":53.0,"enemies":"Hexaghost","floor":16.0,"turns":11.0},{"damage":0.0,"enemies":"Spheric Guardian","floor":18.0,"turns":2.0},{"damage":39,"enemies":"Book of Stabbing","floor":23,"turns":5},{"damage":56,"enemies":"Gremlin Leader","floor":25,"turns":4}],"event_choices":[{"event_name":"Golden Idol","player_choice":"Take Wound","floor":2.0,"damage_taken":0.0},{"event_name":"Upgrade Shrine","player_choice":"Upgraded","floor":4.0,"damage_taken":0.0},{"event_name":"Wheel of Change","player_choice":"Card Removal","floor":5.0,"damage_taken":0.0},{"event_name":"World of Goop","player_choice":"Gather Gold","floor":13.0,"damage_taken":0.0},{"event_name":"Cursed Tome","player_choice":"Obtained Book","floor":19,"damage_taken":0},{"event_name":"Bonfire Elementals","player_choice":"BASIC","floor":21,"damage_taken":0},{"event_name":"Golden Shrine","player_choice":"Pray","floor":22,"damage_taken":0}],"boss_relics":[],"potions_floor_spawned":[1,10,11,16,23],"seed_played":"503366964766538635","killed_by":"Gremlin Leader","ascension_level":5,"is_trial":false}