{"path_per_floor":["M","?","M","$","M","R","E","R","T","M","M","E","?","T","R","B",null,"M","$","M","M","T","R","M","E","T","R","?","M","E","M","R","B",null,"M","T","M","?","M","E","R","M","T","M","M","M","E","M","R","B"],"character_chosen":"IRONCLAD","items_purchased":["Flame Barrier"],"gold_per_floor":[18,18,30,30,50,50,80,80,80,91,107,171,171,171,171,268,268,268,157,157,157,157,157,157,157,157,157,72,72,72,72,72,72,72,72,72,72,72,72,72,72,72,72,72,72,72,72,72,72,72],"floor_reached":51,"campfire_rested":1,"playtime":2794,"current_hp_per_floor":[80,73,79,79,68,68,68,68,75,82,81,54,51,51,51,42,80,85,85,90,94,94,94,96,98,98,98,98,99,99,101,101,86,97,101,101,103,90,96,98,98,104,104,79,93,99,110,110,110,86],"items_purged":["Strike_R"],"gold":72,"score":867,"play_id":"e17ae6de-5544-48da-8965-c63997557ba2","is_prod":false,"is_daily":false,"is_ascension_mode":true,"campfire_upgraded":7,"path_taken":["M","?","M","$","M","R","E","R","T","M","M","E","?","?","R","BOSS","M","$","M","?","?","R","M","E","T","R","?","M","E","M","R","BOSS","M","?","M","?","M","E","R","M","T","M","M","M","E","?","R","BOSS"],"build_version":"2018-02-22-PROD2","purchased_purges":1,"victory":true,"master_deck":["Strike_R","Strike_R","Strike_R","Defend_R","Defend_R","Defend_R","Defend_R","Bash","True Grit+1","Dual Wield","Warcry+1","Shockwave+1","Power Through","Corruption+1","Offering+1","Flex+1","Flame Barrier","True Grit+1","Fiend Fire+1","Sentinel+1","Immolate+1","Immolate+1","Warcry+1","Madness","Madness+1","Flex+1","Warcry+1","Flex+1","Sentinel+1","Flex+1"],"max_hp_per_floor":[80,80,80,80,80,80,83,83,90,93,93,93,93,93,93,93,93,96,96,99,99,99,99,99,99,99,99,99,99,99,101,101,101,101,101,101,103,103,105,105,105,105,105,105,105,105,110,112,112,112],"relics":["Burning Blood","Dead Branch","Art of War","Strawberry","Tiny Chest","Darkstone Periapt","Orichalcum","Ectoplasm","Molten Egg 2","Bag of Preparation","Ice Cream","Singing Bowl","Bottled Flame","Philosopher\u0027s Stone","Ancient Tea Set","Toxic Egg 2","Gambling Chip","Magic Flower"],"card_choices":[{"not_picked":["Bloodletting","Iron Wave"],"picked":"True Grit"},{"not_picked":["Twin Strike","Clash"],"picked":"Dual Wield"},{"not_picked":["Thunderclap","Headbutt"],"picked":"Warcry"},{"not_picked":["Twin Strike","Barricade"],"picked":"Shockwave"},{"not_picked":["Anger","Pommel Strike"],"picked":"Power Through"},{"not_picked":["Clothesline","Reckless Charge"],"picked":"Corruption"},{"not_picked":["Brutality","Demon Form"],"picked":"Offering"},{"not_picked":["Clothesline","Headbutt"],"picked":"Flex"},{"not_picked":["Dropkick","Anger"],"picked":"True Grit"},{"not_picked":["Perfected Strike","Pummel"],"picked":"Fiend Fire"},{"not_picked":["Armaments","Second Wind"],"picked":"Sentinel"},{"not_picked":["Body Slam","Armaments"],"picked":"Immolate"},{"not_picked":["Demon Form","Dark Embrace"],"picked":"Immolate"},{"not_picked":["Cleave","Rupture"],"picked":"Warcry"},{"not_picked":["Evolve","Brutality"],"picked":"Flex"},{"not_picked":["Twin Strike","Inflame"],"picked":"Warcry"},{"not_picked":["Twin Strike","Dropkick"],"picked":"Flex"},{"not_picked":["Rampage","Havoc"],"picked":"Sentinel"},{"not_picked":["Clash","Iron Wave"],"picked":"Flex"}],"player_experience":253811,"potions_floor_usage":[7,11,12],"damage_taken":[{"damage":5,"enemies":"2 Louse","floor":1,"turns":4},{"damage":0,"enemies":"Small Slimes","floor":3,"turns":3},{"damage":17,"enemies":"Jaw Worm","floor":5,"turns":6},{"damage":9,"enemies":"3 Sentries","floor":7,"turns":8},{"damage":8,"enemies":"Blue Slaver","floor":10,"turns":6},{"damage":7,"enemies":"Lots of Slimes","floor":11,"turns":3},{"damage":33,"enemies":"Gremlin Nob","floor":12,"turns":5},{"damage":15,"enemies":"Hexaghost","floor":16,"turns":9},{"damage":4,"enemies":"Shell Parasite","floor":18,"turns":1},{"damage":4,"enemies":"Chosen","floor":20,"turns":2},{"damage":8,"enemies":"Centurion and Healer","floor":21,"turns":4},{"damage":4,"enemies":"Snecko","floor":24,"turns":3},{"damage":4,"enemies":"Book of Stabbing","floor":25,"turns":3},{"damage":4,"enemies":"Sentry and Sphere","floor":29,"turns":1},{"damage":4,"enemies":"Gremlin Leader","floor":30,"turns":2},{"damage":4,"enemies":"Snake Plant","floor":31,"turns":1},{"damage":21,"enemies":"Automaton","floor":33,"turns":7},{"damage":0,"enemies":"3 Shapes","floor":35,"turns":3},{"damage":4,"enemies":"Orb Walker","floor":37,"turns":1},{"damage":28,"enemies":"Maw","floor":39,"turns":5},{"damage":4,"enemies":"Nemesis","floor":40,"turns":1},{"damage":0,"enemies":"4 Shapes","floor":42,"turns":1},{"damage":31,"enemies":"3 Darklings","floor":44,"turns":3},{"damage":15,"enemies":"Maw","floor":45,"turns":4},{"damage":0,"enemies":"Sphere and 2 Shapes","floor":46,"turns":2},{"damage":0,"enemies":"2 Orb Walkers","floor":47,"turns":1},{"damage":11,"enemies":"4 Shapes","floor":48,"turns":2},{"damage":33,"enemies":"Awakened One","floor":50,"turns":6}],"event_choices":[{"event_name":"Golden Wing","player_choice":"Card Removal","floor":2,"damage_taken":0},{"event_name":"Scrap Ooze","player_choice":"success","floor":13,"damage_taken":3},{"event_name":"Addict","player_choice":"Obtained Relic","floor":28,"damage_taken":0},{"event_name":"Winding Halls","player_choice":"Embrace Madness","floor":38,"damage_taken":0}],"boss_relics":[{"not_picked":["Runic Dome","Runic Pyramid"],"picked":"Ectoplasm"},{"not_picked":["Velvet Choker","Lizard Tail"],"picked":"Philosopher\u0027s Stone"}],"potions_floor_spawned":[1,5,10,16,18,20,24,39,44,45],"seed_played":"-3942767821175973020","ascension_level":5,"is_trial":false}