{"path_per_floor":["M","M","$","?","?","R","?","$","T","R","E","M","E","M","R","B",null,"M","?","M","?","M","E"],"character_chosen":"IRONCLAD","items_purchased":["Membership Card","Shrug It Off"],"gold_per_floor":[366,376,301,301,301,301,376,52,77,77,107,119,151,167,167,268,268,286,386,403,403,419,448],"floor_reached":24,"campfire_rested":2,"playtime":914,"current_hp_per_floor":[46,49,49,42,26,50,39,39,39,63,65,71,74,71,71,71,80,72,72,70,70,57,12],"items_purged":["Strike_R","Defend_R"],"gold":448,"score":235,"play_id":"b43f1ce0-6a24-49bb-80ec-f48085d04c51","is_prod":false,"is_daily":false,"is_ascension_mode":true,"campfire_upgraded":1,"path_taken":["M","M","$","?","?","R","?","?","T","R","E","M","E","M","R","BOSS","M","?","?","?","?","E","M"],"build_version":"2018-02-22-PROD2","purchased_purges":2,"victory":false,"master_deck":["Strike_R+1","Defend_R","Bash","Uppercut+1","Twin Strike+1","Shrug It Off","Metallicize","Metallicize","Demon Form","Blood for Blood+1","Dark Embrace+1","Spot Weakness+1","Power Through","Whirlwind"],"max_hp_per_floor":[80,80,80,80,80,80,80,80,80,80,80,80,80,80,80,80,80,80,80,80,80,80,80],"relics":["Burning Blood","Membership Card","Bronze Scales","Ancient Tea Set","Kunai","Astrolabe","Darkstone Periapt"],"card_choices":[{"not_picked":["Feel No Pain","Perfected Strike"],"picked":"Uppercut"},{"not_picked":["Wild Strike","Warcry"],"picked":"Twin Strike"},{"not_picked":["Disarm","Bludgeon"],"picked":"Metallicize"},{"not_picked":["Sword Boomerang","Body Slam"],"picked":"Metallicize"},{"not_picked":["Juggernaut","Exhume"],"picked":"Demon Form"},{"not_picked":["Rampage","Metallicize"],"picked":"Whirlwind"}],"player_experience":107020,"potions_floor_usage":[11,13,16,16,23,23],"damage_taken":[{"damage":0,"enemies":"2 Louse","floor":1,"turns":2},{"damage":3,"enemies":"Jaw Worm","floor":2,"turns":3},{"damage":4,"enemies":"Gremlin Nob","floor":11,"turns":3},{"damage":0,"enemies":"Cultist","floor":12,"turns":2},{"damage":15,"enemies":"Lagavulin","floor":13,"turns":6},{"damage":9,"enemies":"Exordium Wildlife","floor":14,"turns":3},{"damage":6,"enemies":"The Guardian","floor":16,"turns":10},{"damage":14,"enemies":"3 Byrds","floor":18,"turns":3},{"damage":8,"enemies":"Spheric Guardian","floor":20,"turns":4},{"damage":19,"enemies":"Snake Plant","floor":22,"turns":5},{"damage":66,"enemies":"Gremlin Leader","floor":23,"turns":6},{"damage":13,"enemies":"Slaver and Parasite","floor":24,"turns":3}],"event_choices":[{"event_name":"Golden Wing","player_choice":"Card Removal","floor":4,"damage_taken":0},{"event_name":"Shining Light","player_choice":"Entered Light","floor":5,"damage_taken":0},{"event_name":"World of Goop","player_choice":"Gather Gold","floor":7,"damage_taken":0},{"event_name":"Golden Shrine","player_choice":"Pray","floor":19,"damage_taken":0},{"event_name":"Transmorgrifier","player_choice":"Transform","floor":21,"damage_taken":0}],"boss_relics":[{"not_picked":["Philosopher\u0027s Stone","White Beast Statue"],"picked":"Astrolabe"}],"potions_floor_spawned":[1,2,11,14,18,22],"seed_played":"8686126883614567936","killed_by":"Slaver and Parasite","ascension_level":1,"is_trial":false}