{"path_per_floor":["M","M","M","?","?","R","T","E","T","R","$","E","M","?","R","B",null,"M","?","M","M","$","R","M","R","T","?","R","$","E","?","R","B",null,"M","M","?","M","?","E","?","M","T","R","?","E","?","$","R"],"character_chosen":"IRONCLAD","items_purchased":["Flash of Steel","Immolate"],"gold_per_floor":[112,130,148,148,148,148,148,182,182,182,0,25,35,35,35,135,135,145,145,160,177,77,77,90,90,116,116,116,36,69,69,69,166,166,184,203,250,270,0,31,31,41,41,41,41,66,66,66,66],"floor_reached":50,"campfire_rested":0,"playtime":1337,"current_hp_per_floor":[80,79,80,73,57,57,57,44,44,44,44,40,46,46,46,28,67,69,69,75,79,79,79,80,80,80,80,80,80,80,80,80,80,80,79,80,82,94,94,45,45,61,63,63,63,69,57,57,57],"items_purged":["Strike_R","Defend_R"],"gold":66,"score":744,"play_id":"e46a380e-65bd-41a1-bfe0-b746b67daa3c","is_prod":false,"is_daily":false,"is_ascension_mode":true,"campfire_upgraded":6,"path_taken":["M","M","M","?","?","R","?","E","T","R","$","E","M","?","R","BOSS","M","?","M","M","$","R","M","R","T","?","R","$","E","?","R","BOSS","M","M","?","M","?","E","?","M","T","R","?","E","?","$","R","BOSS"],"build_version":"2018-02-15-PROD1","purchased_purges":2,"victory":false,"master_deck":["Strike_R+1","Strike_R+1","Defend_R+1","Defend_R+1","Defend_R+1","Bash","Doubt","Sword Boomerang+1","Flame Barrier+1","Pommel Strike+1","Flex+1","Flash of Steel","Sword Boomerang","Sword Boomerang","Regret","Limit Break+1","Parasite","Doubt","Injury","Offering+1","Flex","Warcry+1","Immolate","Immolate","Reaper","Seeing Red","Sword Boomerang","Burning Pact+1","Fiend Fire","Madness","Madness"],"max_hp_per_floor":[80,80,80,80,80,80,80,80,80,80,80,80,80,80,80,80,80,80,80,80,80,80,80,80,80,80,80,80,80,80,80,80,80,80,80,80,94,94,94,94,94,94,96,96,96,98,98,98,98],"relics":["Burning Blood","Du-Vu Doll","Charon\u0027s Ashes","War Paint","Bottled Flame","Ancient Tea Set","Peace Pipe","Calling Bell","Frozen Eye","Anchor","Girya","Prayer Wheel","Juzu Bracelet","Sozu","Mango","Red Mask","Singing Bowl","Magic Flower","Bag of Marbles"],"card_choices":[{"not_picked":["Flex","Pummel"],"picked":"Sword Boomerang"},{"not_picked":["Wild Strike","Shockwave"],"picked":"Flame Barrier"},{"not_picked":["Juggernaut","Perfected Strike"],"picked":"Pommel Strike"},{"not_picked":["Bloodletting","Clothesline"],"picked":"Flex"},{"not_picked":["Heavy Blade","Cleave"],"picked":"Sword Boomerang"},{"not_picked":["Perfected Strike","Shockwave"],"picked":"Sword Boomerang"},{"not_picked":["Bludgeon","Offering"],"picked":"Limit Break"},{"not_picked":["Heavy Blade","Clothesline"],"picked":"Offering"},{"not_picked":["Havoc","Armaments"],"picked":"Flex"},{"not_picked":["Shrug It Off","Headbutt"],"picked":"Warcry"},{"not_picked":["Impervious","Limit Break"],"picked":"Reaper"},{"not_picked":["Wild Strike","Anger"],"picked":"Seeing Red"},{"not_picked":["Pommel Strike","Rage"],"picked":"Sword Boomerang"},{"not_picked":["Cleave","Spot Weakness"],"picked":"Evolve"},{"not_picked":["Iron Wave","Cleave"],"picked":"Fiend Fire"}],"player_experience":249020,"potions_floor_usage":[],"damage_taken":[{"damage":3,"enemies":"2 Louse","floor":1,"turns":3},{"damage":7,"enemies":"Jaw Worm","floor":2,"turns":3},{"damage":0,"enemies":"Cultist","floor":3,"turns":3},{"damage":19,"enemies":"3 Sentries","floor":8,"turns":6},{"damage":10,"enemies":"Lagavulin","floor":12,"turns":6},{"damage":0,"enemies":"Large Slime","floor":13,"turns":3},{"damage":24,"enemies":"Hexaghost","floor":16,"turns":7},{"damage":4,"enemies":"Spheric Guardian","floor":18,"turns":3},{"damage":0,"enemies":"Chosen","floor":20,"turns":2},{"damage":2,"enemies":"Sentry and Sphere","floor":21,"turns":3},{"damage":4,"enemies":"Centurion and Healer","floor":24,"turns":1},{"damage":4,"enemies":"Gremlin Leader","floor":30,"turns":3},{"damage":4,"enemies":"Automaton","floor":33,"turns":4},{"damage":7,"enemies":"3 Shapes","floor":35,"turns":2},{"damage":0,"enemies":"Orb Walker","floor":36,"turns":1},{"damage":25,"enemies":"Mysterious Sphere","floor":37,"turns":3},{"damage":7,"enemies":"4 Shapes","floor":38,"turns":2},{"damage":67,"enemies":"Nemesis","floor":40,"turns":5},{"damage":5,"enemies":"Maw","floor":42,"turns":5},{"damage":5,"enemies":"Giant Head","floor":46,"turns":5},{"damage":104,"enemies":"Donu and Deca","floor":50,"turns":5}],"event_choices":[{"event_name":"Golden Wing","player_choice":"Card Removal","floor":4,"damage_taken":0},{"event_name":"Shining Light","player_choice":"Entered Light","floor":5,"damage_taken":0},{"event_name":"Big Fish","player_choice":"Box","floor":14,"damage_taken":0},{"event_name":"Back to Basics","player_choice":"Simplicity","floor":19,"damage_taken":0},{"event_name":"The Library","player_choice":"Read","floor":27,"damage_taken":0},{"event_name":"Vampires","player_choice":"Ignored","floor":31,"damage_taken":0},{"event_name":"Mysterious Sphere","player_choice":"Fight","floor":37,"damage_taken":0},{"event_name":"Tomb of Lord Red Mask","player_choice":"Paid","floor":39,"damage_taken":0},{"event_name":"Transmorgrifier","player_choice":"Transform","floor":41,"damage_taken":0},{"event_name":"Winding Halls","player_choice":"Embrace Madness","floor":47,"damage_taken":0}],"boss_relics":[{"not_picked":["Runic Dome","Black Blood"],"picked":"Calling Bell"},{"not_picked":["Black Star","Philosopher\u0027s Stone"],"picked":"Sozu"}],"potions_floor_spawned":[8,13,16,18,24,30,33,35,36,42],"seed_played":"7516738972564131324","killed_by":"Donu and Deca","ascension_level":5,"is_trial":false}