{"path_per_floor":["M","$","?","M","?","R","?","R","T","M","R","M","R","$","R","B",null,"M","M","M"],"character_chosen":"IRONCLAD","items_purchased":["Metallicize","Toxic Egg 2","True Grit"],"gold_per_floor":[111,3,3,16,16,16,266,266,290,301,301,315,315,29,29,133,133,147,163,175],"floor_reached":21,"campfire_rested":1,"playtime":728,"current_hp_per_floor":[78,78,71,77,77,77,77,77,77,74,74,67,67,67,80,47,72,29,33,8],"items_purged":["Strike_R"],"gold":175,"score":237,"play_id":"5cd25087-7fb2-4361-93f2-f52c9eeb6485","is_prod":false,"is_daily":false,"is_ascension_mode":true,"campfire_upgraded":4,"path_taken":["M","$","?","M","?","R","?","R","T","M","R","?","R","$","R","BOSS","M","M","?","?"],"build_version":"2018-02-15-PROD1","purchased_purges":2,"victory":false,"master_deck":["Strike_R","Strike_R+1","Strike_R","Strike_R+1","Defend_R","Defend_R","Defend_R","Bash","Armaments+1","Metallicize+1","Inflame+1","Regret","Shrug It Off+1","Shockwave+1","True Grit+1","Feed","Headbutt","Double Tap+1","Uppercut"],"max_hp_per_floor":[80,80,80,80,80,80,80,80,80,80,80,80,80,80,80,80,80,84,84,84],"relics":["Burning Blood","Whetstone","Pen Nib","Toxic Egg 2","White Beast Statue"],"card_choices":[{"not_picked":["Headbutt","Body Slam"],"picked":"Armaments"},{"not_picked":["Metallicize","Feel No Pain"],"picked":"Inflame"},{"not_picked":["Thunderclap","Sword Boomerang"],"picked":"Shrug It Off"},{"not_picked":["Havoc","Burning Pact"],"picked":"Shockwave"},{"not_picked":["Limit Break","Brutality"],"picked":"Feed"},{"not_picked":["Anger","Iron Wave"],"picked":"Headbutt"},{"not_picked":["Iron Wave","Dual Wield"],"picked":"Double Tap"},{"not_picked":["Disarm","Body Slam"],"picked":"Uppercut"}],"player_experience":246620,"potions_floor_usage":[16,19],"damage_taken":[{"damage":0,"enemies":"Small Slimes","floor":1,"turns":3},{"damage":0,"enemies":"Cultist","floor":4,"turns":4},{"damage":9,"enemies":"Jaw Worm","floor":10,"turns":3},{"damage":13,"enemies":"Large Slime","floor":12,"turns":6},{"damage":39,"enemies":"Slime Boss","floor":16,"turns":9},{"damage":53,"enemies":"Spheric Guardian","floor":18,"turns":10},{"damage":17,"enemies":"Chosen","floor":19,"turns":6},{"damage":31,"enemies":"Snake Plant","floor":20,"turns":5},{"damage":12,"enemies":"Slaver and Parasite","floor":21,"turns":1}],"event_choices":[{"event_name":"Golden Wing","player_choice":"Card Removal","floor":3,"damage_taken":0},{"event_name":"Upgrade Shrine","player_choice":"Upgraded","floor":5,"damage_taken":0},{"event_name":"Golden Shrine","player_choice":"Desecrate","floor":7,"damage_taken":0}],"boss_relics":[{"not_picked":["Pandora\u0027s Box","Calling Bell"],"picked":"White Beast Statue"}],"potions_floor_spawned":[10,18,19,20],"seed_played":"-1977775317857002131","killed_by":"Slaver and Parasite","ascension_level":8,"is_trial":false}