{"path_per_floor":["M","?","M","$","$","R","M","R","T","R","E","M","R","M","R","B",null,"M","M","M","$","M"],"character_chosen":"IRONCLAD","items_purchased":["Flash of Steel"],"gold_per_floor":[111,186,205,130,30,30,47,47,47,47,79,95,95,115,115,220,220,235,245,257,38,55],"floor_reached":23,"campfire_rested":0,"playtime":712,"current_hp_per_floor":[78,67,67,67,67,67,67,67,67,67,58,55,55,54,54,20,80,68,46,14,14,3],"items_purged":["Defend_R","Defend_R","Strike_R"],"gold":55,"score":193,"play_id":"b65ff6e6-ba81-4c73-a2aa-69ec526febd6","is_prod":false,"is_daily":false,"is_ascension_mode":false,"campfire_upgraded":5,"path_taken":["M","?","M","?","$","R","M","R","T","R","E","M","R","M","R","BOSS","M","M","M","$","?","M"],"build_version":"2018-02-22-PROD2","purchased_purges":3,"victory":false,"master_deck":["Strike_R+1","Strike_R","Strike_R","Strike_R+1","Defend_R","Defend_R","Bash+1","Shrug It Off+1","Flame Barrier+1","Offering","Evolve","Pommel Strike+1","Flash of Steel","Dropkick+1"],"max_hp_per_floor":[80,80,80,80,80,80,80,80,80,80,80,80,80,80,80,80,80,80,80,80,80,80],"relics":["Sozu"],"card_choices":[{"not_picked":["Headbutt","Rage"],"picked":"Shrug It Off"},{"not_picked":["Rupture","Body Slam"],"picked":"Flame Barrier"},{"not_picked":["Feed","Brutality"],"picked":"Offering"},{"not_picked":["Pommel Strike","True Grit"],"picked":"Evolve"},{"not_picked":["Clothesline","Heavy Blade"],"picked":"Pommel Strike"},{"not_picked":["Thunderclap","Hemokinesis"],"picked":"Dropkick"}],"player_experience":472063,"potions_floor_usage":[],"damage_taken":[{"damage":2,"enemies":"2 Louse","floor":1,"turns":3},{"damage":0,"enemies":"Cultist","floor":3,"turns":3},{"damage":0,"enemies":"Small Slimes","floor":7,"turns":3},{"damage":9,"enemies":"Lagavulin","floor":11,"turns":5},{"damage":3,"enemies":"2 Fungi Beasts","floor":12,"turns":3},{"damage":1,"enemies":"Large Slime","floor":14,"turns":4},{"damage":34,"enemies":"Hexaghost","floor":16,"turns":10},{"damage":12,"enemies":"Shell Parasite","floor":18,"turns":6},{"damage":22,"enemies":"Chosen","floor":19,"turns":7},{"damage":32,"enemies":"3 Cultists","floor":20,"turns":8},{"damage":11,"enemies":"Snake Plant","floor":22,"turns":5},{"damage":5,"enemies":"Cultist and Chosen","floor":23,"turns":1}],"event_choices":[{"event_name":"World of Goop","player_choice":"Gather Gold","floor":2,"damage_taken":0}],"boss_relics":[{"not_picked":[]}],"potions_floor_spawned":[3,7,20],"seed_played":"5499595849557951159","killed_by":"Cultist and Chosen","ascension_level":0,"is_trial":false}