{"path_per_floor":["M","M","?","?","$","R","M","E","T","R","E","M","?","$","R","B",null,"M","?"],"character_chosen":"IRONCLAD","items_purchased":["Dead Branch"],"gold_per_floor":[118,138,138,138,63,63,82,123,173,173,217,240,315,12,12,141,141,115,115],"floor_reached":20,"campfire_rested":1,"playtime":601,"current_hp_per_floor":[62,63,63,63,63,63,65,50,50,50,43,48,37,37,61,30,68,26,26],"items_purged":["Injury"],"gold":115,"score":270,"play_id":"f2cbe50e-4fc4-43c5-9ad1-e427ef46f9b5","is_prod":false,"is_daily":false,"is_ascension_mode":true,"campfire_upgraded":2,"path_taken":["M","M","?","?","?","R","?","E","T","R","E","M","?","?","R","BOSS","M","?","M"],"build_version":"2018-02-22-PROD2","purchased_purges":1,"victory":false,"master_deck":["Strike_R","Strike_R","Strike_R","Strike_R","Strike_R","Defend_R","Defend_R","Defend_R","Defend_R","Bash","Parasite","True Grit+1","Inflame","Clash","Double Tap+1","Armaments","Clash","Limit Break","Injury","Writhe","Writhe","Dropkick"],"max_hp_per_floor":[80,80,80,80,80,80,80,80,80,80,80,80,80,80,80,80,80,80,80],"relics":["Burning Blood","Singing Bowl","Golden Idol","Thread and Needle","Ancient Tea Set","Letter Opener","Dead Branch","Calling Bell","Dream Catcher","Vajra","Omamori"],"card_choices":[{"not_picked":["Cleave","Clothesline"],"picked":"True Grit"},{"not_picked":["Uppercut","Evolve"],"picked":"Inflame"},{"not_picked":["Twin Strike","Reaper"],"picked":"Clash"},{"not_picked":["Power Through","Pummel"],"picked":"Double Tap"},{"not_picked":["Rupture","Battle Trance"],"picked":"Armaments"},{"not_picked":["Warcry","Body Slam"],"picked":"Clash"},{"not_picked":["Reaper","Berserk"],"picked":"Limit Break"},{"not_picked":["Bloodletting","Clothesline"],"picked":"Dropkick"}],"player_experience":271568,"potions_floor_usage":[8,16,16,18],"damage_taken":[{"damage":16,"enemies":"Cultist","floor":1,"turns":4},{"damage":5,"enemies":"Small Slimes","floor":2,"turns":4},{"damage":4,"enemies":"Jaw Worm","floor":7,"turns":5},{"damage":21,"enemies":"Lagavulin","floor":8,"turns":7},{"damage":13,"enemies":"Gremlin Nob","floor":11,"turns":4},{"damage":1,"enemies":"Looter","floor":12,"turns":3},{"damage":37,"enemies":"Hexaghost","floor":16,"turns":8},{"damage":48,"enemies":"2 Thieves","floor":18,"turns":5},{"damage":34,"enemies":"Spheric Guardian","floor":20,"turns":5}],"event_choices":[{"event_name":"Golden Idol","player_choice":"Take Wound","floor":3,"damage_taken":0},{"event_name":"The Lab","player_choice":"Got Potions","floor":4,"damage_taken":0},{"event_name":"World of Goop","player_choice":"Gather Gold","floor":13,"damage_taken":0},{"event_name":"Vampires","player_choice":"Ignored","floor":19,"damage_taken":0}],"boss_relics":[{"not_picked":["Runic Pyramid","Runic Dome"],"picked":"Calling Bell"}],"potions_floor_spawned":[2,7,12],"seed_played":"4008770011858826444","killed_by":"Spheric Guardian","ascension_level":10,"is_trial":false}