{"path_per_floor":["M","M","?","M","$","R","M","M","T","?","R","?","M","M","R","B",null,"M","?","M","$","M"],"character_chosen":"IRONCLAD","items_purchased":["Blood Vial"],"gold_per_floor":[116,135,135,155,9,9,27,50,50,30,30,30,55,75,75,205,205,219,219,232,157,176],"floor_reached":23,"campfire_rested":0,"playtime":1033,"current_hp_per_floor":[80,80,60,66,66,66,74,76,76,76,76,69,67,75,75,58,80,66,66,64,64,55],"items_purged":["Decay"],"gold":176,"score":185,"play_id":"57edd11b-3612-40d3-a426-2eed5e0b24d2","is_prod":false,"is_daily":false,"is_ascension_mode":false,"campfire_upgraded":3,"path_taken":["M","M","?","M","$","R","M","M","T","?","R","?","?","M","R","BOSS","M","?","M","$","M","E"],"build_version":"2018-02-22-PROD2","purchased_purges":1,"victory":false,"master_deck":["Strike_R","Strike_R","Strike_R","Strike_R","Defend_R","Defend_R","Defend_R","Bash+1","Reckless Charge","Pommel Strike+1","Battle Trance","Armaments+1","Metallicize","Injury","Writhe","Infernal Blade","Twin Strike","Uppercut"],"max_hp_per_floor":[80,80,80,80,80,80,80,80,80,80,80,80,80,80,80,80,80,80,80,80,80,80],"relics":["Burning Blood","Golden Idol","Blood Vial","Bag of Preparation","Calling Bell","Omamori","Sundial","Magic Flower"],"card_choices":[{"not_picked":["Infernal Blade","Heavy Blade"],"picked":"Reckless Charge"},{"not_picked":["Havoc","Armaments"],"picked":"Pommel Strike"},{"not_picked":["Warcry","True Grit"],"picked":"Battle Trance"},{"not_picked":["Double Tap","Havoc"],"picked":"Armaments"},{"not_picked":["Armaments","Heavy Blade"],"picked":"Metallicize"},{"not_picked":["Barricade","Impervious"],"picked":"Double Tap"},{"not_picked":["Intimidate","Clash"],"picked":"Infernal Blade"},{"not_picked":["Iron Wave","Headbutt"],"picked":"Twin Strike"},{"not_picked":["Shrug It Off","Pommel Strike"],"picked":"Uppercut"}],"player_experience":95200,"potions_floor_usage":[7,8,16,20],"damage_taken":[{"damage":3,"enemies":"Jaw Worm","floor":1,"turns":4},{"damage":0,"enemies":"2 Louse","floor":2,"turns":2},{"damage":0,"enemies":"Small Slimes","floor":4,"turns":3},{"damage":0,"enemies":"Looter","floor":7,"turns":2},{"damage":6,"enemies":"Gremlin Gang","floor":8,"turns":3},{"damage":10,"enemies":"Blue Slaver","floor":13,"turns":2},{"damage":0,"enemies":"Large Slime","floor":14,"turns":4},{"damage":25,"enemies":"Slime Boss","floor":16,"turns":7},{"damage":23,"enemies":"Shell Parasite","floor":18,"turns":7},{"damage":24,"enemies":"Spheric Guardian","floor":20,"turns":5},{"damage":21,"enemies":"Snake Plant","floor":22,"turns":4},{"damage":66,"enemies":"Book of Stabbing","floor":23,"turns":6}],"event_choices":[{"event_name":"Golden Idol","player_choice":"Take Damage","floor":3,"damage_taken":0},{"event_name":"The Woman in Blue","player_choice":"Bought 1 Potion","floor":10,"damage_taken":0},{"event_name":"Golden Wing","player_choice":"Card Removal","floor":12,"damage_taken":0},{"event_name":"Back to Basics","player_choice":"Elegance","floor":19,"damage_taken":0}],"boss_relics":[{"not_picked":["Velvet Choker","Orrery"],"picked":"Calling Bell"}],"potions_floor_spawned":[1,2,16,18],"seed_played":"2903941925940295479","killed_by":"Book of Stabbing","ascension_level":0,"is_trial":false}