{"path_per_floor":["M","M","?","M","?","R","M","?","T","M","R","T","?","M","R","B",null,"M","M","M","$","?","R","?","M","T","M","T","M","?","M","R"],"character_chosen":"IRONCLAD","items_purchased":["Thread and Needle"],"gold_per_floor":[116,132,82,98,98,98,113,113,113,129,129,154,183,201,201,299,299,316,331,343,31,31,31,31,50,95,108,132,145,145,160,160],"floor_reached":33,"campfire_rested":2,"playtime":1475,"current_hp_per_floor":[76,80,80,80,85,85,79,72,72,85,85,85,85,85,85,37,73,51,35,32,32,32,57,57,48,48,20,20,36,36,42,67],"items_purged":[],"gold":160,"score":337,"play_id":"57e68f45-e026-4030-bf24-781b38588f43","is_prod":false,"is_daily":false,"is_ascension_mode":true,"campfire_upgraded":3,"path_taken":["M","M","?","M","?","R","M","?","T","?","R","?","?","M","R","BOSS","M","M","?","$","?","R","?","?","T","M","?","M","?","M","R","BOSS"],"build_version":"2018-02-15-PROD1","purchased_purges":0,"victory":false,"master_deck":["Strike_R+1","Strike_R+1","Strike_R","Defend_R","Defend_R","Defend_R","Defend_R","Bash","Shrug It Off","Armaments+1","Cleave+1","Reaper","Headbutt","Infernal Blade+1","Iron Wave","Barricade","Evolve","Decay","Berserk","Iron Wave+1","True Grit+1","Ghostly Armor"],"max_hp_per_floor":[80,80,80,80,85,85,85,85,85,85,85,85,85,85,85,85,85,85,85,85,85,85,85,85,85,85,85,85,85,85,85,85],"relics":["Burning Blood","Bag of Marbles","Vajra","Orichalcum","Odd Mushroom","Question Card","Thread and Needle","Happy Flower","Whetstone","Pen Nib"],"card_choices":[{"not_picked":["Disarm","Intimidate"],"picked":"Shrug It Off"},{"not_picked":["Evolve","Warcry"],"picked":"Armaments"},{"not_picked":["Clash","Shrug It Off"],"picked":"Cleave"},{"not_picked":["Infernal Blade","Hemokinesis"],"picked":"Reaper"},{"not_picked":["Anger","Combust"],"picked":"Headbutt"},{"not_picked":["Intimidate","Flex"],"picked":"Infernal Blade"},{"not_picked":["Anger","Power Through"],"picked":"Iron Wave"},{"not_picked":["Juggernaut","Offering"],"picked":"Barricade"},{"not_picked":["Carnage","Perfected Strike","Sentinel"],"picked":"Evolve"},{"not_picked":["Warcry","Burning Pact","Rupture"],"picked":"Berserk"},{"not_picked":["Inflame","Sword Boomerang","Body Slam"],"picked":"Iron Wave"},{"not_picked":["Warcry","Whirlwind","Pommel Strike"],"picked":"True Grit"},{"not_picked":["Havoc","Wild Strike","Rage"],"picked":"Ghostly Armor"}],"player_experience":249870,"potions_floor_usage":[13,16,16,16,25,31,33],"damage_taken":[{"damage":2,"enemies":"2 Louse","floor":1,"turns":3},{"damage":0,"enemies":"Small Slimes","floor":2,"turns":3},{"damage":0,"enemies":"Jaw Worm","floor":4,"turns":5},{"damage":12,"enemies":"Large Slime","floor":7,"turns":9},{"damage":1,"enemies":"3 Louse","floor":10,"turns":3},{"damage":0,"enemies":"The Mushroom Lair","floor":13,"turns":1},{"damage":6,"enemies":"Blue Slaver","floor":14,"turns":3},{"damage":62,"enemies":"Slime Boss","floor":16,"turns":12},{"damage":31,"enemies":"Chosen","floor":18,"turns":6},{"damage":31,"enemies":"3 Byrds","floor":19,"turns":7},{"damage":19,"enemies":"Centurion and Healer","floor":20,"turns":12},{"damage":25,"enemies":"Chosen and Byrds","floor":25,"turns":10},{"damage":48,"enemies":"Cultist and Chosen","floor":27,"turns":9},{"damage":0,"enemies":"Centurion and Healer","floor":29,"turns":6},{"damage":7,"enemies":"Snecko","floor":31,"turns":6},{"damage":100,"enemies":"Collector","floor":33,"turns":7}],"event_choices":[{"event_name":"The Cleric","player_choice":"Card Removal","floor":3,"damage_taken":0},{"event_name":"Big Fish","player_choice":"Donut","floor":5,"damage_taken":0},{"event_name":"Golden Wing","player_choice":"Card Removal","floor":8,"damage_taken":0},{"event_name":"Mushrooms","player_choice":"Fought Mushrooms","floor":13,"damage_taken":0},{"event_name":"Forgotten Altar","player_choice":"Smashed Altar","floor":22,"damage_taken":0},{"event_name":"The Mausoleum","player_choice":"Yes","floor":24,"damage_taken":0},{"event_name":"Accursed Blacksmith","player_choice":"Forge","floor":30,"damage_taken":0}],"boss_relics":[{"not_picked":["Black Star","Calling Bell"],"picked":"Question Card"}],"potions_floor_spawned":[1,10,13,14,20,27,31],"seed_played":"-580756385384987112","killed_by":"Collector","ascension_level":8,"is_trial":false}