{"path_per_floor":["M","?","?","?","M","R","E","R","T","M","?","M","E","$","R","B",null,"M","?","?","M","?","R","E","M","T","E","M","E","$","M","R","B",null,"M","?","?","M","M","E","R","E","T","R","M","?","?","M","R","B"],"character_chosen":"IRONCLAD","items_purchased":["Corruption","Bag of Marbles","Strength Potion","Panache","Battle Trance"],"gold_per_floor":[110,110,110,185,197,197,225,225,225,236,236,249,282,0,0,102,102,117,117,117,137,137,137,165,183,230,257,268,299,18,35,35,138,138,152,197,197,207,217,252,252,283,283,283,300,300,300,313,313,313],"floor_reached":51,"campfire_rested":0,"playtime":2754,"current_hp_per_floor":[78,78,78,67,77,77,80,80,80,80,80,76,62,62,62,64,76,77,77,77,80,64,64,72,66,66,73,82,83,83,82,82,82,83,83,83,73,79,76,83,83,86,86,86,86,86,86,86,86,44],"items_purged":[],"gold":313,"score":1076,"play_id":"032c8473-f96a-4386-8153-0775ad6d4966","is_prod":false,"is_daily":false,"is_ascension_mode":true,"campfire_upgraded":5,"path_taken":["M","?","?","?","M","R","E","R","T","M","?","M","E","$","R","BOSS","M","?","?","?","?","R","E","?","T","E","M","E","$","M","R","BOSS","M","?","?","M","M","E","R","E","T","R","M","?","?","?","R","BOSS"],"build_version":"2018-02-22-PROD2","purchased_purges":0,"victory":true,"master_deck":["Strike_R","Strike_R+1","Strike_R","Strike_R","Defend_R","Defend_R","Defend_R","Defend_R","Bash","Iron Wave+1","Bandage Up","Regret","Armaments+1","Intimidate","Seeing Red","Clash+1","Corruption+1","Double Tap+1","Inflame","Dropkick","True Grit+1","Seeing Red","Armaments","Disarm","Panache+1","Battle Trance","Flex","Armaments+1","Shockwave+1","Madness","Madness","Spot Weakness","Flame Barrier+1","Seeing Red","Dual Wield","Entrench"],"max_hp_per_floor":[80,80,80,80,80,80,80,80,80,80,80,80,80,80,80,80,80,80,80,80,80,80,80,83,83,83,83,83,83,83,83,83,83,83,83,83,83,83,83,86,86,86,86,86,86,86,86,86,86,86],"relics":["Burning Blood","NeowsBlessing","Dead Branch","Thread and Needle","Charon\u0027s Ashes","Regal Pillow","Bag of Marbles","Black Star","Self Forming Clay","Enchiridion","Torii","Unceasing Top","Dream Catcher","Bronze Scales","Whetstone","Lantern","Anchor","Sozu","Shovel","Frozen Eye","Du-Vu Doll","Blood Vial","Bottled Tornado","The Courier","Ginger","Orichalcum","Molten Egg 2"],"card_choices":[{"not_picked":["Warcry","Havoc"],"picked":"Iron Wave"},{"not_picked":["Thunderclap","Sword Boomerang"],"picked":"Armaments"},{"not_picked":["Dual Wield","Sword Boomerang"],"picked":"Intimidate"},{"not_picked":["Pommel Strike","Flex"],"picked":"Seeing Red"},{"not_picked":["Havoc","Power Through"],"picked":"Clash"},{"not_picked":["Berserk","Impervious"],"picked":"Double Tap"},{"not_picked":["Armaments","Rampage"],"picked":"Inflame"},{"not_picked":["Flame Barrier","Shrug It Off"],"picked":"True Grit"},{"not_picked":["Headbutt","Sever Soul"],"picked":"Seeing Red"},{"not_picked":["Clothesline","Headbutt"],"picked":"Armaments"},{"not_picked":["Evolve","Headbutt"],"picked":"Disarm"},{"not_picked":["Clash","Armaments"],"picked":"Flex"},{"not_picked":["Sword Boomerang","Whirlwind"],"picked":"Armaments"},{"not_picked":["Clash","Iron Wave"],"picked":"Shockwave"},{"not_picked":["Thunderclap","Metallicize"],"picked":"Spot Weakness"},{"not_picked":["Anger","Flex"],"picked":"Flame Barrier"},{"not_picked":["Sword Boomerang","Perfected Strike"],"picked":"Seeing Red"},{"not_picked":["Sever Soul","Berserk"],"picked":"Dual Wield"},{"not_picked":["Wild Strike","Blood for Blood"],"picked":"Entrench"}],"player_experience":268814,"potions_floor_usage":[13,24,25,36],"damage_taken":[{"damage":0,"enemies":"Jaw Worm","floor":1,"turns":1},{"damage":0,"enemies":"Cultist","floor":5,"turns":1},{"damage":0,"enemies":"Gremlin Nob","floor":7,"turns":1},{"damage":2,"enemies":"2 Louse","floor":10,"turns":2},{"damage":14,"enemies":"Large Slime","floor":12,"turns":8},{"damage":26,"enemies":"Lagavulin","floor":13,"turns":7},{"damage":8,"enemies":"The Guardian","floor":16,"turns":6},{"damage":9,"enemies":"Shell Parasite","floor":18,"turns":6},{"damage":6,"enemies":"Chosen","floor":21,"turns":4},{"damage":7,"enemies":"Gremlin Leader","floor":24,"turns":7},{"damage":16,"enemies":"Snake Plant","floor":25,"turns":3},{"damage":3,"enemies":"Book of Stabbing","floor":27,"turns":4},{"damage":1,"enemies":"Centurion and Healer","floor":28,"turns":4},{"damage":0,"enemies":"Slavers","floor":29,"turns":3},{"damage":7,"enemies":"Chosen and Byrds","floor":31,"turns":4},{"damage":10,"enemies":"Automaton","floor":33,"turns":3},{"damage":0,"enemies":"3 Shapes","floor":35,"turns":1},{"damage":0,"enemies":"Mysterious Sphere","floor":36,"turns":2},{"damage":0,"enemies":"3 Darklings","floor":38,"turns":1},{"damage":13,"enemies":"4 Shapes","floor":39,"turns":2},{"damage":2,"enemies":"Nemesis","floor":40,"turns":3},{"damage":1,"enemies":"Giant Head","floor":42,"turns":3},{"damage":4,"enemies":"Maw","floor":45,"turns":2},{"damage":0,"enemies":"3 Darklings","floor":48,"turns":1},{"damage":50,"enemies":"Awakened One","floor":50,"turns":6}],"event_choices":[{"event_name":"Match and Keep!","player_choice":"1 cards matched","floor":2,"damage_taken":0},{"event_name":"Big Fish","player_choice":"Box","floor":3,"damage_taken":0},{"event_name":"World of Goop","player_choice":"Gather Gold","floor":4,"damage_taken":0},{"event_name":"Shining Light","player_choice":"Ignored","floor":11,"damage_taken":0},{"event_name":"Wheel of Change","player_choice":"Relic","floor":19,"damage_taken":0},{"event_name":"The Library","player_choice":"Read","floor":20,"damage_taken":0},{"event_name":"Cursed Tome","player_choice":"Obtained Book","floor":22,"damage_taken":0},{"event_name":"Mysterious Sphere","player_choice":"Fight","floor":36,"damage_taken":0},{"event_name":"Winding Halls","player_choice":"Embrace Madness","floor":37,"damage_taken":0},{"event_name":"The Lab","player_choice":"Got Potions","floor":47,"damage_taken":0}],"boss_relics":[{"not_picked":["Tiny House","Ectoplasm"],"picked":"Black Star"},{"not_picked":["Question Card","Lizard Tail"],"picked":"Sozu"}],"potions_floor_spawned":[10,16,21,24,29,33,35,38,39,48],"seed_played":"-598925011681255514","ascension_level":9,"is_trial":false}