{"path_per_floor":["M","?","?","?","M","R","M","R","T","E","?","M","M","$","R","B",null,"M","M","$"],"character_chosen":"IRONCLAD","items_purchased":["Madness","Flame Barrier","Vajra","Metallicize"],"gold_per_floor":[109,109,284,384,398,398,417,417,442,477,477,491,510,223,223,352,352,365,356,209],"floor_reached":21,"campfire_rested":1,"playtime":938,"current_hp_per_floor":[65,65,65,65,71,71,77,77,77,54,54,51,32,32,56,19,65,37,21,21],"items_purged":["Strike_R"],"gold":209,"score":251,"play_id":"b9dffd6b-0749-4a4a-8ece-f8ab6acabb7b","is_prod":false,"is_daily":false,"is_ascension_mode":true,"campfire_upgraded":2,"path_taken":["M","?","?","?","M","R","M","R","T","E","?","M","M","$","R","BOSS","M","M","?","M"],"build_version":"2018-02-22-PROD2","purchased_purges":1,"victory":false,"master_deck":["Strike_R","Strike_R","Strike_R","Strike_R","Defend_R","Defend_R","Defend_R","Defend_R","Bash+1","Clash+1","Doubt","Demon Form","Intimidate","Injury","Shockwave","Warcry","Madness","Flame Barrier","Offering","Shrug It Off","Havoc","Pummel","Impervious","Disarm+1","Metallicize"],"max_hp_per_floor":[80,80,80,80,80,80,80,80,80,80,80,80,80,80,80,80,80,80,80,80],"relics":["Burning Blood","Dead Branch","Juzu Bracelet","Ginger","Golden Idol","Vajra","Orrery"],"card_choices":[{"not_picked":["Flame Barrier","Flex"],"picked":"Clash"},{"not_picked":["Twin Strike","Reckless Charge"],"picked":"Demon Form"},{"not_picked":["Thunderclap","Heavy Blade"],"picked":"Intimidate"},{"not_picked":["Warcry","Anger"],"picked":"Shockwave"},{"not_picked":["Ghostly Armor","Anger"],"picked":"Warcry"},{"not_picked":["Exhume","Feed"],"picked":"Offering"},{"not_picked":["Shockwave","Perfected Strike"],"picked":"Shrug It Off"},{"not_picked":["Pommel Strike","Body Slam"],"picked":"Havoc"},{"not_picked":["True Grit","Blood for Blood"],"picked":"Pummel"},{"not_picked":["Cleave","Ghostly Armor"],"picked":"Impervious"},{"not_picked":["Ghostly Armor","Shrug It Off"],"picked":"Disarm"}],"player_experience":264029,"potions_floor_usage":[7,13],"damage_taken":[{"damage":13,"enemies":"Jaw Worm","floor":1,"turns":5},{"damage":0,"enemies":"Cultist","floor":5,"turns":3},{"damage":0,"enemies":"Small Slimes","floor":7,"turns":2},{"damage":29,"enemies":"Gremlin Nob","floor":10,"turns":4},{"damage":9,"enemies":"Looter","floor":12,"turns":4},{"damage":48,"enemies":"Exordium Wildlife","floor":13,"turns":13},{"damage":43,"enemies":"Slime Boss","floor":16,"turns":7},{"damage":45,"enemies":"Spheric Guardian","floor":18,"turns":7},{"damage":22,"enemies":"2 Thieves","floor":19,"turns":4},{"damage":23,"enemies":"Centurion and Healer","floor":21,"turns":5}],"event_choices":[{"event_name":"Fountain of Cleansing","player_choice":"Removed Curse","floor":2,"damage_taken":0},{"event_name":"Liars Game","player_choice":"agreed","floor":3,"damage_taken":0},{"event_name":"Wheel of Change","player_choice":"Gold","floor":4,"damage_taken":0},{"event_name":"Golden Idol","player_choice":"Take Wound","floor":11,"damage_taken":0}],"boss_relics":[{"not_picked":["Runic Pyramid","Black Blood"],"picked":"Orrery"}],"potions_floor_spawned":[1,7],"seed_played":"-922698861255735262","killed_by":"Centurion and Healer","ascension_level":8,"is_trial":false}