{"path_per_floor":["M","M","M","?","?","R","M","?","T","?","M","M","R","?","R","B",null,"M","?","?","?","M"],"character_chosen":"IRONCLAD","items_purchased":[],"gold_per_floor":[17,33,49,49,49,49,60,60,85,35,46,58,58,58,58,158,158,177,92,92,92,104],"floor_reached":23,"campfire_rested":1,"playtime":806,"current_hp_per_floor":[96,96,96,89,89,89,72,72,72,72,78,71,71,76,101,89,101,76,76,76,60,50],"items_purged":[],"gold":104,"score":206,"play_id":"70da3cbd-d623-4edd-9ca9-dadb301fd34c","is_prod":false,"is_daily":false,"is_ascension_mode":false,"campfire_upgraded":2,"path_taken":["M","M","M","?","?","R","?","?","T","?","M","M","R","?","R","BOSS","M","?","?","?","M","E"],"build_version":"2018-02-22-PROD2","purchased_purges":0,"victory":false,"master_deck":["Strike_R","Strike_R","Strike_R","Defend_R","Defend_R","Defend_R","Defend_R","Bash","Flex","Battle Trance+1","Bludgeon+1","Dual Wield","Demon Form","Headbutt","Spot Weakness","Shrug It Off"],"max_hp_per_floor":[96,96,96,96,96,96,96,96,96,96,96,96,96,101,101,101,101,101,101,101,101,101],"relics":["Black Blood","Sundial","Happy Flower","Pantograph","Enchiridion"],"card_choices":[{"not_picked":["Heavy Blade","Dropkick"],"picked":"Flex"},{"not_picked":["Rupture","Headbutt"],"picked":"Battle Trance"},{"not_picked":["Anger","Reckless Charge"],"picked":"Bludgeon"},{"not_picked":["Feed","Juggernaut"],"picked":"Demon Form"},{"not_picked":["True Grit","Anger"],"picked":"Headbutt"},{"not_picked":["Clash","Headbutt"],"picked":"Shrug It Off"}],"player_experience":78926,"potions_floor_usage":[7,12,16,18,22],"damage_taken":[{"damage":1,"enemies":"Cultist","floor":1,"turns":3},{"damage":0,"enemies":"2 Louse","floor":2,"turns":4},{"damage":0,"enemies":"Small Slimes","floor":3,"turns":3},{"damage":23,"enemies":"Gremlin Gang","floor":7,"turns":6},{"damage":0,"enemies":"2 Fungi Beasts","floor":11,"turns":2},{"damage":13,"enemies":"Red Slaver","floor":12,"turns":2},{"damage":18,"enemies":"The Guardian","floor":16,"turns":7},{"damage":35,"enemies":"Shell Parasite","floor":18,"turns":4},{"damage":20,"enemies":"Spheric Guardian","floor":22,"turns":4},{"damage":52,"enemies":"Book of Stabbing","floor":23,"turns":4}],"event_choices":[{"event_name":"Scrap Ooze","player_choice":"success","floor":4,"damage_taken":7},{"event_name":"The Lab","player_choice":"Got Potions","floor":5,"damage_taken":0},{"event_name":"Living Wall","player_choice":"Change","floor":8,"damage_taken":0},{"event_name":"The Cleric","player_choice":"Card Removal","floor":10,"damage_taken":0},{"event_name":"Big Fish","player_choice":"Donut","floor":14,"damage_taken":0},{"event_name":"Addict","player_choice":"Obtained Relic","floor":19,"damage_taken":0},{"event_name":"The Library","player_choice":"Read","floor":20,"damage_taken":0},{"event_name":"Cursed Tome","player_choice":"Obtained Book","floor":21,"damage_taken":0}],"boss_relics":[{"not_picked":["Runic Cube","Tiny House"],"picked":"Black Blood"}],"potions_floor_spawned":[1,2,12,18],"seed_played":"1124720416667666627","killed_by":"Book of Stabbing","ascension_level":0,"is_trial":false}