{"path_per_floor":["M","$","M","M","?","R","M","E","T","$","M","M","M","T","R","B",null,"M","$","M","?","?","?","M","R","T","R","E","M","$","M","R","B",null,"M","$","?","M","M","R","M","?","T","?","E","M","M","E","R","B"],"character_chosen":"IRONCLAD","items_purchased":[],"gold_per_floor":[117,42,57,77,177,177,194,228,253,153,171,190,210,260,260,357,357,371,246,266,266,266,266,278,278,304,304,334,350,200,217,217,314,314,329,154,154,174,194,194,204,204,204,255,288,305,319,345,345,345],"floor_reached":51,"campfire_rested":3,"playtime":1994,"current_hp_per_floor":[80,80,80,78,78,78,53,46,46,46,48,56,58,65,65,22,87,79,79,81,81,81,64,69,69,69,69,74,77,77,85,92,92,92,92,92,92,92,92,92,92,92,92,92,91,92,92,82,92,68],"items_purged":["Defend_R","Strike_R","Strike_R","Defend_R","Inflame"],"gold":345,"score":756,"play_id":"89a4638d-50d9-466b-a9dd-4acecbeb3efd","is_prod":false,"is_daily":false,"is_ascension_mode":false,"campfire_upgraded":4,"path_taken":["M","$","M","M","?","R","M","E","T","$","?","?","M","?","R","BOSS","M","?","M","?","?","?","?","R","T","R","E","M","$","M","R","BOSS","M","$","?","M","?","R","M","?","T","?","E","M","M","E","R","BOSS"],"build_version":"2018-02-22-PROD2","purchased_purges":5,"victory":true,"master_deck":["Bash+1","Shrug It Off+1","Rampage+1","Battle Trance+1","Writhe"],"max_hp_per_floor":[80,80,80,80,80,80,80,80,80,80,80,80,80,87,87,87,87,87,87,87,87,87,92,92,92,92,92,92,92,92,92,92,92,92,92,92,92,92,92,92,92,92,92,92,92,92,92,92,92,92],"relics":["Burning Blood","Blood Vial","Orichalcum","Strawberry","Astrolabe","Whetstone","Sundial","Sozu","Kunai","Torii","Toxic Egg 2","Paper Frog"],"card_choices":[{"not_picked":["Pummel","Infernal Blade"],"picked":"Shrug It Off"}],"player_experience":441052,"potions_floor_usage":[8,16,28,50,50,50],"damage_taken":[{"damage":5,"enemies":"Small Slimes","floor":1,"turns":3},{"damage":1,"enemies":"Cultist","floor":3,"turns":3},{"damage":8,"enemies":"Jaw Worm","floor":4,"turns":3},{"damage":31,"enemies":"Lots of Slimes","floor":7,"turns":4},{"damage":28,"enemies":"3 Sentries","floor":8,"turns":10},{"damage":6,"enemies":"Blue Slaver","floor":11,"turns":4},{"damage":0,"enemies":"Red Slaver","floor":12,"turns":4},{"damage":6,"enemies":"Looter","floor":13,"turns":3},{"damage":51,"enemies":"The Guardian","floor":16,"turns":12},{"damage":14,"enemies":"Chosen","floor":18,"turns":4},{"damage":6,"enemies":"3 Byrds","floor":20,"turns":5},{"damage":3,"enemies":"Centurion and Healer","floor":24,"turns":3},{"damage":6,"enemies":"Gremlin Leader","floor":28,"turns":3},{"damage":5,"enemies":"Snake Plant","floor":29,"turns":2},{"damage":0,"enemies":"Sentry and Sphere","floor":31,"turns":3},{"damage":6,"enemies":"Automaton","floor":33,"turns":4},{"damage":3,"enemies":"Orb Walker","floor":35,"turns":2},{"damage":3,"enemies":"3 Shapes","floor":38,"turns":3},{"damage":0,"enemies":"3 Darklings","floor":39,"turns":3},{"damage":6,"enemies":"Sphere and 2 Shapes","floor":41,"turns":4},{"damage":4,"enemies":"Mysterious Sphere","floor":44,"turns":3},{"damage":7,"enemies":"Giant Head","floor":45,"turns":3},{"damage":1,"enemies":"4 Shapes","floor":46,"turns":3},{"damage":0,"enemies":"3 Darklings","floor":47,"turns":3},{"damage":16,"enemies":"2 Orb Walkers","floor":48,"turns":2},{"damage":30,"enemies":"Donu and Deca","floor":50,"turns":4}],"event_choices":[{"event_name":"Golden Shrine","player_choice":"Pray","floor":5,"damage_taken":0},{"event_name":"Purifier","player_choice":"One Purge","floor":21,"damage_taken":0},{"event_name":"Vampires","player_choice":"Ignored","floor":22,"damage_taken":0},{"event_name":"Forgotten Altar","player_choice":"Shed Blood","floor":23,"damage_taken":0},{"event_name":"Winding Halls","player_choice":"Writhe","floor":37,"damage_taken":0},{"event_name":"Mysterious Sphere","player_choice":"Fight","floor":44,"damage_taken":0}],"boss_relics":[{"not_picked":["Runic Dome","Question Card"],"picked":"Astrolabe"},{"not_picked":["Velvet Choker","Eternal Feather"],"picked":"Sozu"}],"potions_floor_spawned":[1,3,12,16,20,24,29,33,35,38,41,46,48],"seed_played":"8084413084012569076","ascension_level":0,"is_trial":false}