{"path_per_floor":["M","M","?","$","?","R","E","M","T","$","R","M","M","M","R","B",null,"M","$","M","?","?","R","M","R","T","R","$","M","R","$","R","B",null,"M","?","?","$","M","R","M","R","T","M","M","R","M","M","R"],"character_chosen":"IRONCLAD","items_purchased":["Paper Frog","Happy Flower","Shrug It Off","Evolve","Bottled Tornado"],"gold_per_floor":[112,130,305,230,230,230,263,278,278,16,16,41,61,76,76,196,196,210,57,80,80,80,80,95,95,148,148,26,47,47,12,12,131,131,144,144,477,97,107,107,119,119,144,156,168,168,179,191,191],"floor_reached":50,"campfire_rested":5,"playtime":1594,"current_hp_per_floor":[59,60,60,60,60,80,65,64,64,64,64,69,75,80,80,68,77,66,66,68,68,68,68,61,61,61,61,61,60,60,60,80,17,64,63,80,80,80,80,80,44,44,44,49,17,41,34,29,53],"items_purged":["Doubt","Injury","Decay"],"gold":191,"score":557,"play_id":"c7edcd77-791f-478f-b3dd-dbb163ecd844","is_prod":false,"is_daily":false,"is_ascension_mode":true,"campfire_upgraded":7,"path_taken":["M","M","?","$","?","R","E","?","T","$","R","?","M","M","R","BOSS","M","$","M","?","?","R","M","R","T","R","?","M","R","$","R","BOSS","M","?","?","$","M","R","M","R","T","?","M","R","M","M","R","BOSS"],"build_version":"2018-02-15-PROD1","purchased_purges":3,"victory":false,"master_deck":["Strike_R","Strike_R","Strike_R","Strike_R","Strike_R","Defend_R","Defend_R","Defend_R","Defend_R","Bash","Carnage","Cleave","Rampage+1","Shockwave+1","Thunderclap","Uppercut+1","Impervious","Inflame+1","Flame Barrier+1","Flame Barrier","Pommel Strike+1","Shrug It Off","Offering+1","Evolve+1","Limit Break","Writhe","Headbutt+1","Pain","Intimidate+1","Dropkick","True Grit+1"],"max_hp_per_floor":[80,80,80,80,80,80,80,80,80,80,80,80,80,80,80,80,80,80,80,80,80,80,80,80,80,80,80,80,80,80,80,80,80,80,80,80,80,80,80,80,80,80,80,80,80,80,80,80,80],"relics":["Burning Blood","Anchor","Bag of Marbles","Paper Frog","Cursed Key","Happy Flower","Lantern","Bottled Tornado","Blood Vial"],"card_choices":[{"not_picked":["True Grit","Body Slam"],"picked":"Carnage"},{"not_picked":["Warcry","Anger"],"picked":"Cleave"},{"not_picked":["Corruption","Flex"],"picked":"Rampage"},{"not_picked":["Cleave","Twin Strike"],"picked":"Shockwave"},{"not_picked":["Sever Soul","Clash"],"picked":"Thunderclap"},{"not_picked":["Reckless Charge","Iron Wave"],"picked":"Uppercut"},{"not_picked":["Fiend Fire","Bludgeon"],"picked":"Impervious"},{"not_picked":["Dual Wield","Clothesline"],"picked":"Inflame"},{"not_picked":["True Grit","Flex"],"picked":"Pommel Strike"},{"not_picked":["Flex","Entrench"],"picked":"Offering"},{"not_picked":["Offering","Brutality"],"picked":"Limit Break"},{"not_picked":["Flame Barrier","Anger"],"picked":"Headbutt"},{"not_picked":["Flame Barrier","Searing Blow"],"picked":"Intimidate"},{"not_picked":["Iron Wave","Wild Strike"],"picked":"Dropkick"},{"not_picked":["Havoc","Evolve"],"picked":"True Grit"}],"player_experience":231191,"potions_floor_usage":[7,7,20,33,33,44,45,50,50],"damage_taken":[{"damage":19,"enemies":"Jaw Worm","floor":1,"turns":5},{"damage":5,"enemies":"Small Slimes","floor":2,"turns":3},{"damage":21,"enemies":"3 Sentries","floor":7,"turns":7},{"damage":7,"enemies":"2 Louse","floor":8,"turns":3},{"damage":1,"enemies":"Exordium Thugs","floor":12,"turns":4},{"damage":0,"enemies":"Lots of Slimes","floor":13,"turns":1},{"damage":0,"enemies":"Large Slime","floor":14,"turns":3},{"damage":18,"enemies":"Slime Boss","floor":16,"turns":8},{"damage":17,"enemies":"2 Thieves","floor":18,"turns":4},{"damage":4,"enemies":"Chosen","floor":20,"turns":4},{"damage":13,"enemies":"Centurion and Healer","floor":24,"turns":6},{"damage":7,"enemies":"Snake Plant","floor":29,"turns":3},{"damage":69,"enemies":"Collector","floor":33,"turns":10},{"damage":7,"enemies":"3 Shapes","floor":35,"turns":4},{"damage":0,"enemies":"Orb Walker","floor":39,"turns":3},{"damage":42,"enemies":"Maw","floor":41,"turns":6},{"damage":3,"enemies":"4 Shapes","floor":44,"turns":6},{"damage":40,"enemies":"Sphere and 2 Shapes","floor":45,"turns":7},{"damage":15,"enemies":"3 Darklings","floor":47,"turns":5},{"damage":13,"enemies":"Maw","floor":48,"turns":6},{"damage":63,"enemies":"Donu and Deca","floor":50,"turns":6}],"event_choices":[{"event_name":"Liars Game","player_choice":"agreed","floor":3,"damage_taken":0},{"event_name":"Golden Idol","player_choice":"Take Wound","floor":5,"damage_taken":0},{"event_name":"The Library","player_choice":"Read","floor":21,"damage_taken":0},{"event_name":"Duplicator","player_choice":"One dupe","floor":22,"damage_taken":0},{"event_name":"Winding Halls","player_choice":"Writhe","floor":36,"damage_taken":0},{"event_name":"The Moai Head","player_choice":"Gave Idol","floor":37,"damage_taken":0}],"boss_relics":[{"not_picked":["Pandora\u0027s Box","Mark of Pain"],"picked":"Cursed Key"},{"not_picked":["Snecko Eye","Runic Dome","Calling Bell"]}],"potions_floor_spawned":[1,7,12,16,24,35,39,47],"seed_played":"-7672383312247313520","killed_by":"Donu and Deca","ascension_level":7,"is_trial":false}