{"path_per_floor":["M","?","?","$","?","R","E","R","T","M","R","M","$","T","R","B",null,"M","?","M","$","M","R","M","M","T","R","E","?","R","$","R"],"character_chosen":"IRONCLAD","items_purchased":["Headbutt","Metallicize"],"gold_per_floor":[112,112,112,37,37,37,69,69,69,88,88,108,8,33,33,128,128,147,62,76,52,65,65,79,93,93,93,118,118,118,42,42],"floor_reached":33,"campfire_rested":0,"playtime":1261,"current_hp_per_floor":[68,68,68,68,68,68,49,49,49,55,55,61,61,61,61,45,71,74,74,80,80,86,86,86,64,64,64,72,72,72,72,72],"items_purged":["Regret","Strike_R"],"gold":42,"score":378,"play_id":"f6c4980c-adc7-4564-9e8c-191efe37edcf","is_prod":false,"is_daily":false,"is_ascension_mode":true,"campfire_upgraded":8,"path_taken":["M","?","?","$","?","R","E","R","T","?","R","M","?","?","R","BOSS","M","?","?","?","M","R","M","M","T","R","E","?","R","?","R","BOSS"],"build_version":"2018-02-22-PROD2","purchased_purges":3,"victory":false,"master_deck":["Strike_R","Strike_R","Strike_R","Defend_R","Defend_R+1","Defend_R","Defend_R","Bash+1","Shrug It Off+1","Flex+1","Pommel Strike+1","Shockwave+1","Body Slam+1","Feed","Iron Wave+1","Rage+1","Headbutt","Body Slam+1","Metallicize+1"],"max_hp_per_floor":[80,80,80,80,80,80,80,80,80,80,80,80,80,80,80,80,80,83,83,83,83,86,86,86,86,86,86,89,89,89,89,89],"relics":["Burning Blood","Happy Flower","Bird Faced Urn","Dream Catcher","Pen Nib","War Paint","Sozu","Blue Candle","Thread and Needle","Torii"],"card_choices":[{"not_picked":["Bloodletting","Fiend Fire"],"picked":"Shrug It Off"},{"not_picked":["Thunderclap","Barricade"],"picked":"Pommel Strike"},{"not_picked":["Clash","Anger"],"picked":"Shockwave"},{"not_picked":["Perfected Strike","Infernal Blade"],"picked":"Body Slam"},{"not_picked":["Dark Embrace","Immolate"],"picked":"Feed"},{"not_picked":["Cleave","True Grit"],"picked":"Iron Wave"},{"not_picked":["Clash","Armaments"],"picked":"Rage"}],"player_experience":294700,"potions_floor_usage":[],"damage_taken":[{"damage":10.0,"enemies":"Small Slimes","floor":1.0,"turns":4.0},{"damage":25.0,"enemies":"3 Sentries","floor":7.0,"turns":10.0},{"damage":0.0,"enemies":"Cultist","floor":10.0,"turns":2.0},{"damage":0.0,"enemies":"2 Louse","floor":12.0,"turns":3.0},{"damage":22.0,"enemies":"Slime Boss","floor":16.0,"turns":10.0},{"damage":6.0,"enemies":"3 Byrds","floor":18.0,"turns":5.0},{"damage":0.0,"enemies":"Chosen","floor":20.0,"turns":3.0},{"damage":0,"enemies":"Centurion and Healer","floor":22,"turns":6},{"damage":2,"enemies":"Sentry and Sphere","floor":24,"turns":5},{"damage":28,"enemies":"Chosen and Byrds","floor":25,"turns":8},{"damage":1,"enemies":"Slavers","floor":28,"turns":6},{"damage":77,"enemies":"Champ","floor":33,"turns":13}],"event_choices":[{"event_name":"Accursed Blacksmith","player_choice":"Forge","floor":2.0,"damage_taken":0.0},{"event_name":"Big Fish","player_choice":"Box","floor":3.0,"damage_taken":0.0},{"event_name":"Living Wall","player_choice":"Change","floor":5.0,"damage_taken":0.0},{"event_name":"Addict","player_choice":"Obtained Relic","floor":19.0,"damage_taken":0.0},{"event_name":"The Library","player_choice":"Read","floor":29,"damage_taken":0}],"boss_relics":[],"potions_floor_spawned":[1,10,16,20,25],"seed_played":"-2516663724340607300","killed_by":"Champ","ascension_level":9,"is_trial":false}