{"path_per_floor":["M","M","?","M","M","E","$","M","T","E","?","R","M","?","R","B",null,"M","$","M","M","T","R","M","R","T","$","M","?"],"character_chosen":"IRONCLAD","items_purchased":["Clash","Madness","Purity","Inflame"],"gold_per_floor":[109,124,199,212,231,262,64,81,81,116,81,81,100,100,100,196,196,206,14,33,45,116,116,134,134,134,98,113,113],"floor_reached":30,"campfire_rested":1,"playtime":1218,"current_hp_per_floor":[69,78,67,65,62,35,35,43,43,14,35,35,42,42,42,20,75,65,65,69,56,56,56,36,66,66,66,50,50],"items_purged":["Strike_R","Strike_R"],"gold":113,"score":364,"play_id":"6e820205-a039-4669-8373-66a5f4e72393","is_prod":false,"is_daily":false,"is_ascension_mode":true,"campfire_upgraded":0,"path_taken":["M","M","?","?","?","E","$","M","T","E","?","R","M","?","R","BOSS","M","$","M","?","?","R","M","R","T","?","M","?","E"],"build_version":"2018-02-22-PROD2","purchased_purges":2,"victory":false,"master_deck":["Strike_R","Strike_R","Defend_R","Defend_R","Defend_R","Defend_R","Bash","Feed","Shrug It Off","Flame Barrier","Flex","Iron Wave","True Grit","Clash","Madness","Sword Boomerang","Clash","Rupture","Offering","Sentinel+1","Purity","Seeing Red","Intimidate","Writhe","Decay","Inflame","Armaments"],"max_hp_per_floor":[75,78,78,81,84,84,84,87,87,87,87,87,90,90,90,93,93,96,96,99,102,102,102,102,102,102,102,105,105],"relics":["Burning Blood","Shuriken","Ice Cream","Girya","Cursed Key","Mummified Hand","Bird Faced Urn","Pantograph"],"card_choices":[{"not_picked":["Reaper","Berserk"],"picked":"Feed"},{"not_picked":["Burning Pact","Warcry"],"picked":"Shrug It Off"},{"not_picked":["Warcry","Evolve"],"picked":"Flame Barrier"},{"not_picked":["Entrench","Rupture"],"picked":"Flex"},{"not_picked":["Cleave","Combust"],"picked":"Iron Wave"},{"not_picked":["Havoc","Anger"],"picked":"True Grit"},{"not_picked":["Headbutt","Reaper"],"picked":"Sword Boomerang"},{"not_picked":["Hemokinesis","Twin Strike"],"picked":"Clash"},{"not_picked":["Immolate","Juggernaut"],"picked":"Offering"},{"not_picked":["Heavy Blade","Corruption"],"picked":"Sentinel"},{"not_picked":["Cleave","Sever Soul"],"picked":"Seeing Red"},{"not_picked":["Rampage","Twin Strike"],"picked":"Intimidate"},{"not_picked":["Clothesline","Headbutt"],"picked":"Armaments"}],"player_experience":264967,"potions_floor_usage":[5,6,16,20,21,28,30],"damage_taken":[{"damage":12,"enemies":"Jaw Worm","floor":1,"turns":3},{"damage":0,"enemies":"Small Slimes","floor":2,"turns":4},{"damage":11,"enemies":"Cultist","floor":4,"turns":5},{"damage":12,"enemies":"Gremlin Gang","floor":5,"turns":6},{"damage":33,"enemies":"Lagavulin","floor":6,"turns":6},{"damage":1,"enemies":"Blue Slaver","floor":8,"turns":6},{"damage":35,"enemies":"Gremlin Nob","floor":10,"turns":5},{"damage":2,"enemies":"3 Louse","floor":13,"turns":3},{"damage":31,"enemies":"The Guardian","floor":16,"turns":12},{"damage":19,"enemies":"3 Byrds","floor":18,"turns":6},{"damage":5,"enemies":"Spheric Guardian","floor":20,"turns":3},{"damage":22,"enemies":"Snecko","floor":21,"turns":7},{"damage":26,"enemies":"Snake Plant","floor":24,"turns":5},{"damage":29,"enemies":"Centurion and Healer","floor":28,"turns":7},{"damage":55,"enemies":"Book of Stabbing","floor":30,"turns":5}],"event_choices":[{"event_name":"World of Goop","player_choice":"Gather Gold","floor":3,"damage_taken":0},{"event_name":"The Cleric","player_choice":"Healed","floor":11,"damage_taken":0},{"event_name":"Transmorgrifier","player_choice":"Transform","floor":14,"damage_taken":0},{"event_name":"The Mausoleum","player_choice":"Yes","floor":29,"damage_taken":0}],"boss_relics":[{"not_picked":["Runic Pyramid","Black Star"],"picked":"Cursed Key"}],"potions_floor_spawned":[1,4,8,13,20,21,28],"seed_played":"1411919572431360403","killed_by":"Book of Stabbing","ascension_level":8,"is_trial":false}