{"path_per_floor":["M","?","M","?","M","R","M","M","T","R","M","R","$","M","R","B",null,"M","$","?","?","M","E","R","?","T","E","?","R","$","?","R"],"character_chosen":"IRONCLAD","items_purchased":["Self Forming Clay","Uppercut","Finesse"],"gold_per_floor":[118,118,131,131,151,151,167,185,210,210,230,230,28,48,48,143,143,154,15,15,15,30,63,63,63,63,93,8,8,8,8,8],"floor_reached":33,"campfire_rested":1,"playtime":1192,"current_hp_per_floor":[78,71,76,81,85,85,80,81,81,81,85,85,85,85,85,61,79,79,79,79,79,72,67,67,67,67,69,69,69,69,53,78],"items_purged":[],"gold":8,"score":382,"play_id":"0d35981d-e683-458c-b284-4ccfbdc45351","is_prod":false,"is_daily":false,"is_ascension_mode":true,"campfire_upgraded":6,"path_taken":["M","?","M","?","?","R","M","M","T","R","M","R","$","M","R","BOSS","M","$","?","?","?","E","R","?","T","E","?","R","$","?","R","BOSS"],"build_version":"2018-02-15-PROD1","purchased_purges":2,"victory":false,"master_deck":["Strike_R+1","Strike_R+1","Strike_R+1","Strike_R+1","Strike_R+1","Defend_R+1","Defend_R+1","Defend_R+1","Defend_R+1","Bash","Body Slam+1","Warcry","Pommel Strike+1","Shockwave","True Grit+1","Ghostly Armor","Armaments+1","Juggernaut","Headbutt","Uppercut+1","Finesse","Dual Wield+1","Shrug It Off+1","Ghostly Armor","Iron Wave"],"max_hp_per_floor":[80,80,80,85,85,85,85,85,85,85,85,85,85,85,85,85,85,85,85,85,85,85,85,85,85,85,85,85,85,85,85,85],"relics":["Burning Blood","The Courier","Lantern","Self Forming Clay","Runic Dome","Nloth\u0027s Gift","Blue Candle","Ginger","Letter Opener","Nilry\u0027s Codex"],"card_choices":[{"not_picked":["Havoc","Sever Soul"],"picked":"Body Slam"},{"not_picked":["Sword Boomerang","Anger"],"picked":"Warcry"},{"not_picked":["Iron Wave","Rupture"],"picked":"Pommel Strike"},{"not_picked":["Body Slam","True Grit"],"picked":"Shockwave"},{"not_picked":["Warcry","Heavy Blade"],"picked":"True Grit"},{"not_picked":["Flex","Warcry"],"picked":"Ghostly Armor"},{"not_picked":["Sever Soul","Limit Break"],"picked":"Armaments"},{"not_picked":["Brutality","Fiend Fire"],"picked":"Juggernaut"},{"not_picked":["Pommel Strike","True Grit"],"picked":"Headbutt"},{"not_picked":["Heavy Blade","Iron Wave"],"picked":"Shrug It Off"},{"not_picked":["Fire Breathing","Anger"],"picked":"Ghostly Armor"},{"not_picked":["Immolate","Flex"],"picked":"Iron Wave"}],"player_experience":238396,"potions_floor_usage":[1,5,16,23,27],"damage_taken":[{"damage":0,"enemies":"2 Louse","floor":1,"turns":3},{"damage":1,"enemies":"Cultist","floor":3,"turns":4},{"damage":0,"enemies":"Jaw Worm","floor":5,"turns":3},{"damage":11,"enemies":"2 Fungi Beasts","floor":7,"turns":4},{"damage":5,"enemies":"Red Slaver","floor":8,"turns":4},{"damage":1,"enemies":"Blue Slaver","floor":11,"turns":4},{"damage":1,"enemies":"Looter","floor":14,"turns":3},{"damage":30,"enemies":"Slime Boss","floor":16,"turns":17},{"damage":6,"enemies":"2 Thieves","floor":18,"turns":5},{"damage":13,"enemies":"3 Byrds","floor":22,"turns":5},{"damage":11,"enemies":"Book of Stabbing","floor":23,"turns":6},{"damage":4,"enemies":"Slavers","floor":27,"turns":7},{"damage":96,"enemies":"Champ","floor":33,"turns":9}],"event_choices":[{"event_name":"Scrap Ooze","player_choice":"success","floor":2,"damage_taken":7},{"event_name":"Big Fish","player_choice":"Donut","floor":4,"damage_taken":0},{"event_name":"The Library","player_choice":"Read","floor":20,"damage_taken":0},{"event_name":"Back to Basics","player_choice":"Simplicity","floor":21,"damage_taken":0},{"event_name":"N\u0027loth","player_choice":"Traded a Centennial Puzzle","floor":25,"damage_taken":0},{"event_name":"Addict","player_choice":"Obtained Relic","floor":28,"damage_taken":0},{"event_name":"Cursed Tome","player_choice":"Obtained Book","floor":31,"damage_taken":0}],"boss_relics":[{"not_picked":["Snecko Eye","Runic Pyramid"],"picked":"Runic Dome"}],"potions_floor_spawned":[3,7],"seed_played":"4451801388044126684","killed_by":"Champ","ascension_level":8,"is_trial":false}