{"path_per_floor":["M","M","M","?","?","R","E","M","T","M","R","M","M","$","R","B",null,"M","?","M","M","?","R","M","R","T","?","R","M","R","M","R","B",null,"M","M","$","M","?","R","?","R","T","M","M","M"],"character_chosen":"IRONCLAD","items_purchased":["Secret Technique"],"gold_per_floor":[17,33,53,53,53,53,78,91,91,107,107,122,135,60,60,159,159,179,104,120,131,131,131,147,147,202,202,202,221,221,235,235,332,332,349,360,168,183,183,183,153,153,153,164,183,198],"floor_reached":47,"campfire_rested":3,"playtime":1479,"current_hp_per_floor":[72,78,80,80,77,77,52,49,49,46,70,66,64,64,80,72,78,80,80,71,60,60,60,66,66,66,66,66,75,75,66,80,80,80,76,66,66,62,62,62,62,62,62,58,41,22],"items_purged":["Strike_R"],"gold":198,"score":571,"play_id":"9b3569bd-23ee-4754-898a-1ca1d9ae6d62","is_prod":false,"is_daily":false,"is_ascension_mode":true,"campfire_upgraded":7,"path_taken":["M","?","M","?","?","R","E","M","T","M","R","M","M","$","R","BOSS","M","?","M","M","?","R","M","R","T","?","R","M","R","?","R","BOSS","M","M","$","M","?","R","?","R","T","M","M","M","M"],"build_version":"2018-02-22-PROD2","purchased_purges":2,"victory":false,"master_deck":["Defend_R","Defend_R","Defend_R","Defend_R","Bash","Rampage+1","Headbutt","Uppercut+1","Whirlwind","Flex","Inflame","Demon Form","Limit Break+1","Heavy Blade+1","Flame Barrier+1","True Grit+1","Disarm+1","Shockwave","Double Tap+1","Secret Technique+1","Battle Trance","Sentinel+1"],"max_hp_per_floor":[80,80,80,80,80,80,80,80,80,80,80,80,80,80,80,80,80,80,80,80,80,80,80,80,80,80,80,80,80,80,80,80,80,80,80,80,80,80,80,80,80,80,80,80,80,80],"relics":["Burning Blood","Dodecahedron","Champion Belt","Mercury Hourglass","Velvet Choker","Anchor","Lizard Tail","Calipers"],"card_choices":[{"not_picked":["Clash","Wild Strike"],"picked":"Headbutt"},{"not_picked":["Rupture","Twin Strike"],"picked":"Uppercut"},{"not_picked":["Evolve","Fiend Fire"],"picked":"Whirlwind"},{"not_picked":["Cleave","Intimidate"],"picked":"Flex"},{"not_picked":["Reckless Charge","True Grit"],"picked":"Inflame"},{"not_picked":["Perfected Strike","Feel No Pain"],"picked":"Demon Form"},{"not_picked":["Immolate","Exhume"],"picked":"Limit Break"},{"not_picked":["Iron Wave","Clothesline"],"picked":"Heavy Blade"},{"not_picked":["Sword Boomerang","Twin Strike"],"picked":"Flame Barrier"},{"not_picked":["Spot Weakness","Sentinel"],"picked":"True Grit"},{"not_picked":["Blood for Blood","Burning Pact"],"picked":"Disarm"},{"not_picked":["True Grit","Bloodletting"],"picked":"Shockwave"},{"not_picked":["Bludgeon","Demon Form"],"picked":"Double Tap"},{"not_picked":["Body Slam","Warcry"],"picked":"Battle Trance"},{"not_picked":["Reckless Charge","Spot Weakness"],"picked":"Sentinel"}],"player_experience":286672,"potions_floor_usage":[16,16,18,29,29,31,36,44,46],"damage_taken":[{"damage":6,"enemies":"Cultist","floor":1,"turns":3},{"damage":0,"enemies":"Small Slimes","floor":2,"turns":3},{"damage":2,"enemies":"2 Louse","floor":3,"turns":2},{"damage":31,"enemies":"Lagavulin","floor":7,"turns":6},{"damage":9,"enemies":"2 Fungi Beasts","floor":8,"turns":4},{"damage":9,"enemies":"Blue Slaver","floor":10,"turns":3},{"damage":10,"enemies":"Red Slaver","floor":12,"turns":3},{"damage":8,"enemies":"Looter","floor":13,"turns":3},{"damage":14,"enemies":"Slime Boss","floor":16,"turns":7},{"damage":1,"enemies":"Spheric Guardian","floor":18,"turns":3},{"damage":15,"enemies":"Shell Parasite","floor":20,"turns":3},{"damage":17,"enemies":"Centurion and Healer","floor":21,"turns":4},{"damage":0,"enemies":"Snecko","floor":24,"turns":3},{"damage":9,"enemies":"Cultist and Chosen","floor":29,"turns":5},{"damage":15,"enemies":"Chosen and Byrds","floor":31,"turns":4},{"damage":1,"enemies":"Champ","floor":33,"turns":7},{"damage":10,"enemies":"3 Shapes","floor":35,"turns":4},{"damage":16,"enemies":"Orb Walker","floor":36,"turns":4},{"damage":10,"enemies":"3 Darklings","floor":38,"turns":3},{"damage":10,"enemies":"Maw","floor":44,"turns":6},{"damage":23,"enemies":"4 Shapes","floor":45,"turns":9},{"damage":68,"enemies":"Sphere and 2 Shapes","floor":46,"turns":6},{"damage":36,"enemies":"Maw","floor":47,"turns":6}],"event_choices":[{"event_name":"Purifier","player_choice":"One Purge","floor":4,"damage_taken":0},{"event_name":"Scrap Ooze","player_choice":"success","floor":5,"damage_taken":3},{"event_name":"Beggar","player_choice":"Gave Gold","floor":19,"damage_taken":0},{"event_name":"Vampires","player_choice":"Ignored","floor":22,"damage_taken":0},{"event_name":"Back to Basics","player_choice":"Elegance","floor":27,"damage_taken":0},{"event_name":"Tomb of Lord Red Mask","player_choice":"Ignored","floor":39,"damage_taken":0},{"event_name":"The Woman in Blue","player_choice":"Bought 2 Potions","floor":41,"damage_taken":0}],"boss_relics":[{"not_picked":["Snecko Eye","Eternal Feather"],"picked":"Velvet Choker"},{"not_picked":["Runic Pyramid","Astrolabe"],"picked":"Lizard Tail"}],"potions_floor_spawned":[2,3,12,13,16,20,21,24,29,38,44,45],"seed_played":"-1967351892982025674","killed_by":"Maw","ascension_level":8,"is_trial":false}