{"path_per_floor":["M","M","$","M","M","R","E","R","T","E","?","?","R","E","R","B",null,"M","$","?","?","$","E","?","R","T","M","M","E","R","M","R"],"character_chosen":"IRONCLAD","items_purchased":["Searing Blow","Metallicize","Lantern","Flash of Steel"],"gold_per_floor":[113,124,18,35,55,55,88,88,88,117,117,117,117,143,143,248,248,264,28,28,28,28,61,61,61,130,141,157,189,189,209,209],"floor_reached":33,"campfire_rested":2,"playtime":1057,"current_hp_per_floor":[72,72,72,72,63,63,40,40,40,13,13,13,34,33,33,23,60,64,64,64,50,50,34,18,33,33,39,33,37,37,49,49],"items_purged":[],"gold":209,"score":493,"play_id":"ee1aa1dc-066f-4be3-9b82-4467be7d3856","is_prod":false,"is_daily":false,"is_ascension_mode":true,"campfire_upgraded":5,"path_taken":["M","M","?","?","M","R","E","R","T","E","?","?","R","E","R","BOSS","M","$","?","?","?","E","?","R","T","M","?","E","R","M","R","BOSS"],"build_version":"2018-02-22-PROD2","purchased_purges":0,"victory":false,"master_deck":["Defend_R","Defend_R","Defend_R","Defend_R","Bash","Parasite","Shrug It Off","Flex","Searing Blow+6","Metallicize","Armaments","Intimidate","Dropkick","True Grit","Double Tap","Headbutt+1","Flash of Steel","Bite","Bite","Bite","Bite","Bite","Dropkick+1","True Grit+1","Disarm+1","Armaments+1","Disarm"],"max_hp_per_floor":[72,72,72,72,72,72,72,72,72,72,72,72,72,72,72,72,72,72,72,72,50,50,50,50,50,50,50,50,50,50,50,50],"relics":["Burning Blood","Red Skull","Ice Cream","Unceasing Top","Blue Candle","Mercury Hourglass","Mark of Pain","Lantern","Bag of Marbles","Nilry\u0027s Codex","Bottled Flame","Kunai"],"card_choices":[{"not_picked":["True Grit","Fire Breathing"],"picked":"Shrug It Off"},{"not_picked":["Perfected Strike","Thunderclap"],"picked":"Flex"},{"not_picked":["True Grit","Sword Boomerang"],"picked":"Armaments"},{"not_picked":["Fiend Fire","Twin Strike"],"picked":"Intimidate"},{"not_picked":["Armaments","Shrug It Off"],"picked":"Dropkick"},{"not_picked":["Hemokinesis","Cleave"],"picked":"True Grit"},{"not_picked":["Barricade","Juggernaut"],"picked":"Double Tap"},{"not_picked":["Sword Boomerang","Sever Soul"],"picked":"Headbutt"},{"not_picked":["Burning Pact","Anger"],"picked":"Dropkick"},{"not_picked":["Searing Blow","Anger"],"picked":"True Grit"},{"not_picked":["Evolve","Carnage"],"picked":"Disarm"},{"not_picked":["Rupture","Seeing Red"],"picked":"Armaments"},{"not_picked":["Wild Strike","Body Slam"],"picked":"Disarm"}],"player_experience":283148,"potions_floor_usage":[7,10,14,14,16,28,33],"damage_taken":[{"damage":6,"enemies":"Cultist","floor":1,"turns":3},{"damage":5,"enemies":"2 Louse","floor":2,"turns":4},{"damage":4,"enemies":"Small Slimes","floor":4,"turns":4},{"damage":15,"enemies":"3 Louse","floor":5,"turns":4},{"damage":29,"enemies":"Gremlin Nob","floor":7,"turns":4},{"damage":33,"enemies":"Lagavulin","floor":10,"turns":7},{"damage":7,"enemies":"Gremlin Nob","floor":14,"turns":3},{"damage":16,"enemies":"The Guardian","floor":16,"turns":10},{"damage":2,"enemies":"3 Byrds","floor":18,"turns":6},{"damage":28,"enemies":"Gremlin Leader","floor":23,"turns":5},{"damage":0,"enemies":"Spheric Guardian","floor":27,"turns":1},{"damage":18,"enemies":"Snecko","floor":28,"turns":3},{"damage":2,"enemies":"Book of Stabbing","floor":29,"turns":3},{"damage":0,"enemies":"Centurion and Healer","floor":31,"turns":4},{"damage":58,"enemies":"Automaton","floor":33,"turns":8}],"event_choices":[{"event_name":"The Lab","player_choice":"Got Potions","floor":11,"damage_taken":0},{"event_name":"Upgrade Shrine","player_choice":"Upgraded","floor":12,"damage_taken":0},{"event_name":"Addict","player_choice":"Ignored","floor":20,"damage_taken":0},{"event_name":"Vampires","player_choice":"Became a vampire","floor":21,"damage_taken":0},{"event_name":"Cursed Tome","player_choice":"Obtained Book","floor":24,"damage_taken":0}],"boss_relics":[{"not_picked":["Tiny House","Calling Bell"],"picked":"Mark of Pain"}],"potions_floor_spawned":[5,7,10,23,27],"seed_played":"8071718849116586373","killed_by":"Automaton","ascension_level":11,"is_trial":false}