{"path_per_floor":["M","M","$","?","M","E","R","M","T","M","R","$","R","E","R","B",null,"M","?","$","?","?","R","T","M","T","R","$","M","R","$","R"],"character_chosen":"IRONCLAD","items_purchased":["Pen Nib","Inflame","Spot Weakness","Spot Weakness"],"gold_per_floor":[213,230,9,9,28,62,62,82,82,105,105,34,34,78,78,202,202,225,225,150,150,150,150,175,200,200,200,150,164,164,45,45],"floor_reached":33,"campfire_rested":3,"playtime":1224,"current_hp_per_floor":[80,80,80,60,57,39,63,68,68,64,64,64,64,58,80,54,80,68,68,68,68,68,68,68,41,41,65,65,68,68,68,68],"items_purged":["Strike_R","Defend_R","Defend_R"],"gold":45,"score":290,"play_id":"6ed73f16-1d3c-48f5-b121-946efd37d60e","is_prod":false,"is_daily":false,"is_ascension_mode":true,"campfire_upgraded":5,"path_taken":["M","M","$","?","M","E","R","M","T","M","R","?","R","E","R","BOSS","M","?","?","?","?","R","?","M","T","R","?","?","R","?","R","BOSS"],"build_version":"2018-02-22-PROD2","purchased_purges":3,"victory":false,"master_deck":["Strike_R","Strike_R","Strike_R","Defend_R","Defend_R","Bash","Warcry","Inflame","Shrug It Off","Pommel Strike+1","Spot Weakness+1","Pommel Strike+1","Feed+1","Heavy Blade+1","Armaments+1","Battle Trance","Spot Weakness+1"],"max_hp_per_floor":[80,80,80,80,80,80,80,80,80,80,80,80,80,80,80,80,80,83,83,83,83,83,83,83,83,83,83,83,87,87,87,87],"relics":["Black Blood","Pen Nib","Golden Idol","Magic Flower","Gambling Chip","Vajra","Smiling Mask","Dream Catcher","Charon\u0027s Ashes"],"card_choices":[{"not_picked":["Pummel","Shrug It Off"],"picked":"Warcry"},{"not_picked":["Bloodletting","Warcry"],"picked":"Shrug It Off"},{"not_picked":["Entrench","Intimidate"],"picked":"Pommel Strike"},{"not_picked":["Battle Trance","Immolate"],"picked":"Pommel Strike"},{"not_picked":["Double Tap","Offering"],"picked":"Feed"},{"not_picked":["Combust","Iron Wave"],"picked":"Heavy Blade"},{"not_picked":["Sword Boomerang","Dropkick"],"picked":"Armaments"},{"not_picked":["Iron Wave","Havoc"],"picked":"Battle Trance"}],"player_experience":101193,"potions_floor_usage":[10,14,16],"damage_taken":[{"damage":6,"enemies":"Jaw Worm","floor":1,"turns":3},{"damage":0,"enemies":"2 Louse","floor":2,"turns":4},{"damage":9,"enemies":"Cultist","floor":5,"turns":4},{"damage":24,"enemies":"Lagavulin","floor":6,"turns":8},{"damage":4,"enemies":"Large Slime","floor":8,"turns":7},{"damage":13,"enemies":"Exordium Thugs","floor":10,"turns":3},{"damage":30,"enemies":"Gremlin Nob","floor":14,"turns":4},{"damage":35,"enemies":"The Guardian","floor":16,"turns":9},{"damage":32,"enemies":"Shell Parasite","floor":18,"turns":5},{"damage":42,"enemies":"3 Byrds","floor":25,"turns":6},{"damage":18,"enemies":"Sentry and Sphere","floor":29,"turns":5},{"damage":77,"enemies":"Automaton","floor":33,"turns":6}],"event_choices":[{"event_name":"Golden Idol","player_choice":"Take Damage","floor":4,"damage_taken":0},{"event_name":"Accursed Blacksmith","player_choice":"Forge","floor":19,"damage_taken":0},{"event_name":"Purifier","player_choice":"One Purge","floor":21,"damage_taken":0},{"event_name":"The Mausoleum","player_choice":"Yes","floor":22,"damage_taken":0}],"boss_relics":[{"not_picked":["Lizard Tail","Runic Dome"],"picked":"Black Blood"}],"potions_floor_spawned":[6,10,14],"seed_played":"-3861305353601452984","killed_by":"Automaton","ascension_level":1,"is_trial":false}