{"path_per_floor":["M","$","M","M","?","R","?","R","T","$","$","M","R","T","R","B",null,"M","M","?","M","?"],"character_chosen":"IRONCLAD","items_purchased":["Spot Weakness","Whetstone"],"gold_per_floor":[114,37,49,67,67,67,67,67,142,25,25,38,38,117,117,246,246,271,289,289,304,229],"floor_reached":23,"campfire_rested":1,"playtime":690,"current_hp_per_floor":[80,80,80,79,59,59,43,67,67,67,67,73,73,73,73,35,80,80,41,41,30,30],"items_purged":[],"gold":229,"score":188,"play_id":"ea89694f-81dd-456b-bc0f-d1696e8a019f","is_prod":false,"is_daily":false,"is_ascension_mode":true,"campfire_upgraded":3,"path_taken":["M","$","M","M","?","R","?","R","T","?","$","M","R","?","R","BOSS","M","M","?","?","?","E"],"build_version":"2018-02-22-PROD2","purchased_purges":0,"victory":false,"master_deck":["Strike_R","Strike_R+1","Strike_R","Strike_R+1","Strike_R+1","Defend_R","Defend_R","Defend_R","Defend_R","Bash+1","Rampage+1","Spot Weakness+1","Whirlwind+1","Clumsy","Injury","Infernal Blade","Armaments","Spot Weakness+1"],"max_hp_per_floor":[80,80,80,80,80,80,80,80,80,80,80,80,80,80,80,80,80,80,80,80,80,80],"relics":["Burning Blood","Oddly Smooth Stone","Golden Idol","The Courier","Whetstone","Blue Candle","Calling Bell","Blood Vial","Charon\u0027s Ashes","Vajra"],"card_choices":[{"not_picked":["Cleave","Warcry"],"picked":"Rampage"},{"not_picked":["Flex","Heavy Blade"],"picked":"Whirlwind"},{"not_picked":["Clash","Heavy Blade"],"picked":"Infernal Blade"},{"not_picked":["Infernal Blade","Feel No Pain"],"picked":"Armaments"}],"player_experience":107934,"potions_floor_usage":[16,19,23],"damage_taken":[{"damage":2,"enemies":"Jaw Worm","floor":1,"turns":4},{"damage":0,"enemies":"2 Louse","floor":3,"turns":2},{"damage":7,"enemies":"Small Slimes","floor":4,"turns":5},{"damage":0,"enemies":"3 Louse","floor":12,"turns":3},{"damage":44,"enemies":"Hexaghost","floor":16,"turns":7},{"damage":5,"enemies":"Chosen","floor":18,"turns":4},{"damage":45,"enemies":"Spheric Guardian","floor":19,"turns":6},{"damage":19,"enemies":"Snecko","floor":21,"turns":5},{"damage":36,"enemies":"Book of Stabbing","floor":23,"turns":4}],"event_choices":[{"event_name":"Golden Idol","player_choice":"Take Damage","floor":5,"damage_taken":0},{"event_name":"Shining Light","player_choice":"Entered Light","floor":7,"damage_taken":0},{"event_name":"Duplicator","player_choice":"One dupe","floor":20,"damage_taken":0},{"event_name":"Beggar","player_choice":"Gave Gold","floor":22,"damage_taken":0}],"boss_relics":[{"not_picked":["Orrery","Mark of Pain"],"picked":"Calling Bell"}],"potions_floor_spawned":[3,12,16,19],"seed_played":"-6409064226954121977","killed_by":"Book of Stabbing","ascension_level":1,"is_trial":false}