{"path_per_floor":["M","?","?","?","M","R","E","?","T","$","M","M","$","M","R","B",null,"M","?","M","$","M","R","M","R","T","?","$","E","M","?","R","B",null,"M","?","$","?","$","R","E","$","T","$","M","?","M","$","R"],"character_chosen":"IRONCLAD","items_purchased":["Lantern","Uppercut","Finesse","Metallicize","Inflame","Finesse","Regen Potion"],"gold_per_floor":[119,119,119,119,129,129,156,216,216,63,76,90,23,38,38,133,133,150,150,168,6,26,26,36,36,113,113,37,67,80,80,80,181,181,196,196,18,18,18,18,52,1,27,27,46,46,56,56,56],"floor_reached":50,"campfire_rested":4,"playtime":5146,"current_hp_per_floor":[80,80,80,80,69,69,36,36,36,36,42,45,45,51,75,26,80,79,79,75,75,71,71,66,80,80,65,65,65,58,58,83,46,85,81,81,81,81,81,81,27,27,27,27,42,42,26,26,51],"items_purged":["Normality"],"gold":56,"score":486,"play_id":"6f96f726-245b-4a49-ae4f-69fb39737239","is_prod":false,"is_daily":false,"is_ascension_mode":false,"campfire_upgraded":3,"path_taken":["M","?","?","?","M","R","E","?","T","$","?","?","?","M","R","BOSS","M","?","M","$","M","R","M","R","T","?","$","E","M","?","R","BOSS","M","?","$","?","$","R","E","$","T","?","?","?","M","?","R","BOSS"],"build_version":"2018-02-22-PROD2","purchased_purges":1,"victory":false,"master_deck":["Strike_R+1","Strike_R+1","Strike_R+1","Strike_R+1","Strike_R+1","Defend_R+1","Defend_R+1","Defend_R+1","Defend_R+1","Bash","Immolate+1","Carnage+1","Cleave","Perfected Strike","Shrug It Off","Searing Blow+1","Pommel Strike","Uppercut+1","Twin Strike","Double Tap","Iron Wave+1","Finesse","Infernal Blade+1","Barricade+1","Metallicize+1","Heavy Blade","Inflame+1","Good Instincts","Demon Form+1","Headbutt","Inflame+1","Finesse","Regret","Entrench+1","Shrug It Off","Armaments","Offering","Seeing Red"],"max_hp_per_floor":[80,80,80,80,80,80,80,80,80,80,80,80,80,80,80,80,80,80,80,80,80,80,80,80,80,80,85,85,85,85,85,85,85,85,85,85,85,85,85,85,85,85,85,85,85,85,85,85,85],"relics":["Burning Blood","Art of War","Prayer Wheel","Ginger","Lantern","Cursed Key","Frozen Egg 2","Whetstone","Black Star","Dodecahedron","Self Forming Clay","Anchor"],"card_choices":[{"not_picked":["Berserk","Fiend Fire"],"picked":"Immolate"},{"not_picked":["Headbutt","Blood for Blood"],"picked":"Carnage"},{"not_picked":["Whirlwind","Sword Boomerang"],"picked":"Cleave"},{"not_picked":["Wild Strike","Power Through"],"picked":"Perfected Strike"},{"not_picked":["Feel No Pain","Clash"],"picked":"Shrug It Off"},{"not_picked":["Carnage","Sword Boomerang"],"picked":"Searing Blow"},{"not_picked":["Fiend Fire","Twin Strike"],"picked":"Pommel Strike"},{"not_picked":["Clothesline","Cleave"],"picked":"Twin Strike"},{"not_picked":["Bludgeon","Barricade"],"picked":"Double Tap"},{"not_picked":["Headbutt","Dropkick"],"picked":"Iron Wave"},{"not_picked":["Twin Strike","Perfected Strike"],"picked":"Infernal Blade"},{"not_picked":["Twin Strike","Heavy Blade"],"picked":"Barricade"},{"not_picked":["Anger","Combust"],"picked":"Heavy Blade"},{"not_picked":["Iron Wave","Twin Strike"],"picked":"Inflame"},{"not_picked":["Double Tap","Immolate"],"picked":"Demon Form"},{"not_picked":["Second Wind","Anger"],"picked":"Headbutt"},{"not_picked":["Warcry","Iron Wave"],"picked":"Entrench"},{"not_picked":["Blood for Blood","Clash"],"picked":"Shrug It Off"},{"not_picked":["Pummel","Armaments"],"picked":"Seeing Red"}],"player_experience":64924,"potions_floor_usage":[7,14,16,29,29,29,33,41,45,47,47,50],"damage_taken":[{"damage":0,"enemies":"2 Louse","floor":1,"turns":1},{"damage":17,"enemies":"Jaw Worm","floor":5,"turns":4},{"damage":39,"enemies":"Lagavulin","floor":7,"turns":7},{"damage":0,"enemies":"Small Slimes","floor":11,"turns":3},{"damage":3,"enemies":"Exordium Thugs","floor":12,"turns":4},{"damage":0,"enemies":"3 Louse","floor":14,"turns":2},{"damage":55,"enemies":"Slime Boss","floor":16,"turns":10},{"damage":7,"enemies":"Shell Parasite","floor":18,"turns":4},{"damage":10,"enemies":"Spheric Guardian","floor":20,"turns":4},{"damage":10,"enemies":"Chosen and Byrds","floor":22,"turns":4},{"damage":11,"enemies":"3 Cultists","floor":24,"turns":4},{"damage":18,"enemies":"Slavers","floor":29,"turns":5},{"damage":13,"enemies":"Cultist and Chosen","floor":30,"turns":5},{"damage":43,"enemies":"Champ","floor":33,"turns":13},{"damage":10,"enemies":"Orb Walker","floor":35,"turns":3},{"damage":60,"enemies":"2 Orb Walkers","floor":41,"turns":5},{"damage":3,"enemies":"3 Shapes","floor":45,"turns":9},{"damage":22,"enemies":"Sphere and 2 Shapes","floor":47,"turns":6},{"damage":57,"enemies":"Time Eater","floor":50,"turns":8}],"event_choices":[{"event_name":"The Cleric","player_choice":"Leave","floor":2,"damage_taken":0},{"event_name":"Liars Game","player_choice":"disagreed","floor":3,"damage_taken":0},{"event_name":"Accursed Blacksmith","player_choice":"Rummage","floor":4,"damage_taken":0},{"event_name":"Golden Wing","player_choice":"Gained Gold","floor":8,"damage_taken":0},{"event_name":"Back to Basics","player_choice":"Simplicity","floor":19,"damage_taken":0},{"event_name":"Forgotten Altar","player_choice":"Shed Blood","floor":27,"damage_taken":0},{"event_name":"Match and Keep!","player_choice":"1 cards matched","floor":31,"damage_taken":0},{"event_name":"Tomb of Lord Red Mask","player_choice":"Ignored","floor":36,"damage_taken":0},{"event_name":"Fountain of Cleansing","player_choice":"Removed Curse","floor":38,"damage_taken":0},{"event_name":"Match and Keep!","player_choice":"2 cards matched","floor":46,"damage_taken":0}],"boss_relics":[{"not_picked":["Question Card","Eternal Feather"],"picked":"Cursed Key"},{"not_picked":["White Beast Statue","Runic Cube"],"picked":"Black Star"}],"potions_floor_spawned":[1,7,12,16,18,24,29,33,35,41,45],"seed_played":"6448128745669362526","killed_by":"Time Eater","ascension_level":0,"is_trial":false}