{"path_per_floor":["M","?","?","?","M","$","R","M","T","R","M","R","$","M","R","B",null,"M","?","?","$","?","R","?","R","T","M","M","M","M","M","R","B",null,"M","?","M","?","M","R","$","M","T","R","M","M","R","M","R"],"character_chosen":"IRONCLAD","items_purchased":["Double Tap","Rampage"],"gold_per_floor":[18,18,18,193,211,136,136,153,153,153,171,171,20,35,35,140,140,150,75,75,75,75,75,75,75,75,91,111,121,138,154,154,259,259,276,276,288,288,300,300,200,219,219,219,233,245,245,264,264],"floor_reached":50,"campfire_rested":5,"playtime":1811,"current_hp_per_floor":[79,79,79,79,80,80,80,78,78,78,79,79,79,80,80,61,80,63,63,63,63,63,63,63,63,63,44,40,43,9,12,36,13,80,69,69,58,58,20,44,44,15,15,39,19,19,43,24,48],"items_purged":["Doubt","Strike_R"],"gold":264,"score":386,"play_id":"da25a264-2c72-4ced-bf15-8346cd2a3605","is_prod":false,"is_daily":false,"is_ascension_mode":false,"campfire_upgraded":6,"path_taken":["M","?","?","?","M","$","R","M","T","R","M","R","$","M","R","BOSS","M","?","?","$","?","R","?","R","T","M","?","M","M","M","R","BOSS","M","?","M","?","M","R","$","?","T","R","M","M","R","M","R","BOSS"],"build_version":"2018-02-22-PROD2","purchased_purges":2,"victory":false,"master_deck":["Strike_R+1","Strike_R+1","Defend_R","Defend_R","Bash+1","Spot Weakness+1","Double Tap+1","Rampage+1","Headbutt","Shrug It Off+1","Shrug It Off+1"],"max_hp_per_floor":[80,80,80,80,80,80,80,80,80,80,80,80,80,80,80,80,80,80,80,80,80,80,80,80,80,80,80,80,80,80,80,80,80,80,80,80,80,80,80,80,80,80,80,80,80,80,80,80,80],"relics":["Burning Blood"],"card_choices":[{"not_picked":["Dropkick","Blood for Blood"],"picked":"Spot Weakness"},{"not_picked":["Armaments","Clash"],"picked":"Headbutt"},{"not_picked":["Thunderclap","Wild Strike"],"picked":"Shrug It Off"}],"player_experience":467620,"potions_floor_usage":[50],"damage_taken":[{"damage":7.0,"enemies":"2 Louse","floor":1.0,"turns":3.0},{"damage":5.0,"enemies":"Cultist","floor":5.0,"turns":4.0},{"damage":8.0,"enemies":"Jaw Worm","floor":8.0,"turns":3.0},{"damage":5.0,"enemies":"2 Fungi Beasts","floor":11.0,"turns":3.0},{"damage":0.0,"enemies":"Large Slime","floor":14.0,"turns":4.0},{"damage":25.0,"enemies":"Slime Boss","floor":16.0,"turns":7.0},{"damage":23.0,"enemies":"3 Byrds","floor":18.0,"turns":4.0},{"damage":25.0,"enemies":"2 Thieves","floor":27.0,"turns":4.0},{"damage":10.0,"enemies":"Snake Plant","floor":28.0,"turns":3.0},{"damage":3.0,"enemies":"Centurion and Healer","floor":29.0,"turns":6.0},{"damage":40.0,"enemies":"Slaver and Parasite","floor":30.0,"turns":6.0},{"damage":3.0,"enemies":"Snecko","floor":31.0,"turns":4.0},{"damage":44.0,"enemies":"Champ","floor":33.0,"turns":8.0},{"damage":17.0,"enemies":"3 Darklings","floor":35.0,"turns":8.0},{"damage":17.0,"enemies":"3 Shapes","floor":37.0,"turns":7.0},{"damage":44.0,"enemies":"Maw","floor":39.0,"turns":8.0},{"damage":35.0,"enemies":"Sphere and 2 Shapes","floor":42.0,"turns":8.0},{"damage":26.0,"enemies":"4 Shapes","floor":45.0,"turns":11.0},{"damage":6.0,"enemies":"3 Darklings","floor":46.0,"turns":6.0},{"damage":25.0,"enemies":"Sphere and 2 Shapes","floor":48.0,"turns":7.0},{"damage":51,"enemies":"Donu and Deca","floor":50,"turns":4}],"event_choices":[{"event_name":"Accursed Blacksmith","player_choice":"Forge","floor":2.0,"damage_taken":0.0},{"event_name":"Scrap Ooze","player_choice":"unsuccessful","floor":3.0,"damage_taken":0.0},{"event_name":"Liars Game","player_choice":"agreed","floor":4.0,"damage_taken":0.0},{"event_name":"Beggar","player_choice":"Gave Gold","floor":19.0,"damage_taken":0.0},{"event_name":"Drug Dealer","player_choice":"Ignored","floor":20.0,"damage_taken":0.0},{"event_name":"The Library","player_choice":"Read","floor":22.0,"damage_taken":0.0},{"event_name":"Back to Basics","player_choice":"Elegance","floor":24.0,"damage_taken":0.0},{"event_name":"Mysterious Sphere","player_choice":"Ignore","floor":36.0,"damage_taken":0.0},{"event_name":"Tomb of Lord Red Mask","player_choice":"Ignored","floor":38.0,"damage_taken":0.0}],"boss_relics":[],"potions_floor_spawned":[1,8,18,27,31,35,39,48],"seed_played":"-1059552003775897972","killed_by":"Donu and Deca","ascension_level":0,"is_trial":false}