{"path_per_floor":["M","?","$","?","?","R","M","$","T","?","M","R","T","M","R","B",null,"M","$","?","?","M","R","M","T","T","M","M","R","M","M","R"],"character_chosen":"IRONCLAD","items_purchased":["Rage","Spot Weakness","Bag of Marbles"],"gold_per_floor":[118,118,5,5,5,5,21,21,75,75,87,87,110,130,130,225,225,239,50,50,50,67,67,79,79,151,163,175,175,186,199,199],"floor_reached":33,"campfire_rested":2,"playtime":1080,"current_hp_per_floor":[73,73,73,73,73,73,79,79,79,79,80,80,80,78,78,63,76,78,78,78,78,69,75,49,49,49,51,37,69,57,43,75],"items_purged":["Defend_R"],"gold":199,"score":320,"play_id":"a7687d15-5ba4-4f74-a3b9-40f93df8c02c","is_prod":false,"is_daily":false,"is_ascension_mode":true,"campfire_upgraded":4,"path_taken":["M","?","$","?","?","R","M","$","T","?","?","R","?","M","R","BOSS","M","$","?","?","?","R","M","?","T","M","M","R","M","M","R","BOSS"],"build_version":"2018-02-15-PROD1","purchased_purges":3,"victory":false,"master_deck":["Strike_R","Strike_R","Strike_R","Strike_R","Defend_R","Defend_R","Defend_R","Bash","Uppercut+1","Reckless Charge","Rage+1","Flame Barrier","Double Tap+1","Offering","Armaments+1","Double Tap","Spot Weakness","Body Slam+1","Bloodletting+1","Thunderclap","Rage","Seeing Red+1","Intimidate"],"max_hp_per_floor":[80,80,80,80,80,80,80,80,80,80,80,80,80,80,80,80,80,80,80,80,80,80,80,80,80,80,80,80,80,80,80,80],"relics":["Burning Blood","Art of War","Vajra","Eternal Feather","Bag of Marbles","Red Skull","Frozen Eye","Bottled Lightning"],"card_choices":[{"not_picked":["Armaments","Perfected Strike"],"picked":"Uppercut"},{"not_picked":["Corruption","Body Slam"],"picked":"Flame Barrier"},{"not_picked":["Havoc","Hemokinesis"],"picked":"Offering"},{"not_picked":["Heavy Blade","Anger"],"picked":"Armaments"},{"not_picked":["Exhume","Offering"],"picked":"Double Tap"},{"not_picked":["Heavy Blade","Entrench"],"picked":"Bloodletting"},{"not_picked":["Cleave","Clash"],"picked":"Thunderclap"},{"not_picked":["Clash","True Grit"],"picked":"Rage"},{"not_picked":["Thunderclap","Anger"],"picked":"Seeing Red"},{"not_picked":["Twin Strike","Evolve"],"picked":"Intimidate"}],"player_experience":234267,"potions_floor_usage":[14,22,28,28,31,33],"damage_taken":[{"damage":5,"enemies":"Small Slimes","floor":1,"turns":5},{"damage":0,"enemies":"2 Louse","floor":7,"turns":3},{"damage":0,"enemies":"Cultist","floor":11,"turns":2},{"damage":8,"enemies":"Exordium Thugs","floor":14,"turns":3},{"damage":21,"enemies":"Slime Boss","floor":16,"turns":7},{"damage":4,"enemies":"Spheric Guardian","floor":18,"turns":3},{"damage":15,"enemies":"3 Byrds","floor":22,"turns":5},{"damage":32,"enemies":"Sentry and Sphere","floor":24,"turns":4},{"damage":4,"enemies":"Snecko","floor":27,"turns":3},{"damage":20,"enemies":"Chosen and Byrds","floor":28,"turns":7},{"damage":18,"enemies":"Snake Plant","floor":30,"turns":3},{"damage":20,"enemies":"Snecko","floor":31,"turns":6},{"damage":85,"enemies":"Champ","floor":33,"turns":10}],"event_choices":[{"event_name":"Living Wall","player_choice":"Change","floor":2,"damage_taken":0},{"event_name":"Upgrade Shrine","player_choice":"Upgraded","floor":4,"damage_taken":0},{"event_name":"Liars Game","player_choice":"disagreed","floor":5,"damage_taken":0},{"event_name":"Match and Keep!","player_choice":"1 cards matched","floor":10,"damage_taken":0},{"event_name":"The Mausoleum","player_choice":"Yes","floor":20,"damage_taken":0},{"event_name":"The Library","player_choice":"Read","floor":21,"damage_taken":0}],"boss_relics":[{"not_picked":["Astrolabe","Snecko Eye"],"picked":"Eternal Feather"}],"potions_floor_spawned":[11,16,18,24,27,30],"seed_played":"3337318529331229044","killed_by":"Champ","ascension_level":7,"is_trial":false}