{"path_per_floor":["M","$","?","?","M","R","E","R","T","?","?","M","R","M","R","B",null,"M","M","?","$","?","R","?","R","T","M","M","T","M","M","R","B",null,"M","?","?","$","M","M","E","$","T","?","M","E","?","M","R"],"character_chosen":"IRONCLAD","items_purchased":["True Grit","Panache"],"gold_per_floor":[115,40,40,107,118,118,145,145,170,235,235,250,250,265,265,363,363,363,363,363,312,312,312,227,227,227,227,227,227,227,227,227,227,227,227,227,227,29,29,29,29,29,29,29,29,29,0,0,0],"floor_reached":50,"campfire_rested":0,"playtime":1567,"current_hp_per_floor":[78,78,78,78,80,80,80,80,87,53,53,51,51,57,57,26,72,69,73,57,57,57,57,57,57,57,49,64,64,40,37,37,26,72,58,58,58,58,61,61,20,20,20,76,74,47,47,27,27],"items_purged":["Strike_R"],"gold":0,"score":761,"play_id":"10b5dc4e-97ab-43fd-bcb6-8990c66ce1fd","is_prod":false,"is_daily":false,"is_ascension_mode":true,"campfire_upgraded":8,"path_taken":["M","$","?","?","?","R","E","R","T","?","?","M","R","M","R","BOSS","M","M","?","?","?","R","?","R","T","M","?","?","M","M","R","BOSS","M","?","?","$","M","M","E","?","T","?","?","E","?","M","R","BOSS"],"build_version":"2018-02-22-PROD2","purchased_purges":1,"victory":false,"master_deck":["Strike_R","Strike_R","Strike_R","Defend_R","Defend_R","Defend_R","Defend_R","Bash+1","Parasite","Pommel Strike+1","Fiend Fire+1","Spot Weakness+1","Disarm+1","Feel No Pain","Fiend Fire+1","Clash","True Grit+1","Battle Trance","Shockwave+1","Body Slam+1","Clash","Exhume","Inflame+1","Panache","Clash+1","Headbutt+1","Inflame","Berserk","Heavy Blade+1"],"max_hp_per_floor":[80,80,80,80,80,80,80,80,87,87,87,87,87,87,87,87,87,87,87,87,87,87,87,87,87,87,87,87,87,87,87,87,87,87,87,87,87,87,87,87,87,87,87,76,76,76,76,76,76],"relics":["Burning Blood","NeowsBlessing","Ancient Tea Set","Strawberry","Frozen Eye","Ectoplasm","Nilry\u0027s Codex","Smiling Mask","Bronze Scales","Omamori","Velvet Choker","Lantern","Dodecahedron","Juzu Bracelet","Red Mask"],"card_choices":[{"not_picked":["Twin Strike","Whirlwind"],"picked":"Pommel Strike"},{"not_picked":["Power Through","Sentinel"],"picked":"Fiend Fire"},{"not_picked":["Warcry","Twin Strike"],"picked":"Spot Weakness"},{"not_picked":["Shockwave","Power Through"],"picked":"Feel No Pain"},{"not_picked":["Demon Form","Brutality"],"picked":"Fiend Fire"},{"not_picked":["Iron Wave","Clothesline"],"picked":"Clash"},{"not_picked":["Exhume","Thunderclap"],"picked":"Shockwave"},{"not_picked":["Armaments","Twin Strike"],"picked":"Body Slam"},{"not_picked":["Rampage","Perfected Strike"],"picked":"Clash"},{"not_picked":["Feed","Berserk"],"picked":"Exhume"},{"not_picked":["Twin Strike","Cleave"],"picked":"Inflame"},{"not_picked":["Entrench","Iron Wave"],"picked":"Clash"},{"not_picked":["Wild Strike","Anger"],"picked":"Headbutt"},{"not_picked":["Warcry","Anger"],"picked":"Inflame"},{"not_picked":["Heavy Blade","Reckless Charge"],"picked":"Berserk"},{"not_picked":["Whirlwind","Headbutt"],"picked":"Heavy Blade"}],"player_experience":284205,"potions_floor_usage":[16,18,33,33,39,45,48,50,50],"damage_taken":[{"damage":0,"enemies":"Jaw Worm","floor":1,"turns":1},{"damage":0,"enemies":"Cultist","floor":5,"turns":1},{"damage":0,"enemies":"Lagavulin","floor":7,"turns":1},{"damage":40,"enemies":"Lagavulin Event","floor":10,"turns":4},{"damage":8,"enemies":"Small Slimes","floor":12,"turns":3},{"damage":0,"enemies":"2 Fungi Beasts","floor":14,"turns":2},{"damage":37,"enemies":"Slime Boss","floor":16,"turns":10},{"damage":9,"enemies":"3 Byrds","floor":18,"turns":4},{"damage":2,"enemies":"Chosen","floor":19,"turns":5},{"damage":14,"enemies":"Snake Plant","floor":27,"turns":2},{"damage":3,"enemies":"3 Cultists","floor":28,"turns":5},{"damage":30,"enemies":"Cultist and Chosen","floor":30,"turns":6},{"damage":9,"enemies":"Snake Plant","floor":31,"turns":3},{"damage":25,"enemies":"Champ","floor":33,"turns":10},{"damage":20,"enemies":"3 Shapes","floor":35,"turns":6},{"damage":3,"enemies":"Orb Walker","floor":39,"turns":4},{"damage":6,"enemies":"Maw","floor":40,"turns":5},{"damage":47,"enemies":"2 Orb Walkers","floor":41,"turns":5},{"damage":8,"enemies":"Sphere and 2 Shapes","floor":45,"turns":4},{"damage":33,"enemies":"Nemesis","floor":46,"turns":5},{"damage":35,"enemies":"4 Shapes","floor":48,"turns":7},{"damage":30,"enemies":"Awakened One","floor":50,"turns":3}],"event_choices":[{"event_name":"Upgrade Shrine","player_choice":"Upgraded","floor":3,"damage_taken":0},{"event_name":"Golden Wing","player_choice":"Gained Gold","floor":4,"damage_taken":0},{"event_name":"Dead Adventurer","player_choice":"Searched \u00272\u0027 times","floor":10,"damage_taken":0},{"event_name":"Transmorgrifier","player_choice":"Transform","floor":11,"damage_taken":0},{"event_name":"Cursed Tome","player_choice":"Obtained Book","floor":20,"damage_taken":0},{"event_name":"The Library","player_choice":"Read","floor":22,"damage_taken":0},{"event_name":"Addict","player_choice":"Obtained Relic","floor":24,"damage_taken":0},{"event_name":"Golden Shrine","player_choice":"Pray","floor":36,"damage_taken":0},{"event_name":"Mysterious Sphere","player_choice":"Ignore","floor":37,"damage_taken":0},{"event_name":"The Moai Head","player_choice":"Heal","floor":44,"damage_taken":0},{"event_name":"Tomb of Lord Red Mask","player_choice":"Paid","floor":47,"damage_taken":0}],"boss_relics":[{"not_picked":["Sozu","Runic Cube"],"picked":"Ectoplasm"},{"not_picked":["Orrery","Pandora\u0027s Box"],"picked":"Velvet Choker"}],"potions_floor_spawned":[7,12,14,27,31,35,41,46,48],"seed_played":"4369120956836316763","killed_by":"Awakened One","ascension_level":11,"is_trial":false}