{"path_per_floor":["M","?","$","?","M","M","M","R","T","?","R","E","$","M","R","B",null,"M","?","?","?","M","R","T","M","T","?","M","R","M","M","R","B"],"character_chosen":"IRONCLAD","items_purchased":["Whirlwind","Flash of Steel"],"gold_per_floor":[111,186,37,37,48,58,68,68,68,68,68,103,4,18,18,118,118,134,134,34,34,46,46,128,138,138,63,82,82,101,115,115,210],"floor_reached":34,"campfire_rested":2,"playtime":697,"current_hp_per_floor":[79,68,68,73,62,62,52,52,52,52,52,24,24,24,49,61,85,81,65,65,65,65,65,65,59,59,59,43,43,36,36,60,41],"items_purged":["Strike_R"],"gold":210,"score":302,"play_id":"755ca99c-f70c-40d7-bd3d-d3bcb0e713c0","is_prod":false,"is_daily":false,"is_ascension_mode":false,"campfire_upgraded":4,"path_taken":["M","?","?","?","M","M","?","R","T","?","R","E","$","M","R","BOSS","M","?","?","?","M","R","?","M","T","?","M","R","M","M","R","BOSS"],"build_version":"2018-02-22-PROD2","purchased_purges":1,"victory":false,"master_deck":["Strike_R","Strike_R","Strike_R","Defend_R","Defend_R","Bash","Inflame+1","Infernal Blade+1","Evolve+1","Shrug It Off","Whirlwind+1","Inflame+1","Offering","Flash of Steel","Heavy Blade+1","Limit Break+1","Necronomicurse","J.A.X.","Flame Barrier","Clumsy"],"max_hp_per_floor":[80,80,80,85,85,85,85,85,85,85,85,85,85,85,85,85,85,85,85,85,85,85,85,85,85,85,82,82,82,82,82,82,82],"relics":["Astrolabe","Pantograph","Cursed Key","Necronomicon","Ornamental Fan","Charon\u0027s Ashes"],"card_choices":[{"not_picked":["Clothesline","Warcry"],"picked":"Shrug It Off"},{"not_picked":["Pommel Strike","Wild Strike"],"picked":"Inflame"},{"not_picked":["Rampage","Whirlwind"],"picked":"Offering"},{"not_picked":["Thunderclap","Reckless Charge"],"picked":"Heavy Blade"},{"not_picked":["Offering","Reaper"],"picked":"Limit Break"},{"not_picked":["Second Wind","Headbutt"],"picked":"Flame Barrier"}],"player_experience":458112,"potions_floor_usage":[],"damage_taken":[{"damage":1.0,"enemies":"2 Louse","floor":1.0,"turns":2.0},{"damage":11.0,"enemies":"Jaw Worm","floor":5.0,"turns":2.0},{"damage":0.0,"enemies":"Cultist","floor":6.0,"turns":2.0},{"damage":10.0,"enemies":"Exordium Thugs","floor":7.0,"turns":3.0},{"damage":28.0,"enemies":"Lagavulin","floor":12.0,"turns":5.0},{"damage":0.0,"enemies":"2 Fungi Beasts","floor":14.0,"turns":2.0},{"damage":13.0,"enemies":"Slime Boss","floor":16.0,"turns":4.0},{"damage":4.0,"enemies":"Chosen","floor":18.0,"turns":2.0},{"damage":0.0,"enemies":"Spheric Guardian","floor":22.0,"turns":2.0},{"damage":6.0,"enemies":"3 Cultists","floor":25.0,"turns":3.0},{"damage":16.0,"enemies":"Snake Plant","floor":28.0,"turns":2.0},{"damage":7.0,"enemies":"Sentry and Sphere","floor":30.0,"turns":2.0},{"damage":0.0,"enemies":"Chosen and Byrds","floor":31.0,"turns":3.0},{"damage":41.0,"enemies":"Collector","floor":33.0,"turns":4.0}],"event_choices":[{"event_name":"World of Goop","player_choice":"Gather Gold","floor":2.0,"damage_taken":0.0},{"event_name":"Big Fish","player_choice":"Donut","floor":4.0,"damage_taken":0.0},{"event_name":"Liars Game","player_choice":"disagreed","floor":10.0,"damage_taken":0.0},{"event_name":"Cursed Tome","player_choice":"Obtained Book","floor":19.0,"damage_taken":0.0},{"event_name":"Drug Dealer","player_choice":"Got JAXXED","floor":20.0,"damage_taken":0.0},{"event_name":"Vampires","player_choice":"Ignored","floor":21.0,"damage_taken":0.0},{"event_name":"Beggar","player_choice":"Gave Gold","floor":27.0,"damage_taken":0.0}],"boss_relics":[],"potions_floor_spawned":[7,12,14,25,31],"seed_played":"-9051232671900235244","ascension_level":0,"is_trial":false}