{"path_per_floor":["M","M","M","M","M","R","E","R","T","R","?","$","R","M","R","B",null,"M","$","M","$","M","R","M","?","T","M","R","M"],"character_chosen":"IRONCLAD","items_purchased":["Thunderclap","Searing Blow","Anchor","Impervious"],"gold_per_floor":[113,123,137,157,176,176,207,207,207,207,207,34,34,57,57,187,187,210,63,82,2,17,17,36,36,62,77,77,98],"floor_reached":30,"campfire_rested":2,"playtime":1250,"current_hp_per_floor":[75,71,80,73,67,93,92,92,92,92,92,92,92,99,99,44,88,93,93,91,91,70,78,34,70,70,78,86,27],"items_purged":["Injury"],"gold":98,"score":366,"play_id":"cb9e1e4b-6f14-4cad-a051-60fd54dc811d","is_prod":false,"is_daily":false,"is_ascension_mode":true,"campfire_upgraded":5,"path_taken":["M","M","M","M","M","R","E","R","T","R","?","$","R","?","R","BOSS","M","$","M","$","M","R","?","?","T","M","R","M","M"],"build_version":"2018-02-15-PROD1","purchased_purges":1,"victory":false,"master_deck":["Strike_R","Strike_R","Strike_R","Strike_R","Strike_R","Defend_R","Defend_R","Defend_R","Defend_R","Bash+1","Feed","Ghostly Armor","Pommel Strike","Armaments+1","True Grit+1","Thunderclap","Searing Blow+3","Impervious","Impervious","Shrug It Off+1","Headbutt","Impervious","Armaments"],"max_hp_per_floor":[80,83,86,89,93,93,96,96,96,96,96,96,96,99,99,103,103,103,103,103,103,107,107,110,110,110,112,112,114],"relics":["Burning Blood","Happy Flower","Champion Belt","Golden Idol","Eternal Feather","Anchor","Singing Bowl"],"card_choices":[{"not_picked":["Havoc","Rampage"],"picked":"Feed"},{"not_picked":["Wild Strike","Anger"],"picked":"Ghostly Armor"},{"not_picked":["Thunderclap","Warcry"],"picked":"Pommel Strike"},{"not_picked":["Infernal Blade","Disarm"],"picked":"Armaments"},{"not_picked":["Immolate","Second Wind"],"picked":"True Grit"},{"not_picked":["Body Slam","Warcry"],"picked":"Impervious"},{"not_picked":["Fiend Fire","Brutality"],"picked":"Impervious"},{"not_picked":["Warcry","Perfected Strike"],"picked":"Shrug It Off"},{"not_picked":["Rupture","Sentinel"],"picked":"Headbutt"},{"not_picked":["Warcry","Sword Boomerang"],"picked":"Armaments"}],"player_experience":232785,"potions_floor_usage":[7,14,18,20,22,27,29,30],"damage_taken":[{"damage":3,"enemies":"2 Louse","floor":1,"turns":3},{"damage":13,"enemies":"Jaw Worm","floor":2,"turns":4},{"damage":0,"enemies":"Cultist","floor":3,"turns":4},{"damage":16,"enemies":"Gremlin Gang","floor":4,"turns":8},{"damage":16,"enemies":"Exordium Wildlife","floor":5,"turns":9},{"damage":10,"enemies":"3 Sentries","floor":7,"turns":10},{"damage":0,"enemies":"3 Louse","floor":14,"turns":2},{"damage":65,"enemies":"Slime Boss","floor":16,"turns":16},{"damage":1,"enemies":"Chosen","floor":18,"turns":6},{"damage":8,"enemies":"2 Thieves","floor":20,"turns":5},{"damage":31,"enemies":"Centurion and Healer","floor":22,"turns":11},{"damage":53,"enemies":"3 Cultists","floor":24,"turns":9},{"damage":0,"enemies":"Snake Plant","floor":27,"turns":3},{"damage":67,"enemies":"Cultist and Chosen","floor":29,"turns":10},{"damage":41,"enemies":"3 Cultists","floor":30,"turns":5}],"event_choices":[{"event_name":"Golden Idol","player_choice":"Take Wound","floor":11,"damage_taken":0},{"event_name":"The Library","player_choice":"Heal","floor":25,"damage_taken":0}],"boss_relics":[{"not_picked":["Philosopher\u0027s Stone","Snecko Eye"],"picked":"Eternal Feather"}],"potions_floor_spawned":[3,4,5,16,18,22,24,27,29],"seed_played":"5452571800208678988","killed_by":"3 Cultists","ascension_level":7,"is_trial":false}