{"path_per_floor":["M","?","$","?","M","R","E","R","T","R","M","M","?","T","R","B",null,"M","M","$","M","$","R","E","R","T","M","?","?","$","M","R","B",null,"M","?","?","$","M","R","M","E","T","M"],"character_chosen":"IRONCLAD","items_purchased":[],"gold_per_floor":[113,113,38,38,50,50,75,75,98,98,110,121,121,146,146,245,245,257,271,171,187,62,62,96,96,123,137,62,62,62,81,81,177,177,188,188,239,89,103,103,114,141,192,207],"floor_reached":45,"campfire_rested":0,"playtime":1149,"current_hp_per_floor":[74,79,79,79,80,80,66,66,66,66,72,76,76,76,76,16,92,92,88,88,84,84,84,56,56,56,45,45,75,75,79,79,8,92,92,92,92,92,92,92,63,10,10,16],"items_purged":["Strike_R","Strike_R","Strike_R","Strike_R"],"gold":207,"score":411,"play_id":"ac77b159-8fcb-4f32-972e-5e323926048d","is_prod":false,"is_daily":false,"is_ascension_mode":false,"campfire_upgraded":7,"path_taken":["M","?","$","?","M","R","E","R","T","R","?","M","?","?","R","BOSS","M","M","$","M","$","R","E","R","T","M","?","?","$","M","R","BOSS","M","?","?","$","M","R","M","E","T","?","?"],"build_version":"2018-02-22-PROD2","purchased_purges":4,"victory":false,"master_deck":["Defend_R+1","Bash+1","Sever Soul+1","Whirlwind+1","Bludgeon+1","Writhe"],"max_hp_per_floor":[80,85,85,85,85,85,92,92,92,92,92,92,92,92,92,92,92,92,92,92,92,92,92,92,92,92,92,92,92,92,92,92,92,92,92,92,92,92,92,92,92,92,92,92],"relics":["Burning Blood","Strawberry","Anchor","Regal Pillow","Sozu","Mercury Hourglass","Vajra","Cursed Key","Girya","Whetstone","Orichalcum"],"card_choices":[{"not_picked":["Blood for Blood","Flame Barrier"],"picked":"Whirlwind"}],"player_experience":424853,"potions_floor_usage":[],"damage_taken":[{"damage":12,"enemies":"Small Slimes","floor":1,"turns":3},{"damage":5,"enemies":"2 Louse","floor":5,"turns":2},{"damage":27,"enemies":"Gremlin Nob","floor":7,"turns":4},{"damage":0,"enemies":"Jaw Worm","floor":11,"turns":2},{"damage":2,"enemies":"Blue Slaver","floor":12,"turns":2},{"damage":66,"enemies":"Hexaghost","floor":16,"turns":7},{"damage":0,"enemies":"Chosen","floor":18,"turns":3},{"damage":10,"enemies":"Spheric Guardian","floor":19,"turns":3},{"damage":10,"enemies":"Centurion and Healer","floor":21,"turns":5},{"damage":34,"enemies":"Book of Stabbing","floor":24,"turns":4},{"damage":17,"enemies":"Slaver and Parasite","floor":27,"turns":4},{"damage":2,"enemies":"Sentry and Sphere","floor":31,"turns":3},{"damage":77,"enemies":"Automaton","floor":33,"turns":8},{"damage":0,"enemies":"Orb Walker","floor":35,"turns":2},{"damage":4,"enemies":"Mysterious Sphere","floor":37,"turns":3},{"damage":0,"enemies":"3 Shapes","floor":39,"turns":2},{"damage":35,"enemies":"Maw","floor":41,"turns":5},{"damage":59,"enemies":"Giant Head","floor":42,"turns":6},{"damage":0,"enemies":"3 Darklings","floor":44,"turns":1},{"damage":17,"enemies":"Sphere and 2 Shapes","floor":45,"turns":1}],"event_choices":[{"event_name":"Big Fish","player_choice":"Donut","floor":2,"damage_taken":0},{"event_name":"Transmorgrifier","player_choice":"Transform","floor":4,"damage_taken":0},{"event_name":"Match and Keep!","player_choice":"0 cards matched","floor":13,"damage_taken":0},{"event_name":"Beggar","player_choice":"Gave Gold","floor":28,"damage_taken":0},{"event_name":"The Library","player_choice":"Heal","floor":29,"damage_taken":0},{"event_name":"Mysterious Sphere","player_choice":"Fight","floor":37,"damage_taken":0}],"boss_relics":[{"not_picked":["White Beast Statue","Runic Pyramid"],"picked":"Sozu"},{"not_picked":["Black Star","Snecko Eye"],"picked":"Cursed Key"}],"potions_floor_spawned":[1,11,24,27,41],"seed_played":"-2691938243947356303","killed_by":"Sphere and 2 Shapes","ascension_level":0,"is_trial":false}