{"path_per_floor":["M","$","?","M","M","E","R","E","T","M","$","?","M","T","R","B",null,"M","M","$","M","M","R","M","$","T","R","$","?","R","M","R"],"character_chosen":"IRONCLAD","items_purchased":["Evolve","Rampage","Shrug It Off"],"gold_per_floor":[359,118,118,131,146,172,172,202,202,214,114,114,131,131,131,230,230,240,252,127,139,158,158,169,19,19,19,19,19,19,39,39],"floor_reached":33,"campfire_rested":3,"playtime":1176,"current_hp_per_floor":[68,68,73,77,75,60,60,48,62,48,48,48,52,52,80,33,80,88,81,81,71,49,49,38,38,38,66,66,66,66,65,93],"items_purged":["Parasite","Strike_R","Strike_R","Strike_R"],"gold":39,"score":424,"play_id":"aca78531-f9ba-4ad4-baa5-d463d943800d","is_prod":false,"is_daily":false,"is_ascension_mode":true,"campfire_upgraded":3,"path_taken":["M","$","?","?","M","E","R","E","T","M","$","?","?","?","R","BOSS","M","M","$","M","M","R","M","$","T","R","?","?","R","M","R","BOSS"],"build_version":"2018-02-22-PROD2","purchased_purges":5,"victory":false,"master_deck":["Defend_R","Defend_R","Defend_R","Defend_R","Bash","Shockwave","Evolve","Rampage+1","Shrug It Off","Shrug It Off","Clothesline","Seeing Red","Uppercut+1","Whirlwind+1","Offering","Bludgeon","Bite","Bite","Bite","Bite","Bite"],"max_hp_per_floor":[80,77,82,82,82,82,82,82,96,96,96,96,96,96,96,96,96,96,96,96,96,96,96,96,96,96,96,96,96,96,96,96],"relics":["Black Blood","Paper Frog","Mango","Ancient Tea Set","Bronze Scales","Torii"],"card_choices":[{"not_picked":["Brutality","Havoc"],"picked":"Shockwave"},{"not_picked":["Havoc","Flex"],"picked":"Shrug It Off"},{"not_picked":["Heavy Blade","Immolate"],"picked":"Clothesline"},{"not_picked":["Intimidate","Second Wind"],"picked":"Seeing Red"},{"not_picked":["Seeing Red","Rupture"],"picked":"Uppercut"},{"not_picked":["Heavy Blade","Twin Strike"],"picked":"Whirlwind"},{"not_picked":["Impervious","Berserk"],"picked":"Offering"},{"not_picked":["True Grit","Body Slam"],"picked":"Bludgeon"}],"player_experience":298144,"potions_floor_usage":[6,8,13,24,31,33],"damage_taken":[{"damage":10,"enemies":"Small Slimes","floor":1,"turns":4},{"damage":2,"enemies":"2 Louse","floor":4,"turns":4},{"damage":8,"enemies":"Jaw Worm","floor":5,"turns":4},{"damage":21,"enemies":"Gremlin Nob","floor":6,"turns":5},{"damage":18,"enemies":"3 Sentries","floor":8,"turns":8},{"damage":22,"enemies":"Lots of Slimes","floor":10,"turns":5},{"damage":4,"enemies":"2 Fungi Beasts","floor":13,"turns":2},{"damage":55,"enemies":"Slime Boss","floor":16,"turns":11},{"damage":4,"enemies":"3 Byrds","floor":18,"turns":6},{"damage":19,"enemies":"Chosen","floor":19,"turns":7},{"damage":22,"enemies":"Snake Plant","floor":21,"turns":5},{"damage":34,"enemies":"Centurion and Healer","floor":22,"turns":8},{"damage":23,"enemies":"Sentry and Sphere","floor":24,"turns":4},{"damage":19,"enemies":"3 Cultists","floor":31,"turns":5},{"damage":127,"enemies":"Champ","floor":33,"turns":15}],"event_choices":[{"event_name":"Big Fish","player_choice":"Donut","floor":3,"damage_taken":0},{"event_name":"Dead Adventurer","player_choice":"Searched \u00271\u0027 times","floor":12,"damage_taken":0},{"event_name":"Vampires","player_choice":"Became a vampire (Vial)","floor":29,"damage_taken":0}],"boss_relics":[{"not_picked":["Runic Cube","Philosopher\u0027s Stone"],"picked":"Black Blood"}],"potions_floor_spawned":[1,6,10,16,19,22,24],"seed_played":"-1239991569172689500","killed_by":"Champ","ascension_level":9,"is_trial":false}