{"path_per_floor":["M","M","?","M","M","R","M","R","T","R","E","M","M","$","R","B",null,"M","?","M","$"],"character_chosen":"IRONCLAD","items_purchased":["Happy Flower"],"gold_per_floor":[19,32,32,52,76,76,101,101,127,127,162,176,191,42,42,165,165,180,95,114,39],"floor_reached":22,"campfire_rested":1,"playtime":838,"current_hp_per_floor":[93,93,89,89,69,69,60,60,60,86,82,84,89,89,89,50,87,62,62,43,43],"items_purged":["Strike_R"],"gold":39,"score":288,"play_id":"02fcec2f-bd2c-4228-b92a-c1fe71473a1b","is_prod":false,"is_daily":false,"is_ascension_mode":true,"campfire_upgraded":3,"path_taken":["M","M","?","M","?","R","M","R","T","R","E","M","M","?","R","BOSS","M","?","M","$","M"],"build_version":"2018-02-22-PROD2","purchased_purges":1,"victory":false,"master_deck":["Strike_R","Strike_R","Strike_R","Strike_R","Defend_R","Defend_R","Defend_R","Defend_R","Bash","Clothesline+1","Entrench+1","Iron Wave","Rampage+1","Ghostly Armor","Whirlwind","Feed","Double Tap","Headbutt","Battle Trance"],"max_hp_per_floor":[96,96,89,89,89,89,89,89,89,89,96,96,99,99,99,99,99,99,99,99,99],"relics":["Burning Blood","Golden Idol","Lantern","Strawberry","Happy Flower","Question Card","Paper Frog"],"card_choices":[{"not_picked":["Reckless Charge","Armaments"],"picked":"Clothesline"},{"not_picked":["Second Wind","Combust"],"picked":"Entrench"},{"not_picked":["Perfected Strike","Entrench"],"picked":"Iron Wave"},{"not_picked":["Rupture","Sever Soul"],"picked":"Rampage"},{"not_picked":["Corruption","Havoc"],"picked":"Ghostly Armor"},{"not_picked":["Seeing Red","Iron Wave"],"picked":"Whirlwind"},{"not_picked":["Flex","Body Slam"],"picked":"Feed"},{"not_picked":["Reaper","Dark Embrace"],"picked":"Double Tap"},{"not_picked":["Heavy Blade","Warcry","Infernal Blade"],"picked":"Headbutt"},{"not_picked":["Perfected Strike","Power Through","Twin Strike"],"picked":"Battle Trance"}],"player_experience":288151,"potions_floor_usage":[18,22],"damage_taken":[{"damage":1,"enemies":"Cultist","floor":1,"turns":4},{"damage":6,"enemies":"2 Louse","floor":2,"turns":3},{"damage":3,"enemies":"Jaw Worm","floor":4,"turns":6},{"damage":26,"enemies":"Large Slime","floor":5,"turns":7},{"damage":15,"enemies":"Looter","floor":7,"turns":4},{"damage":17,"enemies":"Gremlin Nob","floor":11,"turns":5},{"damage":4,"enemies":"Red Slaver","floor":12,"turns":3},{"damage":4,"enemies":"2 Fungi Beasts","floor":13,"turns":4},{"damage":45,"enemies":"The Guardian","floor":16,"turns":14},{"damage":31,"enemies":"Shell Parasite","floor":18,"turns":9},{"damage":25,"enemies":"Spheric Guardian","floor":20,"turns":4},{"damage":43,"enemies":"3 Cultists","floor":22,"turns":4}],"event_choices":[{"event_name":"Golden Idol","player_choice":"Lose Max HP","floor":3,"damage_taken":0},{"event_name":"Addict","player_choice":"Obtained Relic","floor":19,"damage_taken":0}],"boss_relics":[{"not_picked":["Snecko Eye","Tiny House"],"picked":"Question Card"}],"potions_floor_spawned":[1,7,11,12,13,16,20],"seed_played":"-1883110049719988877","killed_by":"3 Cultists","ascension_level":8,"is_trial":false}