{"path_per_floor":["M","M","?","M","?","R","M","R","T","R","M","R","M","?","R","B",null,"M","?","$","?","?","R","$","M","T","M","R","M","?","M","R"],"character_chosen":"IRONCLAD","items_purchased":["Shrug It Off"],"gold_per_floor":[112,130,130,141,141,141,158,158,158,158,170,170,184,134,134,238,238,258,258,130,130,30,30,30,40,40,60,60,75,75,94,94],"floor_reached":33,"campfire_rested":1,"playtime":935,"current_hp_per_floor":[76,80,80,80,80,80,75,75,75,75,72,72,58,58,58,33,80,56,56,56,56,56,56,56,59,59,49,49,52,52,30,46],"items_purged":["Strike_R"],"gold":94,"score":263,"play_id":"6143b8b9-0990-43ad-af0f-bb3b0a058960","is_prod":false,"is_daily":false,"is_ascension_mode":false,"campfire_upgraded":7,"path_taken":["M","?","?","M","?","R","M","R","T","R","?","R","M","?","R","BOSS","M","?","$","?","?","R","$","M","T","M","R","M","?","?","R","BOSS"],"build_version":"2018-02-22-PROD2","purchased_purges":1,"victory":false,"master_deck":["Defend_R","Defend_R","Defend_R","Bash+1","Heavy Blade+1","Whirlwind+1","Warcry+1","Evolve+1","Fiend Fire+1","Battle Trance+1","Shrug It Off","Whirlwind+1","J.A.X.+1","Inflame+1","Ghostly Armor+1","Bite","Bite","Bite","Bite","Bite"],"max_hp_per_floor":[80,80,80,80,80,80,80,80,80,80,80,80,80,80,80,80,80,80,80,80,80,80,80,80,80,80,80,80,80,56,56,56],"relics":["Burning Blood"],"card_choices":[{"not_picked":["Anger","Disarm"],"picked":"Heavy Blade"},{"not_picked":["True Grit","Clothesline"],"picked":"Whirlwind"},{"not_picked":["Cleave","Shockwave"],"picked":"Warcry"},{"not_picked":["Havoc","Fiend Fire"],"picked":"Evolve"},{"not_picked":["Berserk","Double Tap"],"picked":"Fiend Fire"},{"not_picked":["Heavy Blade","Blood for Blood"],"picked":"Battle Trance"},{"not_picked":["Havoc","Rage"],"picked":"Inflame"},{"not_picked":["Twin Strike","Infernal Blade"],"picked":"Ghostly Armor"}],"player_experience":454099,"potions_floor_usage":[27,27,33,33,33],"damage_taken":[{"damage":10,"enemies":"Cultist","floor":1,"turns":4},{"damage":0,"enemies":"2 Louse","floor":2,"turns":3},{"damage":0,"enemies":"Small Slimes","floor":4,"turns":3},{"damage":11,"enemies":"Red Slaver","floor":7,"turns":4},{"damage":9,"enemies":"Blue Slaver","floor":11,"turns":3},{"damage":20,"enemies":"Exordium Thugs","floor":13,"turns":3},{"damage":31,"enemies":"Slime Boss","floor":16,"turns":8},{"damage":30,"enemies":"2 Thieves","floor":18,"turns":4},{"damage":3,"enemies":"3 Byrds","floor":25,"turns":3},{"damage":25,"enemies":"Slaver and Parasite","floor":27,"turns":4},{"damage":3,"enemies":"Chosen and Byrds","floor":29,"turns":4},{"damage":32,"enemies":"Snake Plant","floor":31,"turns":4},{"damage":80,"enemies":"Collector","floor":33,"turns":6}],"event_choices":[{"event_name":"Living Wall","player_choice":"Forget","floor":3,"damage_taken":0},{"event_name":"Purifier","player_choice":"One Purge","floor":5,"damage_taken":0},{"event_name":"The Cleric","player_choice":"Card Removal","floor":14,"damage_taken":0},{"event_name":"The Woman in Blue","player_choice":"Bought 0 Potions","floor":19,"damage_taken":0},{"event_name":"Duplicator","player_choice":"One dupe","floor":21,"damage_taken":0},{"event_name":"Drug Dealer","player_choice":"Got JAXXED","floor":22,"damage_taken":0},{"event_name":"Vampires","player_choice":"Became a vampire","floor":30,"damage_taken":0}],"boss_relics":[{"not_picked":[]}],"potions_floor_spawned":[2,16,25,27,31],"seed_played":"-5004588587748728271","killed_by":"Collector","ascension_level":0,"is_trial":false}