{"path_per_floor":["M","?","$","M","?","E","R","M","T","$","M","?","E","M","R","B",null,"M","?","M","$","M","R","E","R","T","?","R","?","E","M","R","B",null,"M","?","?","$","M","R","?","R","T","R","M","R","$","M","R","B"],"character_chosen":"IRONCLAD","items_purchased":["Intimidate","Master of Strategy"],"gold_per_floor":[119,194,119,133,133,159,159,169,214,34,46,46,79,89,89,190,190,205,205,192,5,18,18,45,45,45,45,45,45,75,93,93,191,191,208,208,0,0,12,12,12,12,12,12,31,31,31,49,49,49],"floor_reached":51,"campfire_rested":0,"playtime":2551,"current_hp_per_floor":[78,67,67,73,80,86,86,90,90,90,90,90,90,93,93,54,83,69,76,64,64,53,53,69,69,69,69,69,69,68,73,73,77,113,117,117,117,117,103,103,135,135,135,135,113,113,113,115,115,61],"items_purged":["Strike_R","Strike_R"],"gold":49,"score":797,"play_id":"6ec93340-0190-403a-9215-8f1c2fa30821","is_prod":false,"is_daily":false,"is_ascension_mode":true,"campfire_upgraded":11,"path_taken":["M","?","$","M","?","E","R","M","T","$","M","?","E","M","R","BOSS","M","?","M","$","M","R","E","R","T","?","R","?","E","M","R","BOSS","M","?","?","$","?","R","?","R","T","R","?","R","$","M","R","BOSS"],"build_version":"2018-02-22-PROD2","purchased_purges":2,"victory":true,"master_deck":["Defend_R","Defend_R","Bash","Sentinel+1","Pommel Strike+1","Seeing Red+1","Pommel Strike","Intimidate+1","Shrug It Off+1","Feed","Disarm+1","Offering+1","Evolve+1","Berserk+1","True Grit+1","Armaments+1","Master of Strategy+1","Body Slam+1","True Grit+1","Dropkick+1","Dual Wield+1","Fiend Fire","Decay","Body Slam+1"],"max_hp_per_floor":[80,80,80,80,90,90,90,90,90,90,90,90,90,93,93,93,93,96,103,106,106,110,110,114,114,114,114,114,114,118,121,121,125,125,125,125,125,125,125,125,135,135,135,135,139,139,139,142,142,142],"relics":["Burning Blood","NeowsBlessing","Pear","Bag of Preparation","Bronze Scales","Meat on the Bone","Astrolabe","Strawberry","Letter Opener","Red Skull","Bottled Lightning","Cursed Key","Red Mask","Happy Flower"],"card_choices":[{"not_picked":["Twin Strike","Corruption"],"picked":"Sentinel"},{"not_picked":["Sword Boomerang","Perfected Strike"],"picked":"Pommel Strike"},{"not_picked":["Heavy Blade","Spot Weakness"],"picked":"Seeing Red"},{"not_picked":["Berserk","Flex"],"picked":"Pommel Strike"},{"not_picked":["Sword Boomerang","Blood for Blood"],"picked":"Shrug It Off"},{"not_picked":["Perfected Strike","Burning Pact"],"picked":"Feed"},{"not_picked":["Heavy Blade","Anger"],"picked":"Disarm"},{"not_picked":["Juggernaut","Reaper"],"picked":"Offering"},{"not_picked":["Headbutt","Havoc"],"picked":"True Grit"},{"not_picked":["Intimidate","Havoc"],"picked":"Armaments"},{"not_picked":["Dropkick","Flex"],"picked":"Body Slam"},{"not_picked":["Cleave","Ghostly Armor"],"picked":"True Grit"},{"not_picked":["Fire Breathing","Thunderclap"],"picked":"Dropkick"},{"not_picked":["True Grit","Cleave"],"picked":"Dual Wield"},{"not_picked":["Barricade","Offering"],"picked":"Fiend Fire"},{"not_picked":["Wild Strike","Twin Strike"],"picked":"Body Slam"}],"player_experience":260909,"potions_floor_usage":[16,20,20,35,35,35,50],"damage_taken":[{"damage":0,"enemies":"Jaw Worm","floor":1,"turns":1},{"damage":0,"enemies":"2 Louse","floor":4,"turns":1},{"damage":0,"enemies":"Gremlin Nob","floor":6,"turns":1},{"damage":2,"enemies":"Small Slimes","floor":8,"turns":3},{"damage":1,"enemies":"2 Fungi Beasts","floor":11,"turns":3},{"damage":6,"enemies":"3 Sentries","floor":13,"turns":8},{"damage":0,"enemies":"3 Louse","floor":14,"turns":3},{"damage":57,"enemies":"Hexaghost","floor":16,"turns":14},{"damage":23,"enemies":"Chosen","floor":18,"turns":5},{"damage":21,"enemies":"2 Thieves","floor":20,"turns":4},{"damage":33,"enemies":"Sentry and Sphere","floor":22,"turns":8},{"damage":6,"enemies":"Book of Stabbing","floor":24,"turns":4},{"damage":11,"enemies":"Slavers","floor":30,"turns":6},{"damage":16,"enemies":"3 Cultists","floor":31,"turns":3},{"damage":18,"enemies":"Collector","floor":33,"turns":6},{"damage":5,"enemies":"Orb Walker","floor":35,"turns":3},{"damage":20,"enemies":"3 Darklings","floor":39,"turns":4},{"damage":32,"enemies":"Maw","floor":45,"turns":6},{"damage":7,"enemies":"4 Shapes","floor":48,"turns":6},{"damage":72,"enemies":"Donu and Deca","floor":50,"turns":9}],"event_choices":[{"event_name":"World of Goop","player_choice":"Gather Gold","floor":2,"damage_taken":0},{"event_name":"Scrap Ooze","player_choice":"success","floor":5,"damage_taken":3},{"event_name":"Purifier","player_choice":"One Purge","floor":12,"damage_taken":0},{"event_name":"Accursed Blacksmith","player_choice":"Rummage","floor":19,"damage_taken":0},{"event_name":"Vampires","player_choice":"Ignored","floor":27,"damage_taken":0},{"event_name":"Upgrade Shrine","player_choice":"Upgraded","floor":29,"damage_taken":0},{"event_name":"Purifier","player_choice":"One Purge","floor":36,"damage_taken":0},{"event_name":"Tomb of Lord Red Mask","player_choice":"Paid","floor":37,"damage_taken":0},{"event_name":"Bonfire Elementals","player_choice":"RARE","floor":41,"damage_taken":0}],"boss_relics":[{"not_picked":["Runic Dome","Tiny House"],"picked":"Astrolabe"},{"not_picked":["Runic Pyramid","Question Card"],"picked":"Cursed Key"}],"potions_floor_spawned":[4,6,16,22,31,33,48],"seed_played":"4079089614408296982","ascension_level":7,"is_trial":false}