{"path_per_floor":["M","M","$","?","M","R","?","M","T","$","R","E","R","T","R","B",null,"M","M","?","$","?","R","M","R","T","M","M","M","R","T","R","B",null,"M","?","M","?","M","M","$","R","T","R","M","?","E","M","R"],"character_chosen":"IRONCLAD","items_purchased":["Battle Trance","Metallicize","Bottled Tornado"],"gold_per_floor":[114,127,52,2,12,12,112,129,155,55,55,82,82,109,109,205,205,221,240,200,55,55,55,73,73,98,115,132,150,150,174,174,270,270,282,282,301,301,321,335,75,75,124,124,137,0,25,39,39],"floor_reached":50,"campfire_rested":5,"playtime":3360,"current_hp_per_floor":[74,70,70,70,71,71,71,76,76,76,80,57,57,57,80,80,80,60,50,50,50,50,50,46,70,70,65,66,65,65,65,80,80,80,72,72,73,73,79,74,74,74,74,74,68,68,68,66,80],"items_purged":["Strike_R","Strike_R"],"gold":39,"score":626,"play_id":"29683ccc-d004-4923-bec3-eed65bd6d246","is_prod":false,"is_daily":false,"is_ascension_mode":true,"campfire_upgraded":6,"path_taken":["M","M","$","?","?","R","?","M","T","$","R","E","R","?","R","BOSS","M","M","?","$","?","R","M","R","T","M","M","?","R","?","R","BOSS","M","?","M","?","M","M","$","R","T","R","M","?","E","?","R","BOSS"],"build_version":"2018-02-15-PROD1","purchased_purges":2,"victory":false,"master_deck":["Defend_R","Defend_R","Defend_R","Bash+1","Evolve+1","Rampage+1","Headbutt+1","Seeing Red+1","Demon Form+1","Feel No Pain+1","Combust+1","Dark Embrace+1","True Grit+1","Battle Trance","Metallicize+1","Power Through","Metallicize+1","True Grit+1","Burning Pact","Offering","Offering","Shrug It Off+1","Rupture+1","Second Wind+1"],"max_hp_per_floor":[80,80,80,80,80,80,80,80,80,80,80,80,80,80,80,80,80,80,80,80,80,80,80,80,80,80,80,80,80,80,80,80,80,80,80,80,80,80,80,80,80,80,80,80,80,80,80,80,80],"relics":["Burning Blood","Omamori","Art of War","Dream Catcher","Astrolabe","Lantern","Happy Flower","Mark of Pain","Bottled Tornado","Blood Vial","Red Mask","Whetstone"],"card_choices":[{"not_picked":["Sentinel","Infernal Blade"],"picked":"Evolve"},{"not_picked":["Reckless Charge","Flex"],"picked":"Rampage"},{"not_picked":["Corruption","Immolate"],"picked":"Headbutt"},{"not_picked":["Wild Strike","Dropkick"],"picked":"Seeing Red"},{"not_picked":["Dark Embrace","Exhume"],"picked":"Demon Form"},{"not_picked":["Clothesline","Twin Strike"],"picked":"True Grit"},{"not_picked":["Wild Strike","True Grit"],"picked":"Power Through"},{"not_picked":["Sword Boomerang","True Grit"],"picked":"Metallicize"},{"not_picked":["Rampage","Sword Boomerang"],"picked":"True Grit"},{"not_picked":["Bludgeon","Twin Strike"],"picked":"Burning Pact"},{"not_picked":["Limit Break","Demon Form"],"picked":"Offering"},{"not_picked":["Sword Boomerang","Evolve"],"picked":"Shrug It Off"},{"not_picked":["Uppercut","Wild Strike"],"picked":"Rupture"},{"not_picked":["Seeing Red","Demon Form"],"picked":"Second Wind"}],"player_experience":243260,"potions_floor_usage":[1,8,12,16,19,24,24,28,39,39,50,50],"damage_taken":[{"damage":4,"enemies":"Jaw Worm","floor":1,"turns":5},{"damage":10,"enemies":"Small Slimes","floor":2,"turns":3},{"damage":5,"enemies":"Cultist","floor":5,"turns":5},{"damage":1,"enemies":"Lots of Slimes","floor":8,"turns":2},{"damage":29,"enemies":"3 Sentries","floor":12,"turns":9},{"damage":3,"enemies":"Slime Boss","floor":16,"turns":8},{"damage":26,"enemies":"3 Byrds","floor":18,"turns":5},{"damage":16,"enemies":"Shell Parasite","floor":19,"turns":5},{"damage":10,"enemies":"Snecko","floor":24,"turns":4},{"damage":11,"enemies":"Snake Plant","floor":27,"turns":5},{"damage":20,"enemies":"Centurion and Healer","floor":28,"turns":9},{"damage":7,"enemies":"Sentry and Sphere","floor":29,"turns":8},{"damage":4,"enemies":"Champ","floor":33,"turns":10},{"damage":14,"enemies":"3 Shapes","floor":35,"turns":7},{"damage":5,"enemies":"Orb Walker","floor":37,"turns":5},{"damage":12,"enemies":"3 Darklings","floor":39,"turns":5},{"damage":11,"enemies":"4 Shapes","floor":40,"turns":5},{"damage":14,"enemies":"Sphere and 2 Shapes","floor":45,"turns":4},{"damage":8,"enemies":"Giant Head","floor":47,"turns":6},{"damage":10,"enemies":"Maw","floor":48,"turns":6},{"damage":85,"enemies":"Awakened One","floor":50,"turns":4}],"event_choices":[{"event_name":"The Cleric","player_choice":"Card Removal","floor":4,"damage_taken":0},{"event_name":"Wheel of Change","player_choice":"Gold","floor":7,"damage_taken":0},{"event_name":"The Woman in Blue","player_choice":"Bought 3 Potions","floor":20,"damage_taken":0},{"event_name":"Beggar","player_choice":"Ignored","floor":22,"damage_taken":0},{"event_name":"Duplicator","player_choice":"One dupe","floor":36,"damage_taken":0},{"event_name":"Upgrade Shrine","player_choice":"Upgraded","floor":38,"damage_taken":0},{"event_name":"Tomb of Lord Red Mask","player_choice":"Paid","floor":46,"damage_taken":0}],"boss_relics":[{"not_picked":["White Beast Statue","Orrery"],"picked":"Astrolabe"},{"not_picked":["Lizard Tail","Runic Pyramid"],"picked":"Mark of Pain"}],"potions_floor_spawned":[1,2,5,18,24,29,33,35,39,40],"seed_played":"-4834399511271309108","killed_by":"Awakened One","ascension_level":8,"is_trial":false}