{"path_per_floor":["M","M","M","M","?","R","E","?","T","R","M","M","M","?","R","B",null,"M","M","$","M","M","R","E","M","T","$","M","T","R","M","R"],"character_chosen":"IRONCLAD","items_purchased":["Molten Egg 2","War Paint","Fire Breathing","Pommel Strike","Explosive Potion"],"gold_per_floor":[116,129,144,155,155,155,185,360,413,413,424,444,460,460,460,556,556,566,576,40,52,72,72,106,116,116,18,32,32,32,45,45],"floor_reached":33,"campfire_rested":1,"playtime":2272,"current_hp_per_floor":[80,80,79,80,80,80,50,56,56,56,61,53,59,81,81,47,89,89,81,81,53,51,51,30,27,37,37,49,49,49,40,69],"items_purged":["Defend_R"],"gold":45,"score":324,"play_id":"db70aff1-decd-48f4-a7ff-65ecf05eba68","is_prod":false,"is_daily":false,"is_ascension_mode":false,"campfire_upgraded":5,"path_taken":["M","M","M","M","?","R","E","?","T","R","M","M","M","?","R","BOSS","M","?","$","M","M","R","E","M","T","$","M","?","R","M","R","BOSS"],"build_version":"2018-02-15-PROD1","purchased_purges":1,"victory":false,"master_deck":["Strike_R","Strike_R","Strike_R","Strike_R","Strike_R","Defend_R","Defend_R","Defend_R+1","Bash+1","Twin Strike","Heavy Blade","Pommel Strike+1","Infernal Blade+1","Twin Strike","Doubt","Clash","Fire Breathing+1","Twin Strike+1","Offering","Twin Strike","Infernal Blade+1","Fire Breathing","Heavy Blade+1","Armaments+1","Perfected Strike+1","Sever Soul+1","Pommel Strike+1","Barricade","Whirlwind+1"],"max_hp_per_floor":[80,80,80,80,80,80,80,86,86,86,89,89,89,89,89,89,89,89,89,89,89,89,89,89,89,99,99,99,99,99,99,99],"relics":["Burning Blood","Bag of Marbles","Darkstone Periapt","Omamori","Snecko Eye","Molten Egg 2","War Paint","Letter Opener","Pear","Prayer Wheel"],"card_choices":[{"not_picked":["Body Slam","Reckless Charge"],"picked":"Twin Strike"},{"not_picked":["Second Wind","Power Through"],"picked":"Heavy Blade"},{"not_picked":["Anger","Sword Boomerang"],"picked":"Pommel Strike"},{"not_picked":["Thunderclap","Shockwave"],"picked":"Infernal Blade"},{"not_picked":["Cleave","Clothesline"],"picked":"Twin Strike"},{"not_picked":["True Grit","Flame Barrier"],"picked":"Clash"},{"not_picked":["Clothesline","Headbutt"],"picked":"Fire Breathing"},{"not_picked":["Corruption","Dual Wield"],"picked":"Twin Strike"},{"not_picked":["Juggernaut","Brutality"],"picked":"Offering"},{"not_picked":["Thunderclap","Sever Soul"],"picked":"Twin Strike"},{"not_picked":["Rampage","Anger"],"picked":"Infernal Blade"},{"not_picked":["Shrug It Off","Twin Strike"],"picked":"Heavy Blade"},{"not_picked":["Searing Blow","Blood for Blood"],"picked":"Armaments"},{"not_picked":["Dropkick","Reckless Charge"],"picked":"Perfected Strike"},{"not_picked":["Shrug It Off","Heavy Blade"],"picked":"Sever Soul"},{"not_picked":["Anger","Sword Boomerang"],"picked":"Barricade"},{"not_picked":["Blood for Blood","True Grit"],"picked":"Whirlwind"}],"player_experience":14234,"potions_floor_usage":[7,13,16,16,24,24,25,28,31,33],"damage_taken":[{"damage":6,"enemies":"Jaw Worm","floor":1,"turns":3},{"damage":0,"enemies":"2 Louse","floor":2,"turns":1},{"damage":7,"enemies":"Small Slimes","floor":3,"turns":2},{"damage":0,"enemies":"3 Louse","floor":4,"turns":2},{"damage":39,"enemies":"Lagavulin","floor":7,"turns":4},{"damage":4,"enemies":"2 Fungi Beasts","floor":11,"turns":3},{"damage":14,"enemies":"Blue Slaver","floor":12,"turns":3},{"damage":0,"enemies":"3 Louse","floor":13,"turns":1},{"damage":55,"enemies":"Slime Boss","floor":16,"turns":14},{"damage":0,"enemies":"Chosen","floor":18,"turns":3},{"damage":14,"enemies":"Spheric Guardian","floor":19,"turns":3},{"damage":34,"enemies":"3 Cultists","floor":21,"turns":5},{"damage":8,"enemies":"Snecko","floor":22,"turns":3},{"damage":27,"enemies":"Slavers","floor":24,"turns":6},{"damage":9,"enemies":"Snake Plant","floor":25,"turns":3},{"damage":0,"enemies":"Sentry and Sphere","floor":28,"turns":3},{"damage":15,"enemies":"Centurion and Healer","floor":31,"turns":4},{"damage":91,"enemies":"Champ","floor":33,"turns":7}],"event_choices":[{"event_name":"Living Wall","player_choice":"Grow","floor":5,"damage_taken":0},{"event_name":"Liars Game","player_choice":"agreed","floor":8,"damage_taken":0},{"event_name":"Mushrooms","player_choice":"Healed and dodged fight","floor":14,"damage_taken":0}],"boss_relics":[{"not_picked":["Ectoplasm","Runic Pyramid"],"picked":"Snecko Eye"}],"potions_floor_spawned":[2,3,11,12,13,18,24,25,28,31],"seed_played":"-8990159086229314785","killed_by":"Champ","ascension_level":0,"is_trial":false}