{"path_per_floor":["M","M","?","?","M","E","R","M","T","M","?","E","M","M","R"],"character_chosen":"IRONCLAD","items_purchased":[],"gold_per_floor":[110,121,221,221,234,261,261,271,271,289,318,352,370,386,386],"floor_reached":16,"campfire_rested":0,"playtime":489,"current_hp_per_floor":[79,80,80,80,80,70,70,70,70,71,68,50,56,62,62],"items_purged":[],"gold":386,"score":143,"play_id":"53057c22-38e6-4fa8-a41f-1d8de64a2486","is_prod":false,"is_daily":false,"is_ascension_mode":true,"campfire_upgraded":2,"path_taken":["M","M","?","?","M","E","R","M","T","M","?","E","?","M","R","BOSS"],"build_version":"2018-02-22-PROD2","purchased_purges":0,"victory":false,"master_deck":["Strike_R","Strike_R","Strike_R","Strike_R","Strike_R","Defend_R","Defend_R","Defend_R","Defend_R","Bash","Infernal Blade+1","Pommel Strike+1","Fiend Fire","Corruption","Uppercut+1","Flame Barrier","True Grit","Power Through"],"max_hp_per_floor":[80,80,80,80,80,80,80,80,80,80,80,80,80,80,80],"relics":["Burning Blood","Oddly Smooth Stone","The Courier","Bird Faced Urn","Odd Mushroom","Anchor"],"card_choices":[{"not_picked":["Feel No Pain","Reckless Charge"],"picked":"Infernal Blade"},{"not_picked":["Evolve","True Grit"],"picked":"Pommel Strike"},{"not_picked":["Iron Wave","Havoc"],"picked":"Fiend Fire"},{"not_picked":["Thunderclap","Shockwave"],"picked":"Corruption"},{"not_picked":["Reckless Charge","Intimidate"],"picked":"Uppercut"},{"not_picked":["Fire Breathing","Perfected Strike"],"picked":"Flame Barrier"},{"not_picked":["Body Slam","Sword Boomerang"],"picked":"True Grit"},{"not_picked":["Clothesline","Rupture"],"picked":"Power Through"}],"player_experience":252113,"potions_floor_usage":[11,12,12],"damage_taken":[{"damage":7,"enemies":"Jaw Worm","floor":1,"turns":4},{"damage":0,"enemies":"Cultist","floor":2,"turns":3},{"damage":1,"enemies":"2 Louse","floor":5,"turns":2},{"damage":16,"enemies":"Gremlin Nob","floor":6,"turns":3},{"damage":6,"enemies":"2 Fungi Beasts","floor":8,"turns":3},{"damage":5,"enemies":"Gremlin Gang","floor":10,"turns":3},{"damage":9,"enemies":"The Mushroom Lair","floor":11,"turns":3},{"damage":24,"enemies":"Lagavulin","floor":12,"turns":5},{"damage":0,"enemies":"Looter","floor":13,"turns":2},{"damage":0,"enemies":"Large Slime","floor":14,"turns":4},{"damage":63,"enemies":"Hexaghost","floor":16,"turns":9}],"event_choices":[{"event_name":"Golden Shrine","player_choice":"Pray","floor":3,"damage_taken":0},{"event_name":"Upgrade Shrine","player_choice":"Upgraded","floor":4,"damage_taken":0},{"event_name":"Mushrooms","player_choice":"Fought Mushrooms","floor":11,"damage_taken":0}],"boss_relics":[],"potions_floor_spawned":[1,5,8,10,14],"seed_played":"-8679002867116327254","killed_by":"Hexaghost","ascension_level":5,"is_trial":false}