{"path_per_floor":["M","?","$","?","M","E","R","M","T","E","M","R","M","?","R","B",null,"M","?","M","$","M","E","R","$","T","E","?","$","R","M","R","B",null,"M","$","M","$","M","E","M","R","T","$","$","M","?","M","R","B"],"character_chosen":"IRONCLAD","items_purchased":["Rampage","Feed","Finesse","Inflame","Shrug It Off"],"gold_per_floor":[109,109,27,27,41,66,66,86,165,197,212,212,232,232,232,331,331,350,350,368,293,312,340,340,240,240,265,265,140,140,151,151,256,256,270,270,290,210,223,255,269,269,569,226,51,67,0,12,12,12],"floor_reached":51,"campfire_rested":3,"playtime":2060,"current_hp_per_floor":[72,65,65,65,61,49,49,52,52,35,9,30,33,39,39,8,78,78,78,70,70,73,41,41,41,41,34,34,34,34,36,59,59,78,61,61,62,62,35,39,32,32,32,32,32,39,39,9,35,19],"items_purged":["Strike_R","Strike_R","Strike_R","Double Tap","Strike_R"],"gold":12,"score":574,"play_id":"2cf2bd48-7b01-4218-b167-50d292b6fdde","is_prod":false,"is_daily":false,"is_ascension_mode":false,"campfire_upgraded":5,"path_taken":["M","?","?","?","M","E","R","M","T","E","M","R","M","?","R","BOSS","M","?","M","$","M","E","R","$","T","E","?","?","R","M","R","BOSS","M","$","M","$","M","E","M","R","T","?","$","M","?","M","R","BOSS"],"build_version":"2018-02-22-PROD2","purchased_purges":6,"victory":true,"master_deck":["Defend_R","Defend_R","Bash+1","Rampage+1","Flame Barrier+1","Hemokinesis+1","Double Tap+1","Burning Pact+1","Burning Pact+1","Flex+1","Feed+1","Finesse+1","Inflame","Shrug It Off+1","Shrug It Off+1","Rupture+1"],"max_hp_per_floor":[72,72,72,72,72,72,72,72,72,72,72,72,72,78,78,78,78,78,78,78,78,78,78,78,78,78,78,78,78,78,78,78,78,78,78,78,78,78,81,81,84,84,84,84,84,84,84,88,88,92],"relics":["Burning Blood","Toolbox","Darkstone Periapt","Dream Catcher","Toxic Egg 2","Velvet Choker","Spirit Poop","Paper Frog","Frozen Eye","Orichalcum","Lizard Tail","Blood Vial","Old Coin","Red Mask"],"card_choices":[{"not_picked":["Metallicize","Wild Strike"],"picked":"Flame Barrier"},{"not_picked":["Disarm","True Grit"],"picked":"Hemokinesis"},{"not_picked":["Limit Break","Exhume"],"picked":"Double Tap"},{"not_picked":["Wild Strike","Iron Wave"],"picked":"Burning Pact"},{"not_picked":["Intimidate","Uppercut"],"picked":"Burning Pact"},{"not_picked":["Fire Breathing","Bloodletting"],"picked":"Flex"},{"not_picked":["Impervious","Reaper"],"picked":"Double Tap"},{"not_picked":["Headbutt","Sword Boomerang"],"picked":"Shrug It Off"},{"not_picked":["Body Slam","Pommel Strike"],"picked":"Rupture"}],"player_experience":458809,"potions_floor_usage":[11,33,40,50,50,50],"damage_taken":[{"damage":6,"enemies":"Jaw Worm","floor":1,"turns":3},{"damage":10,"enemies":"Small Slimes","floor":5,"turns":3},{"damage":18,"enemies":"Gremlin Nob","floor":6,"turns":4},{"damage":3,"enemies":"2 Louse","floor":8,"turns":3},{"damage":23,"enemies":"3 Sentries","floor":10,"turns":6},{"damage":32,"enemies":"Exordium Thugs","floor":11,"turns":7},{"damage":3,"enemies":"Looter","floor":13,"turns":2},{"damage":37,"enemies":"Hexaghost","floor":16,"turns":9},{"damage":4,"enemies":"Spheric Guardian","floor":18,"turns":3},{"damage":14,"enemies":"Chosen","floor":20,"turns":3},{"damage":7,"enemies":"Snecko","floor":22,"turns":3},{"damage":38,"enemies":"Gremlin Leader","floor":23,"turns":5},{"damage":13,"enemies":"Book of Stabbing","floor":27,"turns":4},{"damage":4,"enemies":"3 Cultists","floor":31,"turns":3},{"damage":15,"enemies":"Collector","floor":33,"turns":5},{"damage":23,"enemies":"3 Darklings","floor":35,"turns":7},{"damage":5,"enemies":"3 Shapes","floor":37,"turns":5},{"damage":36,"enemies":"Sphere and 2 Shapes","floor":39,"turns":6},{"damage":2,"enemies":"Nemesis","floor":40,"turns":3},{"damage":18,"enemies":"3 Darklings","floor":41,"turns":5},{"damage":1,"enemies":"Maw","floor":46,"turns":6},{"damage":42,"enemies":"Sphere and 2 Shapes","floor":48,"turns":9},{"damage":72,"enemies":"Donu and Deca","floor":50,"turns":13}],"event_choices":[{"event_name":"Golden Wing","player_choice":"Card Removal","floor":2,"damage_taken":0},{"event_name":"Liars Game","player_choice":"disagreed","floor":4,"damage_taken":0},{"event_name":"Big Fish","player_choice":"Box","floor":14,"damage_taken":0},{"event_name":"Bonfire Elementals","player_choice":"CURSE","floor":19,"damage_taken":0},{"event_name":"The Lab","player_choice":"Got Potions","floor":28,"damage_taken":0},{"event_name":"Tomb of Lord Red Mask","player_choice":"Paid","floor":47,"damage_taken":0}],"boss_relics":[{"not_picked":["Tiny House","Runic Dome"],"picked":"Velvet Choker"},{"not_picked":["Runic Pyramid","Black Star"],"picked":"Lizard Tail"}],"potions_floor_spawned":[8,11,13,22,23,31,33,40,41,46],"seed_played":"-7081679065354763540","ascension_level":0,"is_trial":false}