{"path_per_floor":["M","?","$","M","?","R","E","M","T","E","M","E","R","$","R","B",null,"M","?","M","M","?","R","E","?","T"],"character_chosen":"IRONCLAD","items_purchased":["Dual Wield"],"gold_per_floor":[112,112,37,53,53,53,82,99,99,124,134,161,161,27,27,122,122,139,54,71,89,189,189,223,223,223],"floor_reached":27,"campfire_rested":1,"playtime":906,"current_hp_per_floor":[80,80,80,80,80,80,80,80,80,71,72,60,60,60,60,53,73,79,79,65,24,24,48,13,13,23],"items_purged":["Strike_R","Strike_R"],"gold":223,"score":343,"play_id":"c5b97ae2-d7b5-4f89-b111-22070578804a","is_prod":false,"is_daily":false,"is_ascension_mode":true,"campfire_upgraded":3,"path_taken":["M","?","$","M","?","R","E","M","T","E","M","E","R","$","R","BOSS","M","?","?","M","?","R","E","?","T","M"],"build_version":"2018-02-15-PROD1","purchased_purges":2,"victory":false,"master_deck":["Defend_R","Defend_R","Defend_R","Bash","Warcry","Dropkick+1","Flame Barrier+1","Uppercut+1","Flex+1","Inflame","Double Tap+1","Dual Wield+1","Limit Break+1","Flex+1","Exhume+1","Power Through+1","Dropkick","Pummel+1"],"max_hp_per_floor":[80,80,80,80,80,80,80,80,80,80,80,80,80,80,80,80,80,80,80,80,82,82,82,84,84,94],"relics":["Burning Blood","NeowsBlessing","Bottled Flame","Champion Belt","Toxic Egg 2","Dream Catcher","Astrolabe","Singing Bowl","Matryoshka","Vajra","Pear"],"card_choices":[{"not_picked":["Twin Strike","Evolve"],"picked":"Warcry"},{"not_picked":["Wild Strike","Flex"],"picked":"Dropkick"},{"not_picked":["Bloodletting","Demon Form"],"picked":"Flame Barrier"},{"not_picked":["Flex","Feel No Pain"],"picked":"Uppercut"},{"not_picked":["Shrug It Off","Perfected Strike"],"picked":"Flex"},{"not_picked":["Perfected Strike","Heavy Blade"],"picked":"Inflame"},{"not_picked":["Havoc","Wild Strike"],"picked":"Double Tap"},{"not_picked":["Feed","Barricade"],"picked":"Limit Break"},{"not_picked":["Carnage","Uppercut"],"picked":"Dropkick"},{"not_picked":["Headbutt","Flex"],"picked":"Pummel"}],"player_experience":239080,"potions_floor_usage":[10,10,12,20,21],"damage_taken":[{"damage":0,"enemies":"Small Slimes","floor":1,"turns":1},{"damage":0,"enemies":"Cultist","floor":4,"turns":1},{"damage":0,"enemies":"Gremlin Nob","floor":7,"turns":1},{"damage":2,"enemies":"Jaw Worm","floor":8,"turns":3},{"damage":15,"enemies":"Lagavulin","floor":10,"turns":5},{"damage":5,"enemies":"Red Slaver","floor":11,"turns":2},{"damage":18,"enemies":"3 Sentries","floor":12,"turns":9},{"damage":13,"enemies":"The Guardian","floor":16,"turns":8},{"damage":0,"enemies":"3 Byrds","floor":18,"turns":1},{"damage":29,"enemies":"Spheric Guardian","floor":20,"turns":6},{"damage":49,"enemies":"Chosen and Byrds","floor":21,"turns":10},{"damage":43,"enemies":"Gremlin Leader","floor":24,"turns":4},{"damage":40,"enemies":"Cultist and Chosen","floor":27,"turns":6}],"event_choices":[{"event_name":"Transmorgrifier","player_choice":"Transform","floor":2,"damage_taken":0},{"event_name":"Bonfire Elementals","player_choice":"COMMON","floor":5,"damage_taken":0},{"event_name":"Addict","player_choice":"Obtained Relic","floor":19,"damage_taken":0},{"event_name":"Golden Shrine","player_choice":"Pray","floor":22,"damage_taken":0},{"event_name":"Drug Dealer","player_choice":"Ignored","floor":25,"damage_taken":0}],"boss_relics":[{"not_picked":["Runic Cube","Orrery"],"picked":"Astrolabe"}],"potions_floor_spawned":[4,8,11,18,20,21],"seed_played":"6338253474169138769","killed_by":"Cultist and Chosen","ascension_level":5,"is_trial":false}