{"path_per_floor":["M","?","?","M","M","R","E","R","T","M","T","$","M","E","R","B",null,"M","?","?","M","M","R","?","M","T","M","R","$","M","M","R","B",null,"M","M","?","M","M","R","$","M","T","M","?","E","R","M","R"],"character_chosen":"IRONCLAD","items_purchased":["True Grit","Intimidate","Strange Spoon","Pen Nib","Armaments"],"gold_per_floor":[115,115,115,128,148,148,179,179,254,267,267,69,81,114,114,213,213,197,112,112,124,138,138,138,150,450,470,470,163,175,193,193,288,288,298,316,316,328,342,342,18,29,29,45,45,76,76,93,93],"floor_reached":50,"campfire_rested":1,"playtime":2268,"current_hp_per_floor":[72,86,83,64,59,59,44,44,54,57,57,57,55,49,49,37,81,70,70,70,61,63,63,63,48,48,31,31,31,37,39,39,10,75,72,78,78,66,59,59,59,28,28,27,84,46,46,44,69],"items_purged":["Strike_R","Writhe","Defend_R"],"gold":93,"score":579,"play_id":"b88d20ad-170f-4a3d-ba9c-58683f7bb7de","is_prod":false,"is_daily":false,"is_ascension_mode":true,"campfire_upgraded":5,"path_taken":["M","?","?","M","M","R","E","R","T","M","?","$","?","E","R","BOSS","M","?","?","?","M","R","?","M","T","?","R","$","M","?","R","BOSS","M","M","?","?","M","R","$","M","T","M","?","E","R","M","R","BOSS"],"build_version":"2018-02-15-PROD1","purchased_purges":3,"victory":false,"master_deck":["Defend_R","Defend_R","Bash","Fire Breathing","Iron Wave+1","Carnage+1","Offering","Intimidate","True Grit+1","Intimidate","Iron Wave+1","Exhume","Flame Barrier","Iron Wave+1","Disarm","Carnage+1","Metallicize","Limit Break+1","Carnage+1","Spot Weakness+1","Sever Soul+1","Fire Breathing+1","Pommel Strike+1","Armaments+1","Rupture+1","Battle Trance+1"],"max_hp_per_floor":[72,86,86,86,86,86,86,86,96,96,96,96,96,96,96,96,96,96,96,96,96,96,96,96,96,96,96,96,96,96,96,96,96,96,96,96,96,96,96,96,96,96,96,96,84,84,84,84,84],"relics":["Burning Blood","Mango","Charon\u0027s Ashes","Pear","Molten Egg 2","Red Skull","Mark of Pain","Oddly Smooth Stone","Girya","Old Coin","Strange Spoon","Astrolabe","Pen Nib","Thread and Needle","Omamori"],"card_choices":[{"not_picked":["Havoc","Body Slam"],"picked":"Fire Breathing"},{"not_picked":["Warcry","Entrench"],"picked":"Iron Wave"},{"not_picked":["Sword Boomerang","Rage"],"picked":"Carnage"},{"not_picked":["Thunderclap","Iron Wave"],"picked":"Offering"},{"not_picked":["Anger","Headbutt"],"picked":"Intimidate"},{"not_picked":["Heavy Blade","Clash"],"picked":"Iron Wave"},{"not_picked":["Feed","Brutality"],"picked":"Exhume"},{"not_picked":["Clothesline","Whirlwind"],"picked":"Flame Barrier"},{"not_picked":["Rage","Sever Soul"],"picked":"Iron Wave"},{"not_picked":["Iron Wave","Power Through"],"picked":"Disarm"},{"not_picked":["Cleave","Sever Soul"],"picked":"Carnage"},{"not_picked":["Iron Wave","Exhume"],"picked":"Metallicize"},{"not_picked":["Double Tap","Exhume"],"picked":"Limit Break"},{"not_picked":["Flame Barrier","Clothesline"],"picked":"Fire Breathing"},{"not_picked":["Twin Strike","Fiend Fire"],"picked":"Pommel Strike"},{"not_picked":["Havoc","Cleave"],"picked":"Rupture"},{"not_picked":["Iron Wave","Sword Boomerang"],"picked":"Battle Trance"}],"player_experience":235075,"potions_floor_usage":[16,18,22,22,22,27,33,50,50,50],"damage_taken":[{"damage":6,"enemies":"Cultist","floor":1,"turns":3},{"damage":25,"enemies":"Jaw Worm","floor":4,"turns":5},{"damage":11,"enemies":"2 Louse","floor":5,"turns":4},{"damage":21,"enemies":"Gremlin Nob","floor":7,"turns":4},{"damage":3,"enemies":"Blue Slaver","floor":10,"turns":3},{"damage":8,"enemies":"Large Slime","floor":13,"turns":5},{"damage":12,"enemies":"3 Sentries","floor":14,"turns":6},{"damage":18,"enemies":"Hexaghost","floor":16,"turns":8},{"damage":17,"enemies":"2 Thieves","floor":18,"turns":4},{"damage":15,"enemies":"Shell Parasite","floor":21,"turns":5},{"damage":4,"enemies":"Chosen and Byrds","floor":22,"turns":5},{"damage":21,"enemies":"Sentry and Sphere","floor":25,"turns":6},{"damage":23,"enemies":"Cultist and Chosen","floor":27,"turns":7},{"damage":0,"enemies":"Centurion and Healer","floor":30,"turns":5},{"damage":4,"enemies":"Snake Plant","floor":31,"turns":3},{"damage":50,"enemies":"Collector","floor":33,"turns":11},{"damage":9,"enemies":"3 Darklings","floor":35,"turns":6},{"damage":0,"enemies":"3 Shapes","floor":36,"turns":7},{"damage":18,"enemies":"3 Darklings","floor":38,"turns":7},{"damage":13,"enemies":"Sphere and 2 Shapes","floor":39,"turns":5},{"damage":37,"enemies":"Maw","floor":42,"turns":6},{"damage":7,"enemies":"3 Darklings","floor":44,"turns":5},{"damage":44,"enemies":"Nemesis","floor":46,"turns":7},{"damage":8,"enemies":"4 Shapes","floor":48,"turns":3},{"damage":87,"enemies":"Donu and Deca","floor":50,"turns":6}],"event_choices":[{"event_name":"Big Fish","player_choice":"Box","floor":2,"damage_taken":0},{"event_name":"Scrap Ooze","player_choice":"unsuccessful","floor":3,"damage_taken":3},{"event_name":"Addict","player_choice":"Obtained Relic","floor":19,"damage_taken":0},{"event_name":"The Mausoleum","player_choice":"Yes","floor":20,"damage_taken":0},{"event_name":"Purifier","player_choice":"One Purge","floor":24,"damage_taken":0},{"event_name":"Tomb of Lord Red Mask","player_choice":"Ignored","floor":37,"damage_taken":0},{"event_name":"The Moai Head","player_choice":"Heal","floor":45,"damage_taken":0}],"boss_relics":[{"not_picked":["Cursed Key","Sozu"],"picked":"Mark of Pain"},{"not_picked":["Lizard Tail","Black Blood"],"picked":"Astrolabe"}],"potions_floor_spawned":[4,7,13,16,21,22,31,35,38,46],"seed_played":"4273354432183396174","killed_by":"Donu and Deca","ascension_level":5,"is_trial":false}