{"path_per_floor":["M","M","?","$","M","R","M","R","T","M","R","$","M","M","R","B",null,"M","$","M","M","?","?","M","R","T","R","?","R","M","M","R"],"character_chosen":"IRONCLAD","items_purchased":["Perfected Strike","Thunderclap"],"gold_per_floor":[116,134,134,36,47,47,61,61,61,73,73,22,39,49,49,150,150,165,165,175,192,192,192,210,210,210,210,110,110,130,141,141],"floor_reached":33,"campfire_rested":2,"playtime":1038,"current_hp_per_floor":[80,79,79,79,73,73,63,63,63,52,52,52,47,38,38,4,80,80,80,70,36,36,36,28,28,28,52,52,52,36,36,60],"items_purged":["Defend_R"],"gold":141,"score":241,"play_id":"466a30a8-cb31-4e13-af20-4088d335dd66","is_prod":false,"is_daily":false,"is_ascension_mode":false,"campfire_upgraded":6,"path_taken":["M","M","?","?","M","R","M","R","T","M","R","$","?","M","R","BOSS","M","$","M","?","?","?","M","R","T","R","?","R","M","M","R","BOSS"],"build_version":"2018-02-22-PROD2","purchased_purges":1,"victory":false,"master_deck":["Strike_R+1","Strike_R+1","Strike_R+1","Strike_R+1","Strike_R+1","Defend_R+1","Defend_R+1","Defend_R+1","Bash+1","Anger+1","Perfected Strike+1","Body Slam+1","Dropkick","Thunderclap","Dropkick","Entrench+1","Flame Barrier+1","Twin Strike","J.A.X.","Brutality","Dropkick+1"],"max_hp_per_floor":[80,80,80,80,80,80,80,80,80,80,80,80,80,80,80,80,80,80,80,80,80,80,80,80,80,80,80,80,80,80,80,80],"relics":["Runic Cube"],"card_choices":[{"not_picked":["Sword Boomerang","Searing Blow"],"picked":"Anger"},{"not_picked":["Blood for Blood","Clothesline"],"picked":"Body Slam"},{"not_picked":["Clothesline","Warcry"],"picked":"Dropkick"},{"not_picked":["Shockwave","Iron Wave"],"picked":"Dropkick"},{"not_picked":["Burning Pact","Rage"],"picked":"Entrench"},{"not_picked":["Clash","Reckless Charge"],"picked":"Flame Barrier"},{"not_picked":["Havoc","Searing Blow"],"picked":"Twin Strike"},{"not_picked":["Thunderclap","Havoc"],"picked":"Brutality"},{"not_picked":["Shrug It Off","Thunderclap"],"picked":"Dropkick"}],"player_experience":456037,"potions_floor_usage":[5,14,16,21,31,33,33],"damage_taken":[{"damage":0,"enemies":"2 Louse","floor":1,"turns":4},{"damage":1,"enemies":"Cultist","floor":2,"turns":3},{"damage":6,"enemies":"Jaw Worm","floor":5,"turns":2},{"damage":10,"enemies":"Exordium Thugs","floor":7,"turns":4},{"damage":11,"enemies":"Lots of Slimes","floor":10,"turns":4},{"damage":5,"enemies":"Looter","floor":13,"turns":2},{"damage":9,"enemies":"Exordium Wildlife","floor":14,"turns":4},{"damage":34,"enemies":"Hexaghost","floor":16,"turns":8},{"damage":0,"enemies":"Chosen","floor":18,"turns":4},{"damage":10,"enemies":"3 Byrds","floor":20,"turns":3},{"damage":46,"enemies":"Snake Plant","floor":21,"turns":5},{"damage":8,"enemies":"Centurion and Healer","floor":24,"turns":7},{"damage":16,"enemies":"Cultist and Chosen","floor":30,"turns":5},{"damage":0,"enemies":"Snecko","floor":31,"turns":3},{"damage":61,"enemies":"Champ","floor":33,"turns":8}],"event_choices":[{"event_name":"The Lab","player_choice":"Got Potions","floor":3,"damage_taken":0},{"event_name":"Vampires","player_choice":"Ignored","floor":22,"damage_taken":0},{"event_name":"Back to Basics","player_choice":"Simplicity","floor":23,"damage_taken":0},{"event_name":"Drug Dealer","player_choice":"Got JAXXED","floor":28,"damage_taken":0}],"boss_relics":[{"not_picked":[]}],"potions_floor_spawned":[10,13,16,20,21],"seed_played":"-7087256667878771990","killed_by":"Champ","ascension_level":0,"is_trial":false}