{"path_per_floor":["M","M","?","?","M","E","R","?","T","R","T","R","?","$","R","B",null,"M","?","$","M","?","R","?","$","T","E","?","M","M","M","R"],"character_chosen":"IRONCLAD","items_purchased":["Sadistic Nature","Flash of Steel","Metallicize"],"gold_per_floor":[16,28,28,28,43,77,77,252,252,252,252,252,352,52,52,151,151,170,70,70,89,89,89,89,24,71,105,105,120,132,152,152],"floor_reached":33,"campfire_rested":2,"playtime":1137,"current_hp_per_floor":[77,80,80,73,79,60,60,60,60,60,60,60,60,60,60,26,67,56,56,56,53,37,61,46,46,46,37,37,26,34,35,52],"items_purged":["Doubt"],"gold":152,"score":378,"play_id":"063b2813-8e06-45a6-9572-d8a172edae63","is_prod":false,"is_daily":false,"is_ascension_mode":true,"campfire_upgraded":4,"path_taken":["M","M","?","?","M","E","R","?","T","R","?","R","?","$","R","BOSS","M","?","$","M","?","R","?","?","T","E","?","M","M","M","R","BOSS"],"build_version":"2018-02-22-PROD2","purchased_purges":1,"victory":false,"master_deck":["Defend_R","Defend_R","Defend_R","Defend_R","Bash","Iron Wave+1","Warcry+1","Sword Boomerang+1","Sadistic Nature+1","Flash of Steel","Fiend Fire","Warcry+1","J.A.X.","Shrug It Off+1","Metallicize","Immolate","Bite","Bite","Bite","Bite","Bite","Disarm","Seeing Red+1"],"max_hp_per_floor":[80,80,80,80,80,80,80,80,80,80,80,80,80,80,80,80,80,80,80,80,80,80,80,85,85,85,85,59,59,59,59,59],"relics":["Burning Blood","Thread and Needle","Juzu Bracelet","Red Skull","The Courier","Mark of Pain","Enchiridion","Ancient Tea Set","Bottled Lightning"],"card_choices":[{"not_picked":["Perfected Strike","Cleave"],"picked":"Iron Wave"},{"not_picked":["Wild Strike","Feel No Pain"],"picked":"Warcry"},{"not_picked":["Heavy Blade","Perfected Strike"],"picked":"Sword Boomerang"},{"not_picked":["Double Tap","Exhume"],"picked":"Fiend Fire"},{"not_picked":["Cleave","Anger"],"picked":"Warcry"},{"not_picked":["Headbutt","True Grit"],"picked":"Shrug It Off"},{"not_picked":["Heavy Blade","Fire Breathing"],"picked":"Immolate"},{"not_picked":["Havoc","Blood for Blood"],"picked":"Disarm"},{"not_picked":["Havoc","Shrug It Off"],"picked":"Seeing Red"}],"player_experience":259772,"potions_floor_usage":[27,27],"damage_taken":[{"damage":1,"enemies":"Cultist","floor":1,"turns":3},{"damage":2,"enemies":"Jaw Worm","floor":2,"turns":3},{"damage":0,"enemies":"2 Louse","floor":5,"turns":2},{"damage":25,"enemies":"Gremlin Nob","floor":6,"turns":6},{"damage":40,"enemies":"The Guardian","floor":16,"turns":12},{"damage":17,"enemies":"2 Thieves","floor":18,"turns":5},{"damage":9,"enemies":"Chosen","floor":21,"turns":3},{"damage":15,"enemies":"Slavers","floor":27,"turns":6},{"damage":29,"enemies":"Snake Plant","floor":29,"turns":5},{"damage":10,"enemies":"Chosen and Byrds","floor":30,"turns":6},{"damage":11,"enemies":"Snecko","floor":31,"turns":3},{"damage":71,"enemies":"Collector","floor":33,"turns":6}],"event_choices":[{"event_name":"Bonfire Elementals","player_choice":"BASIC","floor":3,"damage_taken":0},{"event_name":"Golden Wing","player_choice":"Card Removal","floor":4,"damage_taken":0},{"event_name":"Liars Game","player_choice":"agreed","floor":8,"damage_taken":0},{"event_name":"Golden Shrine","player_choice":"Pray","floor":13,"damage_taken":0},{"event_name":"Drug Dealer","player_choice":"Got JAXXED","floor":19,"damage_taken":0},{"event_name":"Cursed Tome","player_choice":"Obtained Book","floor":22,"damage_taken":0},{"event_name":"Forgotten Altar","player_choice":"Shed Blood","floor":24,"damage_taken":0},{"event_name":"Vampires","player_choice":"Became a vampire","floor":28,"damage_taken":0}],"boss_relics":[{"not_picked":["Philosopher\u0027s Stone","Runic Pyramid"],"picked":"Mark of Pain"}],"potions_floor_spawned":[6,16,18,21,30],"seed_played":"-1788969292705464195","killed_by":"Collector","ascension_level":7,"is_trial":false}