{"path_per_floor":["M","M","?","M","$","R","M","M","T","M","M","R","M","?","R","B",null,"M","M","M","?","?","R","M","$","T","M","R","M","R","M","R"],"character_chosen":"IRONCLAD","items_purchased":["Searing Blow","Battle Trance"],"gold_per_floor":[115,134,134,149,12,12,23,37,37,55,70,70,84,49,49,148,148,160,170,188,113,113,113,132,57,57,71,71,87,87,105,105],"floor_reached":33,"campfire_rested":3,"playtime":1453,"current_hp_per_floor":[68,66,59,58,58,58,67,44,44,47,51,51,49,69,69,33,68,71,58,64,64,64,64,32,32,32,24,48,23,47,47,71],"items_purged":["Strike_R"],"gold":105,"score":343,"play_id":"b9e5d330-cf55-4186-9492-c7034731d226","is_prod":false,"is_daily":false,"is_ascension_mode":true,"campfire_upgraded":4,"path_taken":["M","?","?","M","$","R","M","M","T","M","M","R","?","?","R","BOSS","M","M","M","?","?","R","M","$","T","?","R","M","R","M","R","BOSS"],"build_version":"2018-02-15-PROD1","purchased_purges":1,"victory":false,"master_deck":["Strike_R","Strike_R","Defend_R","Defend_R","Defend_R","Defend_R","Bash","Pommel Strike","Armaments+1","Infernal Blade","Searing Blow+3","Battle Trance","Headbutt","Cleave","Pommel Strike","Armaments","Berserk","Intimidate","Shockwave","Writhe","Headbutt","Clumsy","Reaper","Headbutt"],"max_hp_per_floor":[80,80,80,80,80,80,80,80,80,80,80,80,80,80,80,80,80,80,80,80,80,80,80,80,80,80,80,80,80,80,80,80],"relics":["Burning Blood","Peace Pipe","Cursed Key","Kunai","Bag of Marbles"],"card_choices":[{"not_picked":["Infernal Blade","True Grit"],"picked":"Pommel Strike"},{"not_picked":["Iron Wave","Sword Boomerang"],"picked":"Armaments"},{"not_picked":["Combust","Bloodletting"],"picked":"Infernal Blade"},{"not_picked":["Searing Blow","Anger"],"picked":"Headbutt"},{"not_picked":["Clothesline","Anger"],"picked":"Cleave"},{"not_picked":["Clash","Dropkick"],"picked":"Pommel Strike"},{"not_picked":["Infernal Blade","Wild Strike"],"picked":"Armaments"},{"not_picked":["Hemokinesis","Wild Strike"],"picked":"Berserk"},{"not_picked":["Cleave","Warcry"],"picked":"Intimidate"},{"not_picked":["Clothesline","Seeing Red"],"picked":"Shockwave"},{"not_picked":["Inflame","Warcry"],"picked":"Headbutt"},{"not_picked":["Sword Boomerang","Entrench"],"picked":"Reaper"},{"not_picked":["Searing Blow","Havoc"],"picked":"Headbutt"}],"player_experience":239588,"potions_floor_usage":[7,8,13,18,27,31,31,31],"damage_taken":[{"damage":10,"enemies":"Cultist","floor":1,"turns":5},{"damage":8,"enemies":"Jaw Worm","floor":2,"turns":4},{"damage":7,"enemies":"Small Slimes","floor":4,"turns":5},{"damage":9,"enemies":"Red Slaver","floor":7,"turns":5},{"damage":29,"enemies":"Gremlin Gang","floor":8,"turns":5},{"damage":3,"enemies":"Blue Slaver","floor":10,"turns":4},{"damage":2,"enemies":"2 Fungi Beasts","floor":11,"turns":4},{"damage":23,"enemies":"Exordium Thugs","floor":13,"turns":6},{"damage":42,"enemies":"The Guardian","floor":16,"turns":13},{"damage":3,"enemies":"3 Byrds","floor":18,"turns":7},{"damage":19,"enemies":"Shell Parasite","floor":19,"turns":4},{"damage":0,"enemies":"Snecko","floor":20,"turns":4},{"damage":38,"enemies":"Sentry and Sphere","floor":24,"turns":6},{"damage":14,"enemies":"Centurion and Healer","floor":27,"turns":5},{"damage":31,"enemies":"Cultist and Chosen","floor":29,"turns":6},{"damage":15,"enemies":"Slaver and Parasite","floor":31,"turns":4},{"damage":74,"enemies":"Automaton","floor":33,"turns":6}],"event_choices":[{"event_name":"Golden Wing","player_choice":"Card Removal","floor":3,"damage_taken":0},{"event_name":"The Cleric","player_choice":"Healed","floor":14,"damage_taken":0},{"event_name":"Beggar","player_choice":"Gave Gold","floor":21,"damage_taken":0},{"event_name":"The Mausoleum","player_choice":"Yes","floor":22,"damage_taken":0}],"boss_relics":[{"not_picked":["Mark of Pain","Orrery"],"picked":"Cursed Key"}],"potions_floor_spawned":[4,7,11,16,20,24,27,29],"seed_played":"-7484899536983252701","killed_by":"Automaton","ascension_level":8,"is_trial":false}