{"path_per_floor":["M","?","M","M","$","R","E","R","T","M","?","?","M","?","R","B",null,"M","?","$","M","M","R","E","R","T","M","R","?","M","$","R"],"character_chosen":"IRONCLAD","items_purchased":[],"gold_per_floor":[119,119,135,148,73,73,101,101,124,134,134,134,159,159,159,279,279,304,219,119,139,163,163,197,197,249,267,267,267,292,167,167],"floor_reached":33,"campfire_rested":0,"playtime":666,"current_hp_per_floor":[69,69,69,69,69,69,43,43,43,34,34,39,31,31,31,9,79,69,69,69,62,52,52,16,16,16,16,16,16,14,14,14],"items_purged":["Strike_R","Strike_R","Defend_R"],"gold":167,"score":290,"play_id":"9e0b7767-c921-47d9-9be1-110282a0559d","is_prod":false,"is_daily":false,"is_ascension_mode":false,"campfire_upgraded":7,"path_taken":["M","?","M","M","$","R","E","R","T","M","?","?","?","?","R","BOSS","M","?","$","M","M","R","E","R","T","M","R","?","M","?","R","BOSS"],"build_version":"2018-02-22-PROD2","purchased_purges":3,"victory":false,"master_deck":["Strike_R","Strike_R","Strike_R","Defend_R","Defend_R+1","Defend_R+1","Bash","Searing Blow+8","Pommel Strike"],"max_hp_per_floor":[80,80,80,80,80,80,80,80,80,80,74,79,79,79,79,79,79,79,79,79,79,79,79,79,79,79,79,79,79,79,79,79],"relics":["Orrery","Charon\u0027s Ashes","War Paint","Golden Idol","Sozu","Pen Nib","Orichalcum","Bag of Marbles"],"card_choices":[{"not_picked":["Warcry","Clothesline"],"picked":"Searing Blow"},{"not_picked":["Sentinel","Flex"],"picked":"Pommel Strike"}],"player_experience":423849,"potions_floor_usage":[7,16,16,16],"damage_taken":[{"damage":11,"enemies":"Jaw Worm","floor":1,"turns":2},{"damage":0,"enemies":"2 Louse","floor":3,"turns":2},{"damage":0,"enemies":"Small Slimes","floor":4,"turns":3},{"damage":26,"enemies":"Lagavulin","floor":7,"turns":5},{"damage":9,"enemies":"Exordium Wildlife","floor":10,"turns":3},{"damage":8,"enemies":"3 Louse","floor":13,"turns":4},{"damage":22,"enemies":"The Guardian","floor":16,"turns":8},{"damage":10,"enemies":"Shell Parasite","floor":18,"turns":3},{"damage":7,"enemies":"2 Thieves","floor":21,"turns":3},{"damage":10,"enemies":"Slaver and Parasite","floor":22,"turns":4},{"damage":36,"enemies":"Gremlin Leader","floor":24,"turns":4},{"damage":0,"enemies":"Snake Plant","floor":27,"turns":1},{"damage":2,"enemies":"Chosen and Byrds","floor":30,"turns":3},{"damage":22,"enemies":"Collector","floor":33,"turns":3}],"event_choices":[{"event_name":"Living Wall","player_choice":"Grow","floor":2,"damage_taken":0},{"event_name":"Golden Idol","player_choice":"Lose Max HP","floor":11,"damage_taken":0},{"event_name":"Big Fish","player_choice":"Donut","floor":12,"damage_taken":0},{"event_name":"The Lab","player_choice":"Got Potions","floor":14,"damage_taken":0},{"event_name":"Addict","player_choice":"Obtained Relic","floor":19,"damage_taken":0},{"event_name":"The Mausoleum","player_choice":"No","floor":29,"damage_taken":0}],"boss_relics":[{"not_picked":["White Beast Statue","Tiny House"],"picked":"Sozu"}],"potions_floor_spawned":[3,4,7,22,24,27,30],"seed_played":"5248646551398854941","killed_by":"Collector","ascension_level":0,"is_trial":false}