{"path_per_floor":["M","?","M","$","M","R","E","M","T","M","R","M","M","M","R","B",null,"M","?","M","$","?","R","E","M","T","R","$","R","?","M","R"],"character_chosen":"IRONCLAD","items_purchased":["Uppercut","Dropkick","Offering","Pen Nib"],"gold_per_floor":[117,192,210,19,29,29,54,69,96,109,109,125,136,150,150,251,251,265,265,280,40,40,40,67,83,155,155,0,0,0,10,10],"floor_reached":33,"campfire_rested":1,"playtime":1653,"current_hp_per_floor":[70,59,53,53,59,80,68,71,71,70,70,76,73,75,75,45,71,54,61,83,83,83,83,64,83,83,83,83,83,67,78,78],"items_purged":["Strike_R","Strike_R"],"gold":10,"score":377,"play_id":"edbf36f1-6c4b-4cd5-bfff-e973777313f8","is_prod":false,"is_daily":false,"is_ascension_mode":true,"campfire_upgraded":6,"path_taken":["M","?","M","$","M","R","E","M","T","M","R","M","?","M","R","BOSS","M","?","M","$","?","R","E","M","T","R","$","R","?","?","R","BOSS"],"build_version":"2018-02-15-PROD1","purchased_purges":3,"victory":false,"master_deck":["Strike_R","Strike_R","Strike_R","Defend_R","Defend_R","Defend_R","Defend_R","Bash+1","Whirlwind","Dropkick","Uppercut+1","Dropkick","Impervious","Shrug It Off+1","Intimidate","Seeing Red+1","Cleave","Spot Weakness+1","Reaper","Feel No Pain+1","Pommel Strike+1","Offering+1","Dropkick"],"max_hp_per_floor":[80,80,80,80,80,80,80,80,80,80,80,80,80,80,80,80,80,80,87,87,87,87,87,87,87,87,87,87,87,87,87,87],"relics":["Black Blood","Oddly Smooth Stone","Bag of Preparation","Art of War","Strawberry","Pantograph","Dodecahedron","Pen Nib","Nilry\u0027s Codex"],"card_choices":[{"not_picked":["Clothesline","Carnage"],"picked":"Whirlwind"},{"not_picked":["Body Slam","Warcry"],"picked":"Dropkick"},{"not_picked":["Thunderclap","Havoc"],"picked":"Impervious"},{"not_picked":["Feel No Pain","Body Slam"],"picked":"Shrug It Off"},{"not_picked":["Wild Strike","Sentinel"],"picked":"Intimidate"},{"not_picked":["Clothesline","Sever Soul"],"picked":"Seeing Red"},{"not_picked":["Flex","Clothesline"],"picked":"Cleave"},{"not_picked":["Twin Strike","Heavy Blade"],"picked":"Spot Weakness"},{"not_picked":["Bludgeon","Berserk"],"picked":"Reaper"},{"not_picked":["Perfected Strike","Rupture"],"picked":"Feel No Pain"},{"not_picked":["Spot Weakness","Flex"],"picked":"Pommel Strike"},{"not_picked":["Perfected Strike","Wild Strike"],"picked":"Dropkick"}],"player_experience":241607,"potions_floor_usage":[7,16,18,25,25],"damage_taken":[{"damage":8,"enemies":"2 Louse","floor":1,"turns":3},{"damage":12,"enemies":"Small Slimes","floor":3,"turns":3},{"damage":0,"enemies":"Cultist","floor":5,"turns":3},{"damage":18,"enemies":"Gremlin Nob","floor":7,"turns":4},{"damage":3,"enemies":"Blue Slaver","floor":8,"turns":5},{"damage":7,"enemies":"Looter","floor":10,"turns":4},{"damage":0,"enemies":"2 Fungi Beasts","floor":12,"turns":3},{"damage":9,"enemies":"Exordium Thugs","floor":13,"turns":4},{"damage":4,"enemies":"Exordium Wildlife","floor":14,"turns":3},{"damage":36,"enemies":"Hexaghost","floor":16,"turns":10},{"damage":27,"enemies":"Shell Parasite","floor":18,"turns":8},{"damage":9,"enemies":"3 Byrds","floor":20,"turns":3},{"damage":43,"enemies":"Slavers","floor":24,"turns":8},{"damage":20,"enemies":"Slaver and Parasite","floor":25,"turns":8},{"damage":6,"enemies":"Centurion and Healer","floor":31,"turns":5},{"damage":102,"enemies":"Collector","floor":33,"turns":7}],"event_choices":[{"event_name":"World of Goop","player_choice":"Gather Gold","floor":2,"damage_taken":0},{"event_name":"The Mausoleum","player_choice":"Yes","floor":19,"damage_taken":0},{"event_name":"Drug Dealer","player_choice":"Ignored","floor":22,"damage_taken":0},{"event_name":"Cursed Tome","player_choice":"Obtained Book","floor":30,"damage_taken":0}],"boss_relics":[{"not_picked":["Philosopher\u0027s Stone","Question Card"],"picked":"Black Blood"}],"potions_floor_spawned":[1,10,12,14,16,18,20,24],"seed_played":"-5248794712531780450","killed_by":"Collector","ascension_level":8,"is_trial":false}