{"path_per_floor":["M","?","?","M","$","M","R","M","T","E","R","$","M","M","R","B",null,"M","M","?","M","?","R","M","M","T","R","M"],"character_chosen":"IRONCLAD","items_purchased":["Searing Blow"],"gold_per_floor":[112,112,287,303,147,161,161,173,173,198,198,98,110,129,129,232,232,251,267,267,278,278,278,296,316,316,316,328],"floor_reached":29,"campfire_rested":0,"playtime":831,"current_hp_per_floor":[80,64,64,63,63,62,62,62,62,26,26,26,26,18,18,11,80,67,52,52,35,61,61,30,30,30,30,21],"items_purged":["Doubt","Strike_R"],"gold":328,"score":229,"play_id":"e9464e14-0ac9-4bbb-bf36-29024fded8dc","is_prod":false,"is_daily":false,"is_ascension_mode":false,"campfire_upgraded":5,"path_taken":["M","?","?","M","$","M","R","M","T","E","R","?","M","?","R","BOSS","M","M","?","?","?","R","?","M","T","R","?","M"],"build_version":"2018-02-22-PROD2","purchased_purges":2,"victory":false,"master_deck":["Strike_R","Strike_R","Strike_R","Strike_R+1","Defend_R","Defend_R","Defend_R","Defend_R","Bash+1","True Grit","Whirlwind","Searing Blow+5","Seeing Red","Fiend Fire","Shrug It Off","Shrug It Off+1","Thunderclap","Shrug It Off+1","Headbutt"],"max_hp_per_floor":[80,80,80,80,80,80,80,80,80,80,80,80,80,80,80,80,80,80,80,80,80,80,80,80,80,80,80,80],"relics":["Sozu"],"card_choices":[{"not_picked":["Infernal Blade","Heavy Blade"],"picked":"True Grit"},{"not_picked":["Seeing Red","Blood for Blood"],"picked":"Whirlwind"},{"not_picked":["Thunderclap","Rage"],"picked":"Seeing Red"},{"not_picked":["Pummel","Flex"],"picked":"Fiend Fire"},{"not_picked":["Sword Boomerang","Corruption"],"picked":"Shrug It Off"},{"not_picked":["Sentinel","Armaments"],"picked":"Shrug It Off"},{"not_picked":["Cleave","Warcry"],"picked":"Thunderclap"},{"not_picked":["Iron Wave","Bloodletting"],"picked":"Shrug It Off"},{"not_picked":["Thunderclap","Clothesline"],"picked":"Headbutt"}],"player_experience":465413,"potions_floor_usage":[],"damage_taken":[{"damage":0,"enemies":"Small Slimes","floor":1,"turns":2},{"damage":1,"enemies":"2 Louse","floor":4,"turns":3},{"damage":1,"enemies":"Jaw Worm","floor":6,"turns":3},{"damage":0,"enemies":"Blue Slaver","floor":8,"turns":4},{"damage":36,"enemies":"Lagavulin","floor":10,"turns":5},{"damage":0,"enemies":"3 Louse","floor":13,"turns":2},{"damage":8,"enemies":"Exordium Wildlife","floor":14,"turns":3},{"damage":7,"enemies":"Hexaghost","floor":16,"turns":8},{"damage":13,"enemies":"Chosen","floor":18,"turns":3},{"damage":15,"enemies":"2 Thieves","floor":19,"turns":3},{"damage":17,"enemies":"Centurion and Healer","floor":21,"turns":7},{"damage":31,"enemies":"Cultist and Chosen","floor":24,"turns":8},{"damage":0,"enemies":"Snecko","floor":25,"turns":4},{"damage":9,"enemies":"3 Cultists","floor":28,"turns":5},{"damage":21,"enemies":"Snake Plant","floor":29,"turns":2}],"event_choices":[{"event_name":"Shining Light","player_choice":"Entered Light","floor":2,"damage_taken":0},{"event_name":"Liars Game","player_choice":"agreed","floor":3,"damage_taken":0},{"event_name":"The Mausoleum","player_choice":"No","floor":20,"damage_taken":0},{"event_name":"The Library","player_choice":"Heal","floor":22,"damage_taken":0}],"boss_relics":[{"not_picked":[]}],"potions_floor_spawned":[1,8,10,14,18,19],"seed_played":"-2928892230537742248","killed_by":"Snake Plant","ascension_level":0,"is_trial":false}