{"path_per_floor":["M","?","?","$","T","R","E","R","T","R","M","R","M","M","R","B",null,"M","?","M","?","M","R","M","?","T"],"character_chosen":"IRONCLAD","items_purchased":["Evolve"],"gold_per_floor":[111,286,286,171,171,171,196,196,196,196,210,210,225,243,243,348,348,365,365,378,378,393,393,409,409,409],"floor_reached":27,"campfire_rested":0,"playtime":701,"current_hp_per_floor":[58,58,51,51,51,55,25,29,29,33,32,36,36,36,40,12,80,53,53,22,22,25,31,34,34,34],"items_purged":["Defend_R"],"gold":409,"score":211,"play_id":"61efb169-84b0-4985-85fb-9e6b21cc2940","is_prod":false,"is_daily":false,"is_ascension_mode":false,"campfire_upgraded":6,"path_taken":["M","?","?","$","?","R","E","R","T","R","M","R","M","M","R","BOSS","M","?","?","?","M","R","?","?","T","M"],"build_version":"2018-02-22-PROD2","purchased_purges":1,"victory":false,"master_deck":["Strike_R","Strike_R","Strike_R","Strike_R","Strike_R","Defend_R","Defend_R","Bash+1","Shrug It Off+1","Evolve+1","Flame Barrier+1","Demon Form+1","Sword Boomerang","Ghostly Armor","Whirlwind+1","Sword Boomerang"],"max_hp_per_floor":[80,80,80,80,80,80,80,80,80,80,80,80,80,80,80,80,80,80,80,80,80,80,80,80,80,80],"relics":["Eternal Feather"],"card_choices":[{"not_picked":["Iron Wave","True Grit"],"picked":"Shrug It Off"},{"not_picked":["Dropkick","Feel No Pain"],"picked":"Flame Barrier"},{"not_picked":["Perfected Strike","Flex"],"picked":"Demon Form"},{"not_picked":["Searing Blow","Clothesline"],"picked":"Sword Boomerang"},{"not_picked":["Sword Boomerang","Anger"],"picked":"Ghostly Armor"},{"not_picked":["True Grit","Second Wind"],"picked":"Whirlwind"}],"player_experience":469431,"potions_floor_usage":[22,24],"damage_taken":[{"damage":22,"enemies":"Small Slimes","floor":1,"turns":5},{"damage":30,"enemies":"3 Sentries","floor":7,"turns":11},{"damage":1,"enemies":"2 Louse","floor":11,"turns":3},{"damage":0,"enemies":"Jaw Worm","floor":13,"turns":4},{"damage":0,"enemies":"Exordium Wildlife","floor":14,"turns":6},{"damage":28,"enemies":"Slime Boss","floor":16,"turns":5},{"damage":27,"enemies":"Spheric Guardian","floor":18,"turns":7},{"damage":31,"enemies":"Chosen","floor":20,"turns":8},{"damage":9,"enemies":"Snecko","floor":22,"turns":5},{"damage":12,"enemies":"Centurion and Healer","floor":24,"turns":6},{"damage":39,"enemies":"Snake Plant","floor":27,"turns":3}],"event_choices":[{"event_name":"Liars Game","player_choice":"agreed","floor":2,"damage_taken":0},{"event_name":"Golden Wing","player_choice":"Card Removal","floor":3,"damage_taken":0},{"event_name":"Cursed Tome","player_choice":"Ignored","floor":19,"damage_taken":0},{"event_name":"Transmorgrifier","player_choice":"Transform","floor":21,"damage_taken":0},{"event_name":"Addict","player_choice":"Ignored","floor":25,"damage_taken":0}],"boss_relics":[{"not_picked":[]}],"potions_floor_spawned":[13,16,20,22],"seed_played":"501393769130163896","killed_by":"Snake Plant","ascension_level":0,"is_trial":false}