{"path_per_floor":["M","?","M","$","?","M","R","$","T","R","E","M","M","$","R","B",null,"M","$","?","?","?","M","R","$","T","M","R","M","T","M","R"],"character_chosen":"IRONCLAD","items_purchased":["Inflame","Armaments","Flex"],"gold_per_floor":[117,292,304,229,229,248,248,112,112,112,141,158,178,3,3,104,104,116,91,91,41,41,52,52,52,52,68,68,87,87,102,102],"floor_reached":33,"campfire_rested":3,"playtime":1204,"current_hp_per_floor":[80,80,80,80,73,79,79,79,79,79,80,80,80,80,80,40,80,47,47,47,47,32,13,38,38,38,14,39,31,31,29,54],"items_purged":["Doubt","Defend_R","Armaments"],"gold":102,"score":245,"play_id":"a1e6c729-ef62-47af-aa3f-c728fe687241","is_prod":false,"is_daily":false,"is_ascension_mode":false,"campfire_upgraded":3,"path_taken":["M","?","M","$","?","M","R","$","T","R","E","M","M","?","R","BOSS","M","$","?","?","?","M","R","$","T","M","R","M","?","M","R","BOSS"],"build_version":"2018-02-15-PROD1","purchased_purges":4,"victory":false,"master_deck":["Strike_R","Strike_R","Strike_R","Strike_R","Strike_R","Defend_R","Defend_R","Defend_R","Flex","Whirlwind+1","Inflame+1","Seeing Red","Infernal Blade","Armaments+1","Bludgeon","Wild Strike+1","Flex","Inflame","Wild Strike+1","Rampage+1","Headbutt+1","Impervious"],"max_hp_per_floor":[80,80,80,80,80,80,80,80,80,80,80,80,80,80,80,80,80,80,80,80,80,85,85,85,85,85,85,85,85,85,85,85],"relics":["Burning Blood","NeowsBlessing","Juzu Bracelet","Ornamental Fan","Lizard Tail","Magic Flower","Bag of Preparation"],"card_choices":[{"not_picked":["Offering","Blood for Blood"],"picked":"Flex"},{"not_picked":["Twin Strike","Flex"],"picked":"Whirlwind"},{"not_picked":["Warcry","Sever Soul"],"picked":"Armaments"},{"not_picked":["Wild Strike","Juggernaut"],"picked":"Seeing Red"},{"not_picked":["Combust","Dropkick"],"picked":"Infernal Blade"},{"not_picked":["Brutality","Juggernaut"],"picked":"Bludgeon"},{"not_picked":["Uppercut","Dropkick"],"picked":"Wild Strike"},{"not_picked":["True Grit","Anger"],"picked":"Wild Strike"},{"not_picked":["Cleave","Thunderclap"],"picked":"Rampage"},{"not_picked":["Rampage","Sword Boomerang"],"picked":"Headbutt"},{"not_picked":["Twin Strike","Sword Boomerang"],"picked":"Impervious"}],"player_experience":37913,"potions_floor_usage":[11,16,16,16,29,31],"damage_taken":[{"damage":0,"enemies":"Cultist","floor":1,"turns":1},{"damage":0,"enemies":"2 Louse","floor":3,"turns":1},{"damage":0,"enemies":"Jaw Worm","floor":6,"turns":1},{"damage":3,"enemies":"3 Sentries","floor":11,"turns":3},{"damage":0,"enemies":"3 Louse","floor":12,"turns":1},{"damage":5,"enemies":"Large Slime","floor":13,"turns":4},{"damage":46,"enemies":"Hexaghost","floor":16,"turns":9},{"damage":39,"enemies":"Shell Parasite","floor":18,"turns":6},{"damage":25,"enemies":"2 Thieves","floor":23,"turns":4},{"damage":33,"enemies":"Snake Plant","floor":27,"turns":5},{"damage":17,"enemies":"3 Cultists","floor":29,"turns":5},{"damage":11,"enemies":"Centurion and Healer","floor":31,"turns":4},{"damage":172,"enemies":"Automaton","floor":33,"turns":12}],"event_choices":[{"event_name":"Liars Game","player_choice":"agreed","floor":2,"damage_taken":0},{"event_name":"Golden Wing","player_choice":"Card Removal","floor":5,"damage_taken":0},{"event_name":"The Library","player_choice":"Read","floor":20,"damage_taken":0},{"event_name":"The Joust","player_choice":"Bet on Murderer","floor":21,"damage_taken":0},{"event_name":"Forgotten Altar","player_choice":"Shed Blood","floor":22,"damage_taken":0}],"boss_relics":[{"not_picked":["Question Card","Runic Dome"],"picked":"Lizard Tail"}],"potions_floor_spawned":[1,6,12,13,27,29],"seed_played":"6635964863465224952","killed_by":"Automaton","ascension_level":0,"is_trial":false}