{"path_per_floor":["M","?","M","M","M","R","E","R","T","E","R","E","?","M","R","B",null,"M","M","?","?","M","E","$","M","T","R","?","?","E","T","R"],"character_chosen":"IRONCLAD","items_purchased":["Bronze Scales","Juzu Bracelet","Inflame"],"gold_per_floor":[119,119,139,149,161,161,196,196,196,225,225,260,335,355,355,451,451,470,490,490,490,500,534,125,144,144,144,144,144,169,223,223],"floor_reached":33,"campfire_rested":1,"playtime":1400,"current_hp_per_floor":[77,70,64,64,56,56,32,32,32,33,57,57,46,54,54,50,74,73,74,74,74,74,60,60,44,44,44,44,44,48,48,48],"items_purged":["Strike_R"],"gold":223,"score":455,"play_id":"927229c5-4a09-4c02-ae47-f886ce27fd4f","is_prod":false,"is_daily":false,"is_ascension_mode":true,"campfire_upgraded":5,"path_taken":["M","?","M","M","M","R","E","R","T","E","R","E","?","M","R","BOSS","M","M","?","?","?","E","$","M","T","R","?","?","E","?","R","BOSS"],"build_version":"2018-02-22-PROD2","purchased_purges":1,"victory":false,"master_deck":["Strike_R","Strike_R","Strike_R","Defend_R","Defend_R","Defend_R","Defend_R","Bash","Armaments+1","Metallicize+1","Blood for Blood","Flex","Shrug It Off+1","Thunderclap","Offering+1","Iron Wave+1","Uppercut+1","Infernal Blade+1","Inflame","Flex","Ghostly Armor"],"max_hp_per_floor":[80,80,80,80,80,80,80,80,80,80,80,80,80,82,82,82,82,82,84,81,81,81,81,81,81,81,81,81,81,83,83,83],"relics":["Burning Blood","Bag of Marbles","Omamori","Pen Nib","Champion Belt","Singing Bowl","Mark of Pain","Nloth\u0027s Gift","Gambling Chip","Bronze Scales","Juzu Bracelet","Ice Cream","Mummified Hand","Dodecahedron","Tiny Chest"],"card_choices":[{"not_picked":["Cleave","Flex"],"picked":"Armaments"},{"not_picked":["True Grit","Clash"],"picked":"Metallicize"},{"not_picked":["Thunderclap","Brutality"],"picked":"Blood for Blood"},{"not_picked":["Whirlwind","Pummel"],"picked":"Flex"},{"not_picked":["Havoc","Cleave"],"picked":"Shrug It Off"},{"not_picked":["Juggernaut","Exhume"],"picked":"Thunderclap"},{"not_picked":["Bludgeon","Juggernaut"],"picked":"Offering"},{"not_picked":["Feel No Pain","Cleave"],"picked":"Iron Wave"},{"not_picked":["Infernal Blade","Warcry"],"picked":"Uppercut"},{"not_picked":["Brutality","Bludgeon"],"picked":"Infernal Blade"},{"not_picked":["Burning Pact","Power Through"],"picked":"Flex"}],"player_experience":273440,"potions_floor_usage":[10,18,22,25,33],"damage_taken":[{"damage":1,"enemies":"Cultist","floor":1,"turns":3},{"damage":12,"enemies":"2 Louse","floor":3,"turns":3},{"damage":6,"enemies":"Jaw Worm","floor":4,"turns":5},{"damage":14,"enemies":"Looter","floor":5,"turns":4},{"damage":30,"enemies":"3 Sentries","floor":7,"turns":8},{"damage":5,"enemies":"Lagavulin","floor":10,"turns":7},{"damage":6,"enemies":"3 Sentries","floor":12,"turns":10},{"damage":0,"enemies":"2 Fungi Beasts","floor":14,"turns":3},{"damage":10,"enemies":"The Guardian","floor":16,"turns":13},{"damage":7,"enemies":"Spheric Guardian","floor":18,"turns":4},{"damage":7,"enemies":"3 Byrds","floor":19,"turns":7},{"damage":6,"enemies":"3 Cultists","floor":22,"turns":7},{"damage":20,"enemies":"Book of Stabbing","floor":23,"turns":5},{"damage":22,"enemies":"Cultist and Chosen","floor":25,"turns":7},{"damage":4,"enemies":"Slavers","floor":30,"turns":2},{"damage":56,"enemies":"Automaton","floor":33,"turns":8}],"event_choices":[{"event_name":"Scrap Ooze","player_choice":"success","floor":2,"damage_taken":7},{"event_name":"World of Goop","player_choice":"Gather Gold","floor":13,"damage_taken":0},{"event_name":"Fountain of Cleansing","player_choice":"Removed Curse","floor":20,"damage_taken":0},{"event_name":"N\u0027loth","player_choice":"Traded a Blue Candle","floor":21,"damage_taken":0},{"event_name":"Accursed Blacksmith","player_choice":"Rummage","floor":28,"damage_taken":0},{"event_name":"Transmorgrifier","player_choice":"Transform","floor":29,"damage_taken":0}],"boss_relics":[{"not_picked":["Tiny House","Eternal Feather"],"picked":"Mark of Pain"}],"potions_floor_spawned":[7,10,16,23,30],"seed_played":"2782171033449663949","killed_by":"Automaton","ascension_level":10,"is_trial":false}