{"path_per_floor":["M","M","?","M","M","R","M","?","T","?","M","R","M","$","R","B",null,"M","?","$","?","?","M","R","M","T"],"character_chosen":"IRONCLAD","items_purchased":["Evolve","Impervious"],"gold_per_floor":[114,132,132,143,157,157,177,177,177,177,189,189,206,59,59,158,158,169,169,9,9,9,21,21,39,39],"floor_reached":27,"campfire_rested":0,"playtime":953,"current_hp_per_floor":[74,74,79,78,77,77,59,59,59,59,54,54,48,48,48,8,85,64,48,48,78,78,48,48,10,10],"items_purged":["Strike_R"],"gold":39,"score":205,"play_id":"b11e8817-ae64-4f25-8e27-7806f4e05dc6","is_prod":false,"is_daily":false,"is_ascension_mode":false,"campfire_upgraded":4,"path_taken":["M","M","?","?","M","R","M","?","T","?","?","R","M","$","R","BOSS","M","?","$","?","?","M","R","M","T","M"],"build_version":"2018-02-22-PROD2","purchased_purges":2,"victory":false,"master_deck":["Strike_R","Strike_R","Defend_R","Defend_R","Defend_R","Defend_R","Bash","Burning Pact","Demon Form","Flame Barrier+1","Entrench+1","Armaments","Body Slam+1","Evolve","Barricade+1","Impervious","Entrench","True Grit"],"max_hp_per_floor":[80,80,85,85,85,85,85,85,85,85,85,85,85,85,85,85,85,85,90,90,90,90,90,90,90,90],"relics":["White Beast Statue"],"card_choices":[{"not_picked":["Perfected Strike","Havoc"],"picked":"Burning Pact"},{"not_picked":["Havoc","Armaments"],"picked":"Demon Form"},{"not_picked":["Dual Wield","Combust"],"picked":"Flame Barrier"},{"not_picked":["Pommel Strike","Flex"],"picked":"Entrench"},{"not_picked":["Shrug It Off","Heavy Blade"],"picked":"Armaments"},{"not_picked":["Inflame","Flex"],"picked":"Body Slam"},{"not_picked":["Limit Break","Feed"],"picked":"Barricade"},{"not_picked":["Pommel Strike","Cleave"],"picked":"Entrench"},{"not_picked":["Headbutt","Shockwave"],"picked":"True Grit"}],"player_experience":470732,"potions_floor_usage":[4,5,13,23,27],"damage_taken":[{"damage":6,"enemies":"Jaw Worm","floor":1,"turns":3},{"damage":0,"enemies":"2 Louse","floor":2,"turns":4},{"damage":10,"enemies":"Cultist","floor":4,"turns":4},{"damage":1,"enemies":"Exordium Wildlife","floor":5,"turns":5},{"damage":18,"enemies":"3 Louse","floor":7,"turns":5},{"damage":5,"enemies":"Looter","floor":11,"turns":5},{"damage":6,"enemies":"Large Slime","floor":13,"turns":5},{"damage":40,"enemies":"The Guardian","floor":16,"turns":12},{"damage":21,"enemies":"Chosen","floor":18,"turns":9},{"damage":30,"enemies":"2 Thieves","floor":23,"turns":4},{"damage":38,"enemies":"Sentry and Sphere","floor":25,"turns":13},{"damage":13,"enemies":"Centurion and Healer","floor":27,"turns":1}],"event_choices":[{"event_name":"Big Fish","player_choice":"Donut","floor":3,"damage_taken":0},{"event_name":"Golden Idol","player_choice":"Ignored","floor":8,"damage_taken":0},{"event_name":"Living Wall","player_choice":"Forget","floor":10,"damage_taken":0},{"event_name":"Forgotten Altar","player_choice":"Shed Blood","floor":19,"damage_taken":0},{"event_name":"The Library","player_choice":"Heal","floor":21,"damage_taken":0},{"event_name":"Back to Basics","player_choice":"Elegance","floor":22,"damage_taken":0}],"boss_relics":[{"not_picked":[]}],"potions_floor_spawned":[1,2,4,5,7,11,13,16,18,23,25],"seed_played":"-262141777404423429","killed_by":"Centurion and Healer","ascension_level":0,"is_trial":false}