{"path_per_floor":["M","$","?","M","?","R","$","M","T","M","R","M","M","M","R","B",null,"M","$","?","?","?","R","$","R","T","E","M","M"],"character_chosen":"IRONCLAD","items_purchased":["Flex","Orichalcum"],"gold_per_floor":[118,43,43,64,64,64,40,55,55,75,75,91,114,133,133,254,254,278,32,32,32,32,32,32,32,77,117,135,150],"floor_reached":30,"campfire_rested":2,"playtime":1151,"current_hp_per_floor":[80,80,60,57,41,65,65,69,69,68,68,53,53,51,75,80,80,43,43,43,43,43,43,43,43,43,18,23,21],"items_purged":["Strike_R","Strike_R"],"gold":150,"score":266,"play_id":"97dd9ded-90c6-4046-9bdb-e21a3304dce3","is_prod":false,"is_daily":false,"is_ascension_mode":false,"campfire_upgraded":3,"path_taken":["M","?","?","?","?","R","?","M","T","?","R","?","M","M","R","BOSS","M","$","?","?","?","R","?","R","T","E","?","M","E"],"build_version":"2018-02-22-PROD2","purchased_purges":2,"victory":false,"master_deck":["Defend_R","Defend_R","Defend_R+1","Defend_R","Limit Break+1","Headbutt+1","Twin Strike","Flex","Armaments+1","Inflame+1","Flex","Bite","Bite","Bite","Bite","Bite","Shrug It Off+1"],"max_hp_per_floor":[80,80,80,80,80,80,80,80,80,80,80,80,80,80,80,80,80,80,80,80,80,56,56,56,56,56,56,56,56],"relics":["Burning Blood","Golden Idol","Champion Belt","Black Star","Orichalcum","Dream Catcher","Kunai","Matryoshka"],"card_choices":[{"not_picked":["Heavy Blade","Clothesline"],"picked":"Headbutt"},{"not_picked":["Second Wind","Cleave"],"picked":"Twin Strike"},{"not_picked":["Thunderclap","Seeing Red"],"picked":"Armaments"},{"not_picked":["Infernal Blade","Armaments"],"picked":"Inflame"},{"not_picked":["Perfected Strike","Power Through"],"picked":"Flex"},{"not_picked":["Power Through","Second Wind"],"picked":"Shrug It Off"}],"player_experience":86234,"potions_floor_usage":[16,16,27],"damage_taken":[{"damage":5.0,"enemies":"Cultist","floor":1.0,"turns":4.0},{"damage":9.0,"enemies":"Jaw Worm","floor":4.0,"turns":4.0},{"damage":2.0,"enemies":"Small Slimes","floor":8.0,"turns":2.0},{"damage":7.0,"enemies":"3 Louse","floor":10.0,"turns":3.0},{"damage":21.0,"enemies":"Gremlin Gang","floor":12.0,"turns":4.0},{"damage":6.0,"enemies":"Blue Slaver","floor":13.0,"turns":3.0},{"damage":8.0,"enemies":"3 Louse","floor":14.0,"turns":5.0},{"damage":1,"enemies":"Slime Boss","floor":16,"turns":6},{"damage":43,"enemies":"3 Byrds","floor":18,"turns":6},{"damage":53,"enemies":"Gremlin Leader","floor":27,"turns":7},{"damage":17,"enemies":"Shell Parasite","floor":28,"turns":8},{"damage":23,"enemies":"Cultist and Chosen","floor":29,"turns":9},{"damage":27,"enemies":"Slavers","floor":30,"turns":1}],"event_choices":[{"event_name":"Golden Idol","player_choice":"Take Damage","floor":3.0,"damage_taken":0.0},{"event_name":"Shining Light","player_choice":"Entered Light","floor":5.0,"damage_taken":0.0},{"event_name":"Drug Dealer","player_choice":"Ignored","floor":20,"damage_taken":0},{"event_name":"Bonfire Elementals","player_choice":"BASIC","floor":21,"damage_taken":0},{"event_name":"Vampires","player_choice":"Became a vampire","floor":22,"damage_taken":0}],"boss_relics":[{"not_picked":["White Beast Statue","Astrolabe"],"picked":"Black Star"}],"potions_floor_spawned":[4,12,14,18,28,29],"seed_played":"-7774990161389251466","killed_by":"Slavers","ascension_level":0,"is_trial":false}