{"path_per_floor":["M","M","?","M","$","E","R","E","T","R","E","M","M","?","R","B",null,"M","?","?","M","M","R","M","R","T","M","R","M","M","E","R","B",null,"M","M","$","T","M","E","R","?","T","E","R","T","?","M","R","B"],"character_chosen":"IRONCLAD","items_purchased":["Inflame","Evolve","Oddly Smooth Stone","Pantograph"],"gold_per_floor":[117,131,231,241,98,124,124,149,172,172,232,249,261,261,261,360,360,370,370,285,296,306,306,325,325,373,388,388,403,419,450,450,553,553,569,580,97,97,117,148,148,148,222,247,247,273,273,285,285,285],"floor_reached":51,"campfire_rested":2,"playtime":2201,"current_hp_per_floor":[66,64,64,70,70,32,32,15,15,39,28,43,60,57,57,14,64,57,83,83,73,86,86,67,67,67,55,55,73,71,82,82,38,82,41,67,67,67,37,37,37,37,37,62,62,62,50,41,72,60],"items_purged":["Strike_R"],"gold":285,"score":1042,"play_id":"2779c97b-26f8-4922-a520-240f66354a09","local_time":"20180310103127","is_prod":false,"is_daily":false,"is_ascension_mode":true,"campfire_upgraded":8,"timestamp":1520703087,"path_taken":["M","M","?","M","$","E","R","E","T","R","E","?","?","?","R","BOSS","M","?","?","?","M","R","M","R","T","M","R","M","M","E","R","BOSS","M","M","$","?","M","E","R","?","T","E","R","?","?","M","R","BOSS"],"build_version":"2018-03-09","purchased_purges":2,"victory":true,"master_deck":["Bash","Brutality","Thunderclap+1","Shockwave+1","Body Slam+1","Inflame+1","Headbutt","Cleave","Reaper","Entrench+1","Feed","Flex+1","Thunderclap","Battle Trance+1","Armaments+1","Barricade+1","Dual Wield","Anger","Twin Strike","Infernal Blade","Sword Boomerang+1","Flex","Uppercut+1","Heavy Blade","True Grit+1","Flex+1","Evolve","Demon Form+1","Pommel Strike+1","Flex+1","Madness","Madness","Rupture"],"max_hp_per_floor":[80,80,80,80,80,80,80,80,80,80,80,80,80,80,80,80,80,83,83,83,83,86,86,89,89,89,89,89,89,93,96,96,96,96,96,99,99,99,99,99,99,99,99,99,99,99,99,105,105,105],"relics":["Burning Blood","Ornamental Fan","Ice Cream","Lantern","Tiny Chest","Orichalcum","Mark of Pain","Bag of Preparation","Prayer Wheel","Bronze Scales","Pandora\u0027s Box","Oddly Smooth Stone","Pantograph","Pen Nib","Whetstone","Paper Frog","Bottled Tornado","Anchor"],"card_choices":[{"not_picked":["Reckless Charge","Second Wind"],"picked":"Thunderclap"},{"not_picked":["Bloodletting","Rage"],"picked":"Shockwave"},{"not_picked":["Cleave","Inflame"],"picked":"Body Slam"},{"not_picked":["Bloodletting","Sentinel"],"picked":"Headbutt"},{"not_picked":["Corruption","Warcry"],"picked":"Cleave"},{"not_picked":["Sword Boomerang","Body Slam"],"picked":"Reaper"},{"not_picked":["Clothesline","Heavy Blade"],"picked":"Entrench"},{"not_picked":["Immolate","Exhume"],"picked":"Feed"},{"not_picked":["True Grit","Headbutt"],"picked":"Flex"},{"not_picked":["Body Slam","Warcry"],"picked":"Thunderclap"},{"not_picked":["Reaper","Anger"],"picked":"Battle Trance"},{"not_picked":["Clash","Sever Soul"],"picked":"Armaments"},{"not_picked":["Juggernaut","Reaper"],"picked":"Barricade"},{"not_picked":["Heavy Blade","Cleave"],"picked":"True Grit"},{"not_picked":["Rage","Fire Breathing"],"picked":"Flex"},{"not_picked":["Wild Strike","Carnage"],"picked":"Demon Form"},{"not_picked":["True Grit","Fiend Fire"],"picked":"Pommel Strike"},{"not_picked":["Hemokinesis","Second Wind"],"picked":"Flex"},{"not_picked":["Anger","Headbutt"],"picked":"Rupture"}],"player_experience":513386,"potions_floor_usage":[8,16,33,33,40,40,44,50,50,50],"damage_taken":[{"damage":12,"enemies":"Cultist","floor":1,"turns":4},{"damage":8,"enemies":"Small Slimes","floor":2,"turns":3},{"damage":0,"enemies":"2 Louse","floor":4,"turns":2},{"damage":44,"enemies":"3 Sentries","floor":6,"turns":7},{"damage":23,"enemies":"Gremlin Nob","floor":8,"turns":4},{"damage":17,"enemies":"3 Sentries","floor":11,"turns":5},{"damage":0,"enemies":"Large Slime","floor":12,"turns":5},{"damage":7,"enemies":"2 Fungi Beasts","floor":13,"turns":3},{"damage":58,"enemies":"The Guardian","floor":16,"turns":13},{"damage":25,"enemies":"Shell Parasite","floor":18,"turns":7},{"damage":16,"enemies":"Spheric Guardian","floor":21,"turns":4},{"damage":7,"enemies":"Cultist and Chosen","floor":22,"turns":5},{"damage":38,"enemies":"Slaver and Parasite","floor":24,"turns":5},{"damage":25,"enemies":"Snake Plant","floor":27,"turns":4},{"damage":6,"enemies":"3 Cultists","floor":29,"turns":3},{"damage":18,"enemies":"Snecko","floor":30,"turns":4},{"damage":18,"enemies":"Slavers","floor":31,"turns":6},{"damage":85,"enemies":"Automaton","floor":33,"turns":8},{"damage":47,"enemies":"3 Darklings","floor":35,"turns":3},{"damage":10,"enemies":"3 Shapes","floor":36,"turns":3},{"damage":36,"enemies":"Maw","floor":39,"turns":6},{"damage":31,"enemies":"2 Orb Walkers","floor":40,"turns":3},{"damage":11,"enemies":"Nemesis","floor":44,"turns":5},{"damage":21,"enemies":"4 Shapes","floor":48,"turns":3},{"damage":96,"enemies":"Donu and Deca","floor":50,"turns":7}],"event_choices":[{"event_name":"Golden Shrine","player_choice":"Pray","floor":3,"damage_taken":0},{"event_name":"Scrap Ooze","player_choice":"success","floor":14,"damage_taken":3},{"event_name":"The Library","player_choice":"Heal","floor":19,"damage_taken":0},{"event_name":"Addict","player_choice":"Obtained Relic","floor":20,"damage_taken":0},{"event_name":"The Lab","player_choice":"Got Potions","floor":42,"damage_taken":0},{"event_name":"Winding Halls","player_choice":"Embrace Madness","floor":47,"damage_taken":0}],"boss_relics":[{"not_picked":["Astrolabe","Eternal Feather"],"picked":"Mark of Pain"},{"not_picked":["Runic Cube","Velvet Choker"],"picked":"Pandora\u0027s Box"}],"potions_floor_spawned":[1,4,6,8,12,16,21,24,29,30,36,48],"seed_played":"8358265665205712674","ascension_level":7,"is_trial":false}