{"path_per_floor":["M","?","M","M","?","R","M","R","T","M","T","M","?","?","R","B",null,"M","$","M"],"character_chosen":"IRONCLAD","items_purchased":["Regen Potion","Pen Nib"],"gold_per_floor":[110,110,125,146,146,146,161,161,161,177,177,192,142,142,142,265,265,239,19,33],"floor_reached":21,"campfire_rested":0,"playtime":762,"current_hp_per_floor":[59,59,65,67,67,67,58,58,58,39,39,45,45,68,68,53,67,39,39,11],"items_purged":["Strike_R"],"gold":33,"score":257,"play_id":"9ff2d144-3065-4e53-a2e9-a3d39702b194","local_time":"20180303164745","is_prod":false,"is_daily":false,"is_ascension_mode":true,"campfire_upgraded":3,"timestamp":1520117265,"path_taken":["M","?","M","M","?","R","M","R","T","M","?","?","?","?","R","BOSS","M","$","?","M"],"build_version":"2018-03-01-PROD1","purchased_purges":1,"victory":false,"master_deck":["Strike_R","Strike_R","Strike_R","Strike_R","Defend_R","Defend_R","Defend_R","Defend_R","Bash","Barricade+1","Pommel Strike","Offering","True Grit+1","Entrench+1","Bludgeon","Ghostly Armor+1","Rage+1"],"max_hp_per_floor":[80,74,74,74,74,74,74,74,74,74,74,74,71,71,71,71,71,71,71,71],"relics":["Burning Blood","Golden Idol","The Courier","Champion Belt","White Beast Statue","Pen Nib"],"card_choices":[{"not_picked":["Warcry","Bloodletting"],"picked":"Pommel Strike"},{"not_picked":["Sword Boomerang","Shockwave"],"picked":"Offering"},{"not_picked":["Carnage","Warcry"],"picked":"True Grit"},{"not_picked":["Battle Trance","Clothesline"],"picked":"Entrench"},{"not_picked":["Offering","Limit Break"],"picked":"Bludgeon"},{"not_picked":["Cleave","Havoc"],"picked":"Ghostly Armor"},{"not_picked":["Blood for Blood","Inflame"],"picked":"Rage"}],"player_experience":312638,"potions_floor_usage":[12,16,18,20,21],"damage_taken":[{"damage":19,"enemies":"Jaw Worm","floor":1,"turns":5},{"damage":0,"enemies":"2 Louse","floor":3,"turns":3},{"damage":4,"enemies":"Cultist","floor":4,"turns":2},{"damage":15,"enemies":"2 Fungi Beasts","floor":7,"turns":5},{"damage":25,"enemies":"Exordium Wildlife","floor":10,"turns":8},{"damage":0,"enemies":"3 Louse","floor":12,"turns":1},{"damage":21,"enemies":"The Guardian","floor":16,"turns":27},{"damage":34,"enemies":"2 Thieves","floor":18,"turns":5},{"damage":34,"enemies":"3 Byrds","floor":20,"turns":7},{"damage":50,"enemies":"Snecko","floor":21,"turns":8}],"event_choices":[{"event_name":"Golden Idol","player_choice":"Lose Max HP","floor":2,"damage_taken":0},{"event_name":"Liars Game","player_choice":"disagreed","floor":5,"damage_taken":0},{"event_name":"The Cleric","player_choice":"Card Removal","floor":13,"damage_taken":0},{"event_name":"Big Fish","player_choice":"Banana","floor":14,"damage_taken":0}],"boss_relics":[{"not_picked":["Philosopher\u0027s Stone","Calling Bell"],"picked":"White Beast Statue"}],"potions_floor_spawned":[3,10,12,16,18,20],"seed_played":"6096025698519749726","killed_by":"Snecko","ascension_level":10,"is_trial":false}