{"path_per_floor":["M","$","M","?","?","M","?","E","T","$","M","R","M","M","R","B",null,"M","$","M"],"character_chosen":"IRONCLAD","items_purchased":[],"gold_per_floor":[109,34,45,145,145,159,187,218,242,142,155,155,170,186,186,282,282,299,174,194],"floor_reached":21,"campfire_rested":1,"playtime":620,"current_hp_per_floor":[67,67,73,73,73,77,65,42,42,42,28,66,72,63,63,9,60,44,44,34],"items_purged":["Parasite","Strike_R","Strike_R"],"gold":194,"score":272,"play_id":"d546d7a6-1125-4f9e-9636-5bc926e64c71","local_time":"20180304163303","is_prod":false,"is_daily":false,"is_ascension_mode":true,"campfire_upgraded":1,"timestamp":1520202783,"path_taken":["M","$","?","?","?","M","?","E","T","$","M","R","M","M","R","BOSS","M","$","M","M"],"build_version":"2018-03-01-PROD1","purchased_purges":4,"victory":false,"master_deck":["Strike_R","Strike_R","Strike_R","Defend_R","Defend_R","Defend_R","Defend_R","Bash","Seeing Red+1","Rampage+1","Disarm","Headbutt","Headbutt","Pommel Strike","Dark Embrace","Inflame"],"max_hp_per_floor":[80,77,77,77,77,77,77,77,77,77,77,77,77,77,77,77,77,77,77,77],"relics":["Burning Blood","Odd Mushroom","Lantern","Regal Pillow","Runic Dome"],"card_choices":[{"not_picked":["Anger","True Grit"],"picked":"Seeing Red"},{"not_picked":["Thunderclap","Havoc"],"picked":"Rampage"},{"not_picked":["Cleave","Sentinel"],"picked":"Disarm"},{"not_picked":["Cleave","Twin Strike"],"picked":"Headbutt"},{"not_picked":["Rupture","Clash"],"picked":"Headbutt"},{"not_picked":["Feel No Pain","Power Through"],"picked":"Pommel Strike"},{"not_picked":["Immolate","Limit Break"],"picked":"Dark Embrace"},{"not_picked":["Rupture","Sever Soul"],"picked":"Inflame"}],"player_experience":319537,"potions_floor_usage":[7,7,8,13,16,16,21],"damage_taken":[{"damage":11,"enemies":"Cultist","floor":1,"turns":4},{"damage":0,"enemies":"Small Slimes","floor":3,"turns":3},{"damage":0,"enemies":"2 Louse","floor":6,"turns":3},{"damage":18,"enemies":"The Mushroom Lair","floor":7,"turns":5},{"damage":29,"enemies":"Lagavulin","floor":8,"turns":5},{"damage":20,"enemies":"Lots of Slimes","floor":11,"turns":5},{"damage":0,"enemies":"Exordium Thugs","floor":13,"turns":3},{"damage":15,"enemies":"3 Louse","floor":14,"turns":3},{"damage":60,"enemies":"Slime Boss","floor":16,"turns":8},{"damage":22,"enemies":"Chosen","floor":18,"turns":4},{"damage":16,"enemies":"3 Byrds","floor":20,"turns":5},{"damage":43,"enemies":"3 Cultists","floor":21,"turns":4}],"event_choices":[{"event_name":"Golden Shrine","player_choice":"Pray","floor":4,"damage_taken":0},{"event_name":"Accursed Blacksmith","player_choice":"Forge","floor":5,"damage_taken":0},{"event_name":"Mushrooms","player_choice":"Fought Mushrooms","floor":7,"damage_taken":0}],"boss_relics":[{"not_picked":["Question Card","Philosopher\u0027s Stone"],"picked":"Runic Dome"}],"potions_floor_spawned":[1,3,8,11,14,18],"seed_played":"1553026653797873856","killed_by":"3 Cultists","ascension_level":10,"is_trial":false}