{"path_per_floor":["M","?","$","?","?","R","E","?","T","M","R","T","M","M","R","B",null,"M","M","$","T","?","R","M","R","T"],"character_chosen":"IRONCLAD","items_purchased":["Red Skull"],"gold_per_floor":[114,114,39,39,39,39,71,71,101,117,117,117,130,142,142,241,241,261,277,48,74,74,74,92,92,92],"floor_reached":27,"campfire_rested":0,"playtime":738,"current_hp_per_floor":[77,77,77,77,77,77,32,20,20,26,26,26,32,37,37,21,63,50,36,36,36,61,61,66,66,66],"items_purged":["Parasite"],"gold":92,"score":334,"play_id":"eed2d493-6c45-4b2a-af32-0089ecfd25a7","local_time":"20180308161734","is_prod":false,"is_daily":false,"is_ascension_mode":true,"campfire_upgraded":5,"timestamp":1520522254,"path_taken":["M","?","$","?","?","R","E","?","T","?","R","?","M","M","R","BOSS","M","M","$","?","?","R","M","R","T","E"],"build_version":"2018-03-01-PROD1","purchased_purges":1,"victory":false,"master_deck":["Strike_R","Strike_R","Strike_R","Defend_R","Defend_R","Defend_R","Defend_R","Bash","Iron Wave+1","Clothesline","Whirlwind+1","Armaments+1","Pommel Strike","Spot Weakness","Heavy Blade","Shrug It Off","Metallicize+1","Warcry+1","Infernal Blade+1","Seeing Red+1"],"max_hp_per_floor":[80,80,77,77,77,77,77,77,77,77,77,77,77,77,77,77,77,77,77,77,77,77,77,77,77,77],"relics":["Burning Blood","Bag of Preparation","Torii","Tiny Chest","The Courier","Orrery","Red Skull","Lantern","Bottled Tornado"],"card_choices":[{"not_picked":["True Grit","Shockwave"],"picked":"Iron Wave"},{"not_picked":["Dark Embrace","Clothesline"],"picked":"Whirlwind"},{"not_picked":["Shockwave","Havoc"],"picked":"Armaments"},{"not_picked":["Twin Strike","Headbutt"],"picked":"Pommel Strike"},{"not_picked":["Feed","Evolve"],"picked":"Spot Weakness"},{"not_picked":["Havoc","Clash"],"picked":"Heavy Blade"},{"not_picked":["Thunderclap","Anger"],"picked":"Shrug It Off"},{"not_picked":["Blood for Blood","True Grit"],"picked":"Metallicize"},{"not_picked":["Searing Blow","Feed"],"picked":"Warcry"},{"not_picked":["Flame Barrier","Sword Boomerang"],"picked":"Infernal Blade"},{"not_picked":["Combust","Shrug It Off"],"picked":"Seeing Red"}],"player_experience":305695,"potions_floor_usage":[16,24,24,27],"damage_taken":[{"damage":1,"enemies":"Cultist","floor":1,"turns":3},{"damage":51,"enemies":"Lagavulin","floor":7,"turns":8},{"damage":0,"enemies":"2 Louse","floor":10,"turns":2},{"damage":0,"enemies":"Small Slimes","floor":13,"turns":3},{"damage":1,"enemies":"Exordium Wildlife","floor":14,"turns":3},{"damage":22,"enemies":"Hexaghost","floor":16,"turns":11},{"damage":19,"enemies":"Shell Parasite","floor":18,"turns":11},{"damage":20,"enemies":"3 Byrds","floor":19,"turns":6},{"damage":1,"enemies":"3 Cultists","floor":24,"turns":3},{"damage":69,"enemies":"Gremlin Leader","floor":27,"turns":5}],"event_choices":[{"event_name":"Transmorgrifier","player_choice":"Transform","floor":2,"damage_taken":0},{"event_name":"Shining Light","player_choice":"Ignored","floor":4,"damage_taken":0},{"event_name":"Living Wall","player_choice":"Forget","floor":5,"damage_taken":0},{"event_name":"Scrap Ooze","player_choice":"success","floor":8,"damage_taken":12},{"event_name":"The Library","player_choice":"Heal","floor":22,"damage_taken":0}],"boss_relics":[{"not_picked":["Black Star","Ectoplasm"],"picked":"Orrery"}],"potions_floor_spawned":[7,14,16,19],"seed_played":"-3218819312994974026","killed_by":"Gremlin Leader","ascension_level":12,"is_trial":false}