{"path_per_floor":["M","M","M","M","?","E","$","R","T","$","?","E","M","M","R","B",null,"M","M","?","$","?","E","M","M","T","R"],"character_chosen":"IRONCLAD","items_purchased":["Omamori","Uppercut"],"gold_per_floor":[111,129,139,155,155,184,109,109,163,11,11,43,61,80,80,182,182,196,213,213,79,4,31,49,67,67,67],"floor_reached":28,"campfire_rested":2,"playtime":1173,"current_hp_per_floor":[76,72,69,72,69,51,51,51,51,51,71,48,34,27,51,16,80,80,57,57,57,57,34,19,12,12,36],"items_purged":["Decay","Strike_R"],"gold":67,"score":250,"play_id":"3d2f6ae5-472f-4314-8e0e-d07d37bca305","local_time":"20180308185045","is_prod":false,"is_daily":false,"is_ascension_mode":false,"campfire_upgraded":1,"timestamp":1520553045,"path_taken":["M","?","M","?","?","E","?","R","T","$","?","E","M","M","R","BOSS","M","M","?","$","?","E","M","M","T","R","E"],"build_version":"2018-03-01-PROD1","purchased_purges":2,"victory":false,"master_deck":["Strike_R+1","Strike_R+1","Strike_R+1","Defend_R+1","Defend_R+1","Defend_R+1","Bash+1","Bloodletting","Rampage","Clothesline","Bludgeon","Battle Trance","Uppercut","Burning Pact+1","Havoc+1"],"max_hp_per_floor":[80,80,80,80,80,80,80,80,80,80,80,80,80,80,80,80,80,80,80,80,80,80,80,80,80,80,80],"relics":["Black Blood","Art of War","Bronze Scales","Tiny Chest","Omamori","Centennial Puzzle","Prayer Wheel","Anchor"],"card_choices":[{"not_picked":["Wild Strike","Sentinel"],"picked":"Rampage"},{"not_picked":["Dual Wield","Sentinel"],"picked":"Clothesline"},{"not_picked":["Exhume","Barricade"],"picked":"Bludgeon"},{"not_picked":["True Grit","Iron Wave"],"picked":"Battle Trance"},{"not_picked":["Juggernaut","Cleave"],"picked":"Burning Pact"},{"not_picked":["Intimidate","Cleave"],"picked":"Havoc"}],"player_experience":123869,"potions_floor_usage":[4,6,6,16,18,19,25],"damage_taken":[{"damage":10,"enemies":"Cultist","floor":1,"turns":4},{"damage":10,"enemies":"Jaw Worm","floor":2,"turns":4},{"damage":9,"enemies":"Small Slimes","floor":3,"turns":6},{"damage":15,"enemies":"3 Louse","floor":4,"turns":5},{"damage":24,"enemies":"3 Sentries","floor":6,"turns":10},{"damage":29,"enemies":"Lagavulin","floor":12,"turns":5},{"damage":20,"enemies":"Gremlin Gang","floor":13,"turns":3},{"damage":13,"enemies":"2 Fungi Beasts","floor":14,"turns":3},{"damage":41,"enemies":"Hexaghost","floor":16,"turns":11},{"damage":8,"enemies":"Spheric Guardian","floor":18,"turns":3},{"damage":33,"enemies":"2 Thieves","floor":19,"turns":3},{"damage":33,"enemies":"Book of Stabbing","floor":23,"turns":5},{"damage":25,"enemies":"3 Cultists","floor":24,"turns":5},{"damage":17,"enemies":"Centurion and Healer","floor":25,"turns":7},{"damage":44,"enemies":"Gremlin Leader","floor":28,"turns":7}],"event_choices":[{"event_name":"Scrap Ooze","player_choice":"success","floor":5,"damage_taken":3},{"event_name":"Mushrooms","player_choice":"Healed and dodged fight","floor":11,"damage_taken":0},{"event_name":"Back to Basics","player_choice":"Simplicity","floor":20,"damage_taken":0},{"event_name":"Beggar","player_choice":"Gave Gold","floor":22,"damage_taken":0}],"boss_relics":[{"not_picked":["Sozu","Cursed Key"],"picked":"Black Blood"}],"potions_floor_spawned":[1,2,4,14,16,18,24],"seed_played":"3155591780441585121","killed_by":"Gremlin Leader","ascension_level":0,"is_trial":false}