{"path_per_floor":["M","M","M","M","?","R","E","R","T","M","M","E","$","M","R","B",null,"M","M","?","M","$","R","M","M","T","R","?","R","M","M","R","B",null,"M","M","$","M","M","R","M","E","T","R","M","?","R","?","R"],"character_chosen":"IRONCLAD","items_purchased":["Inflame","Orichalcum","True Grit","Vajra"],"gold_per_floor":[112,132,144,158,116,116,143,143,170,188,203,233,11,30,30,125,125,138,157,107,124,23,23,34,47,100,100,100,100,112,128,128,223,223,240,255,98,112,122,122,132,161,161,161,172,172,172,172,172],"floor_reached":50,"campfire_rested":8,"playtime":2807,"current_hp_per_floor":[31,33,32,11,11,35,25,49,49,55,54,28,28,32,32,11,80,63,53,53,46,46,46,42,39,39,39,24,49,35,23,48,61,85,76,48,48,41,35,60,47,16,16,41,48,48,73,62,85],"items_purged":["Strike_R"],"gold":172,"score":618,"play_id":"08a16ba1-d355-4177-bc63-4b0c37b46aec","local_time":"20180309180519","is_prod":false,"is_daily":false,"is_ascension_mode":true,"campfire_upgraded":3,"timestamp":1520643919,"path_taken":["M","M","?","M","?","R","E","R","T","M","M","E","$","M","R","BOSS","M","M","?","M","$","R","M","M","T","R","?","R","M","?","R","BOSS","M","M","$","M","M","R","M","E","T","R","M","?","R","?","R","BOSS"],"build_version":"2018-03-09","purchased_purges":1,"victory":false,"master_deck":["Strike_R","Strike_R","Strike_R","Defend_R","Defend_R","Defend_R","Bash","Dark Embrace+1","Disarm","Iron Wave","Corruption+1","Inflame","Iron Wave","Flex","Cleave","Rampage+1","Entrench","Inflame+1","Thunderclap","Offering","Burning Pact+1","Battle Trance+1","Pommel Strike","True Grit","Offering","Havoc+1","Seeing Red+1","Offering","Shrug It Off","Battle Trance+1","Shrug It Off","Madness","Madness"],"max_hp_per_floor":[80,80,80,80,80,80,80,80,80,80,80,80,80,80,80,80,80,80,80,80,80,80,80,80,80,80,80,85,85,85,85,85,85,85,85,85,85,85,85,85,85,85,85,85,85,85,85,85,85],"relics":["Burning Blood","Thread and Needle","Prayer Wheel","Art of War","Orichalcum","Runic Cube","Happy Flower","Runic Dome","Vajra","Blood Vial","Frozen Eye"],"card_choices":[{"not_picked":["Anger","Armaments"],"picked":"Iron Wave"},{"not_picked":["Pommel Strike","Intimidate"],"picked":"Corruption"},{"not_picked":["Perfected Strike","Havoc"],"picked":"Inflame"},{"not_picked":["Clothesline","Second Wind"],"picked":"Iron Wave"},{"not_picked":["Burning Pact","Iron Wave"],"picked":"Flex"},{"not_picked":["Iron Wave","Flex"],"picked":"Cleave"},{"not_picked":["Disarm","Warcry"],"picked":"Rampage"},{"not_picked":["Dropkick","Havoc"],"picked":"Entrench"},{"not_picked":["Iron Wave","Pummel"],"picked":"Thunderclap"},{"not_picked":["Brutality","Reaper"],"picked":"Offering"},{"not_picked":["Clash","Ghostly Armor"],"picked":"Burning Pact"},{"not_picked":["Combust","Anger"],"picked":"Battle Trance"},{"not_picked":["Cleave","Hemokinesis"],"picked":"Pommel Strike"},{"not_picked":["Wild Strike","Anger"],"picked":"Offering"},{"not_picked":["Rampage","Entrench"],"picked":"Havoc"},{"not_picked":["Havoc","Heavy Blade"],"picked":"Seeing Red"},{"not_picked":["Demon Form","Berserk"],"picked":"Offering"},{"not_picked":["Wild Strike","Warcry"],"picked":"Shrug It Off"},{"not_picked":["Carnage","Juggernaut"],"picked":"Battle Trance"},{"not_picked":["Cleave","Demon Form"],"picked":"Shrug It Off"}],"player_experience":496463,"potions_floor_usage":[7,16,30,31,31,33,33,45,50,50],"damage_taken":[{"damage":15,"enemies":"Cultist","floor":1,"turns":5},{"damage":4,"enemies":"2 Louse","floor":2,"turns":4},{"damage":7,"enemies":"Jaw Worm","floor":3,"turns":5},{"damage":27,"enemies":"Large Slime","floor":4,"turns":6},{"damage":16,"enemies":"Gremlin Nob","floor":7,"turns":5},{"damage":0,"enemies":"Exordium Thugs","floor":10,"turns":4},{"damage":7,"enemies":"2 Fungi Beasts","floor":11,"turns":4},{"damage":32,"enemies":"Lagavulin","floor":12,"turns":8},{"damage":2,"enemies":"Looter","floor":14,"turns":4},{"damage":27,"enemies":"The Guardian","floor":16,"turns":9},{"damage":23,"enemies":"2 Thieves","floor":18,"turns":3},{"damage":16,"enemies":"Chosen","floor":19,"turns":6},{"damage":13,"enemies":"Centurion and Healer","floor":21,"turns":6},{"damage":10,"enemies":"3 Cultists","floor":24,"turns":5},{"damage":9,"enemies":"Snake Plant","floor":25,"turns":5},{"damage":20,"enemies":"Sentry and Sphere","floor":30,"turns":6},{"damage":18,"enemies":"Slaver and Parasite","floor":31,"turns":4},{"damage":8,"enemies":"Champ","floor":33,"turns":8},{"damage":15,"enemies":"3 Darklings","floor":35,"turns":3},{"damage":34,"enemies":"3 Shapes","floor":36,"turns":2},{"damage":13,"enemies":"3 Darklings","floor":38,"turns":3},{"damage":12,"enemies":"Maw","floor":39,"turns":4},{"damage":19,"enemies":"4 Shapes","floor":41,"turns":3},{"damage":37,"enemies":"Nemesis","floor":42,"turns":3},{"damage":13,"enemies":"Sphere and 2 Shapes","floor":45,"turns":5},{"damage":89,"enemies":"Awakened One","floor":50,"turns":5}],"event_choices":[{"event_name":"World of Goop","player_choice":"Left","floor":5,"damage_taken":0},{"event_name":"The Joust","player_choice":"Bet on Murderer","floor":20,"damage_taken":0},{"event_name":"Forgotten Altar","player_choice":"Shed Blood","floor":28,"damage_taken":0},{"event_name":"Upgrade Shrine","player_choice":"Upgraded","floor":46,"damage_taken":0},{"event_name":"Winding Halls","player_choice":"Embrace Madness","floor":48,"damage_taken":0}],"boss_relics":[{"not_picked":["Calling Bell","Black Blood"],"picked":"Runic Cube"},{"not_picked":["Snecko Eye","Velvet Choker"],"picked":"Runic Dome"}],"potions_floor_spawned":[2,3,7,14,16,21,24,30,31,36,41,42],"seed_played":"76075408121400144","killed_by":"Awakened One","ascension_level":4,"is_trial":false}