{"path_per_floor":["M","?","M","?","$","R","E","M","T","?","M","M","E","M","R","B",null,"M","M","?","?","$","R","M","R","T","M","M","M","?","$","R","B",null,"M","?","M","?","M","R","M","?","T","M","M","$","M","M","R"],"character_chosen":"IRONCLAD","items_purchased":["Shrug It Off","Block Potion","Shrug It Off","Metallicize","Block Potion","Shrug It Off"],"gold_per_floor":[110,110,125,175,5,5,40,60,86,86,96,110,139,151,151,249,249,261,249,249,249,2,2,16,16,16,28,39,56,56,2,2,107,107,117,117,136,136,152,152,170,170,195,215,229,104,122,138,138],"floor_reached":50,"campfire_rested":3,"playtime":3084,"current_hp_per_floor":[65,58,64,64,64,64,60,61,61,61,64,66,52,28,48,47,64,52,47,47,31,31,51,54,54,54,55,51,57,45,45,45,29,63,46,37,29,29,49,49,44,44,44,49,37,37,33,49,71],"items_purged":["Parasite","Strike_R","Strike_R"],"gold":138,"score":674,"play_id":"5579402e-63ff-4039-be98-3600c4d4459e","local_time":"20180305202854","is_prod":false,"is_daily":false,"is_ascension_mode":true,"campfire_upgraded":3,"timestamp":1520278134,"path_taken":["M","?","M","?","$","R","E","M","T","?","M","M","E","?","R","BOSS","M","M","?","?","$","R","M","R","T","M","M","?","?","$","R","BOSS","M","?","?","?","M","R","M","?","T","M","M","$","M","?","R","BOSS"],"build_version":"2018-03-01-PROD1","purchased_purges":3,"victory":false,"master_deck":["Defend_R","Defend_R","Defend_R","Defend_R","Barricade+1","Perfected Strike","Carnage","Shrug It Off","True Grit","Seeing Red","Disarm","Body Slam","Metallicize","Immolate","Armaments+1","Shrug It Off","Metallicize","Warcry+1","Seeing Red","Shrug It Off","Berserk+1","Metallicize","Seeing Red","Battle Trance+1","Madness","Madness","Warcry+1","Dual Wield+1","Flame Barrier+1"],"max_hp_per_floor":[72,72,72,72,69,69,69,69,69,69,69,69,69,69,69,69,69,69,69,69,69,69,69,69,69,69,69,69,69,74,74,74,74,74,74,74,74,74,74,74,74,74,74,74,74,74,74,74,74],"relics":["Burning Blood","Bronze Scales","Meat on the Bone","Blood Vial","Girya","Mark of Pain","Happy Flower","Enchiridion","Ancient Tea Set","Orrery","Orichalcum"],"card_choices":[{"not_picked":["Sentinel","Power Through"],"picked":"Carnage"},{"not_picked":["Spot Weakness","Infernal Blade"],"picked":"True Grit"},{"not_picked":["Perfected Strike","Ghostly Armor"],"picked":"Seeing Red"},{"not_picked":["Headbutt","Dual Wield"],"picked":"Body Slam"},{"not_picked":["Dropkick","Havoc"],"picked":"Metallicize"},{"not_picked":["Barricade","Fiend Fire"],"picked":"Immolate"},{"not_picked":["Anger","Iron Wave"],"picked":"Armaments"},{"not_picked":["Combust","Rage"],"picked":"Warcry"},{"not_picked":["Anger","Sentinel"],"picked":"Seeing Red"},{"not_picked":["Immolate","Exhume"],"picked":"Berserk"},{"not_picked":["Flex","Feel No Pain"],"picked":"Metallicize"},{"not_picked":["Combust","Corruption"],"picked":"Seeing Red"},{"not_picked":["Barricade","Wild Strike"],"picked":"Battle Trance"},{"not_picked":["True Grit","Flex"],"picked":"Warcry"},{"not_picked":["Evolve","Infernal Blade"],"picked":"Dual Wield"},{"not_picked":["Combust","True Grit"],"picked":"Flame Barrier"}],"player_experience":295553,"potions_floor_usage":[7,13,13,27,33,50,50],"damage_taken":[{"damage":13,"enemies":"Jaw Worm","floor":1,"turns":4},{"damage":0,"enemies":"2 Louse","floor":3,"turns":2},{"damage":10,"enemies":"Gremlin Nob","floor":7,"turns":4},{"damage":5,"enemies":"Small Slimes","floor":8,"turns":3},{"damage":5,"enemies":"Looter","floor":11,"turns":3},{"damage":6,"enemies":"Red Slaver","floor":12,"turns":2},{"damage":22,"enemies":"3 Sentries","floor":13,"turns":11},{"damage":44,"enemies":"Gremlin Gang","floor":14,"turns":7},{"damage":21,"enemies":"The Guardian","floor":16,"turns":15},{"damage":20,"enemies":"Spheric Guardian","floor":18,"turns":6},{"damage":25,"enemies":"2 Thieves","floor":19,"turns":4},{"damage":5,"enemies":"Cultist and Chosen","floor":24,"turns":11},{"damage":7,"enemies":"Snake Plant","floor":27,"turns":4},{"damage":12,"enemies":"Snecko","floor":28,"turns":7},{"damage":2,"enemies":"Centurion and Healer","floor":29,"turns":7},{"damage":36,"enemies":"Collector","floor":33,"turns":20},{"damage":37,"enemies":"3 Darklings","floor":35,"turns":9},{"damage":28,"enemies":"3 Shapes","floor":37,"turns":14},{"damage":0,"enemies":"Maw","floor":39,"turns":8},{"damage":13,"enemies":"Sphere and 2 Shapes","floor":41,"turns":9},{"damage":15,"enemies":"4 Shapes","floor":44,"turns":10},{"damage":32,"enemies":"3 Darklings","floor":45,"turns":9},{"damage":24,"enemies":"Maw","floor":47,"turns":7},{"damage":4,"enemies":"4 Shapes","floor":48,"turns":19},{"damage":76,"enemies":"Donu and Deca","floor":50,"turns":11}],"event_choices":[{"event_name":"Scrap Ooze","player_choice":"success","floor":2,"damage_taken":7},{"event_name":"Golden Wing","player_choice":"Gained Gold","floor":4,"damage_taken":0},{"event_name":"Transmorgrifier","player_choice":"Transform","floor":10,"damage_taken":0},{"event_name":"The Mausoleum","player_choice":"Yes","floor":20,"damage_taken":0},{"event_name":"Cursed Tome","player_choice":"Obtained Book","floor":21,"damage_taken":0},{"event_name":"Forgotten Altar","player_choice":"Shed Blood","floor":30,"damage_taken":0},{"event_name":"Winding Halls","player_choice":"Embrace Madness","floor":36,"damage_taken":0},{"event_name":"Mysterious Sphere","player_choice":"Ignore","floor":42,"damage_taken":0}],"boss_relics":[{"not_picked":["Astrolabe","White Beast Statue"],"picked":"Mark of Pain"},{"not_picked":["Black Blood","Black Star"],"picked":"Orrery"}],"potions_floor_spawned":[1,11,27,28,29,35,44,45,48],"seed_played":"-4826543191311259424","killed_by":"Donu and Deca","ascension_level":11,"is_trial":false}