{"path_per_floor":["M","M","?","$","?","R","?","R","T","M","M","M","M","M","R","B",null,"M","$","?","M","?","E","?","R","T","R","M","M","E"],"character_chosen":"IRONCLAD","items_purchased":["Whetstone"],"gold_per_floor":[109,120,295,64,64,64,64,64,90,101,121,139,157,167,167,269,299,312,212,112,122,122,149,149,149,149,149,166,176,204],"floor_reached":31,"campfire_rested":1,"playtime":954,"current_hp_per_floor":[72,72,72,72,77,77,70,70,70,76,77,77,76,77,77,21,82,78,78,78,71,71,56,56,56,56,80,80,76,17],"items_purged":["Doubt","Strike_R"],"gold":204,"score":267,"play_id":"f9361d6a-e2b5-48dd-a2ed-3170ef7d2153","local_time":"20180308181727","is_prod":false,"is_daily":false,"is_ascension_mode":false,"campfire_upgraded":4,"timestamp":1520551047,"path_taken":["M","M","?","$","?","R","?","R","T","M","M","M","?","?","R","BOSS","M","$","?","M","?","E","?","R","T","R","M","M","E","M"],"build_version":"2018-03-01-PROD1","purchased_purges":2,"victory":false,"master_deck":["Strike_R","Strike_R","Strike_R+1","Strike_R+1","Defend_R","Defend_R","Defend_R","Defend_R","Bash+1","Pommel Strike+1","Headbutt","Infernal Blade+1","Uppercut+1","Flex","Pommel Strike","Limit Break+1","Clothesline","Pommel Strike+1","J.A.X.","Spot Weakness","Dropkick","Feel No Pain+1"],"max_hp_per_floor":[72,72,72,72,77,77,77,77,77,77,77,77,77,77,77,77,82,82,82,82,82,82,82,82,82,82,82,82,82,82],"relics":["Burning Blood","Whetstone","Lantern","Dream Catcher","Tiny House","Ancient Tea Set","Dead Branch","Nloth\u0027s Gift","Magic Flower","Meat on the Bone"],"card_choices":[{"not_picked":["Whirlwind","True Grit"],"picked":"Pommel Strike"},{"not_picked":["Sentinel","Burning Pact"],"picked":"Headbutt"},{"not_picked":["Blood for Blood","Iron Wave"],"picked":"Infernal Blade"},{"not_picked":["Ghostly Armor","Impervious"],"picked":"Uppercut"},{"not_picked":["Cleave","Disarm"],"picked":"Flex"},{"not_picked":["Anger","Ghostly Armor"],"picked":"Pommel Strike"},{"not_picked":["Exhume","Impervious"],"picked":"Limit Break"},{"not_picked":["Heavy Blade","Anger"],"picked":"Clothesline"},{"not_picked":["Headbutt","Warcry"],"picked":"Pommel Strike"},{"not_picked":["Berserk","Iron Wave"],"picked":"Spot Weakness"},{"not_picked":["Thunderclap","Feel No Pain"],"picked":"Dropkick"},{"not_picked":["Power Through","Armaments"],"picked":"Feel No Pain"}],"player_experience":122115,"potions_floor_usage":[14,16,18,18,23,23,23,29],"damage_taken":[{"damage":2,"enemies":"2 Louse","floor":1,"turns":4},{"damage":6,"enemies":"Jaw Worm","floor":2,"turns":3},{"damage":0,"enemies":"Small Slimes","floor":10,"turns":3},{"damage":4,"enemies":"2 Fungi Beasts","floor":11,"turns":2},{"damage":0,"enemies":"3 Louse","floor":12,"turns":2},{"damage":7,"enemies":"Looter","floor":13,"turns":2},{"damage":5,"enemies":"Lots of Slimes","floor":14,"turns":3},{"damage":68,"enemies":"The Guardian","floor":16,"turns":12},{"damage":10,"enemies":"2 Thieves","floor":18,"turns":2},{"damage":13,"enemies":"Chosen","floor":21,"turns":3},{"damage":21,"enemies":"Gremlin Leader","floor":23,"turns":4},{"damage":11,"enemies":"Snecko","floor":28,"turns":3},{"damage":15,"enemies":"Snake Plant","floor":29,"turns":2},{"damage":68,"enemies":"Book of Stabbing","floor":30,"turns":6},{"damage":22,"enemies":"Slaver and Parasite","floor":31,"turns":3}],"event_choices":[{"event_name":"Liars Game","player_choice":"agreed","floor":3,"damage_taken":0},{"event_name":"Big Fish","player_choice":"Donut","floor":5,"damage_taken":0},{"event_name":"Scrap Ooze","player_choice":"success","floor":7,"damage_taken":7},{"event_name":"Drug Dealer","player_choice":"Got JAXXED","floor":20,"damage_taken":0},{"event_name":"Wheel of Change","player_choice":"Relic","floor":22,"damage_taken":0},{"event_name":"N\u0027loth","player_choice":"Traded a Charon\u0027s Ashes","floor":24,"damage_taken":0}],"boss_relics":[{"not_picked":["Eternal Feather","Runic Pyramid"],"picked":"Tiny House"}],"potions_floor_spawned":[1,10,14,16,18,21,28],"seed_played":"-3750506000842518030","killed_by":"Slaver and Parasite","ascension_level":0,"is_trial":false}