{"path_per_floor":["M","?","M","?","M","R","E","M","T","R","M","$","M","M","R","B",null,"M","M","$","?","M","R","M","M","T"],"character_chosen":"IRONCLAD","items_purchased":["Flex"],"gold_per_floor":[118,118,129,129,139,139,168,184,211,211,231,111,126,139,139,244,244,255,267,167,167,184,184,194,208,208],"floor_reached":27,"campfire_rested":2,"playtime":806,"current_hp_per_floor":[72,72,60,46,46,46,44,37,37,58,48,48,53,46,67,27,72,60,36,36,36,35,35,32,23,23],"items_purged":["Strike_R","Strike_R"],"gold":208,"score":219,"play_id":"654b1193-6f54-4a18-979a-bbfb045664a4","local_time":"20180313183245","is_prod":false,"is_daily":false,"is_ascension_mode":false,"campfire_upgraded":2,"timestamp":1520980365,"path_taken":["M","?","?","?","M","R","E","M","T","R","M","$","M","?","R","BOSS","M","M","$","?","M","R","M","M","T","M"],"build_version":"2018-03-09","purchased_purges":2,"victory":false,"master_deck":["Strike_R+1","Defend_R","Defend_R","Defend_R","Defend_R+1","Bash","Heavy Blade+1","Flex","Flex","Limit Break+1","Whirlwind+1"],"max_hp_per_floor":[72,72,72,72,72,72,72,72,72,72,72,72,72,72,72,72,72,72,72,72,72,72,72,72,72,72],"relics":["Burning Blood","Torii","Prayer Wheel","Black Star","Champion Belt"],"card_choices":[{"not_picked":["Metallicize","Shrug It Off"],"picked":"Heavy Blade"},{"not_picked":["True Grit","Clothesline"],"picked":"Flex"},{"not_picked":["Double Tap","Demon Form"],"picked":"Limit Break"},{"not_picked":["Flex","Cleave"],"picked":"Whirlwind"}],"player_experience":362085,"potions_floor_usage":[7,8,16,25],"damage_taken":[{"damage":2,"enemies":"2 Louse","floor":1,"turns":4},{"damage":18,"enemies":"Jaw Worm","floor":3,"turns":3},{"damage":6,"enemies":"Cultist","floor":5,"turns":3},{"damage":8,"enemies":"Gremlin Nob","floor":7,"turns":4},{"damage":13,"enemies":"Red Slaver","floor":8,"turns":4},{"damage":16,"enemies":"Exordium Wildlife","floor":11,"turns":3},{"damage":1,"enemies":"2 Fungi Beasts","floor":13,"turns":3},{"damage":13,"enemies":"Exordium Thugs","floor":14,"turns":4},{"damage":46,"enemies":"Hexaghost","floor":16,"turns":10},{"damage":18,"enemies":"Shell Parasite","floor":18,"turns":7},{"damage":30,"enemies":"Chosen","floor":19,"turns":6},{"damage":7,"enemies":"Snecko","floor":22,"turns":4},{"damage":9,"enemies":"Centurion and Healer","floor":24,"turns":9},{"damage":15,"enemies":"Snake Plant","floor":25,"turns":3},{"damage":40,"enemies":"Snecko","floor":27,"turns":5}],"event_choices":[{"event_name":"Liars Game","player_choice":"disagreed","floor":2,"damage_taken":0},{"event_name":"Shining Light","player_choice":"Entered Light","floor":4,"damage_taken":0},{"event_name":"Drug Dealer","player_choice":"Ignored","floor":21,"damage_taken":0}],"boss_relics":[{"not_picked":["Calling Bell","Mark of Pain"],"picked":"Black Star"}],"potions_floor_spawned":[1,7,11,16,18,24],"seed_played":"-4593549823017174339","killed_by":"Snecko","ascension_level":0,"is_trial":false}