{"path_per_floor":["M","?","?","M","?","R","E","R","T","R","?","M","M","E","R","B",null,"M","?","?","M","$"],"character_chosen":"IRONCLAD","items_purchased":["Oddly Smooth Stone"],"gold_per_floor":[15,115,115,126,126,126,158,158,184,184,184,195,207,235,235,338,338,349,264,264,279,58],"floor_reached":23,"campfire_rested":1,"playtime":632,"current_hp_per_floor":[67,67,67,72,72,72,42,42,42,42,42,48,48,34,57,14,61,60,60,46,9,9],"items_purged":["Strike_R"],"gold":58,"score":305,"play_id":"543f25f3-e82a-4f09-bc49-69eda5e2ce76","local_time":"20180305193714","is_prod":false,"is_daily":false,"is_ascension_mode":true,"campfire_upgraded":3,"timestamp":1520275034,"path_taken":["M","?","?","?","?","R","E","R","T","R","?","M","M","E","R","BOSS","M","?","?","M","?","E"],"build_version":"2018-03-01-PROD1","purchased_purges":1,"victory":false,"master_deck":["Strike_R","Strike_R","Strike_R","Strike_R","Defend_R","Defend_R","Defend_R","Defend_R","Bash","True Grit+1","Swift Strike","Juggernaut+1","Inflame","Disarm+1","Pummel","Clash","Barricade","Body Slam"],"max_hp_per_floor":[80,80,80,80,80,80,80,80,80,80,77,77,77,77,77,77,77,77,77,82,82,82],"relics":["Burning Blood","Ice Cream","Vajra","Bronze Scales","Shuriken","Runic Dome","Frozen Egg 2","Oddly Smooth Stone"],"card_choices":[{"not_picked":["Feel No Pain","Body Slam"],"picked":"True Grit"},{"not_picked":["Pummel","Heavy Blade"],"picked":"Inflame"},{"not_picked":["Pommel Strike","Havoc"],"picked":"Disarm"},{"not_picked":["Searing Blow","Flex"],"picked":"Pummel"},{"not_picked":["Blood for Blood","Wild Strike"],"picked":"Clash"},{"not_picked":["Fiend Fire","Bludgeon"],"picked":"Barricade"},{"not_picked":["Clash","Pommel Strike"],"picked":"Body Slam"}],"player_experience":294921,"potions_floor_usage":[14,16,21],"damage_taken":[{"damage":11,"enemies":"Jaw Worm","floor":1,"turns":4},{"damage":1,"enemies":"Cultist","floor":4,"turns":4},{"damage":36,"enemies":"3 Sentries","floor":7,"turns":9},{"damage":0,"enemies":"Small Slimes","floor":12,"turns":3},{"damage":6,"enemies":"Looter","floor":13,"turns":3},{"damage":20,"enemies":"Gremlin Nob","floor":14,"turns":4},{"damage":49,"enemies":"Slime Boss","floor":16,"turns":11},{"damage":7,"enemies":"3 Byrds","floor":18,"turns":3},{"damage":43,"enemies":"Chosen","floor":21,"turns":5},{"damage":9,"enemies":"Slavers","floor":23,"turns":1}],"event_choices":[{"event_name":"Golden Shrine","player_choice":"Pray","floor":2,"damage_taken":0},{"event_name":"Match and Keep!","player_choice":"2 cards matched","floor":3,"damage_taken":0},{"event_name":"Shining Light","player_choice":"Ignored","floor":5,"damage_taken":0},{"event_name":"Purifier","player_choice":"One Purge","floor":11,"damage_taken":0},{"event_name":"Addict","player_choice":"Obtained Relic","floor":19,"damage_taken":0},{"event_name":"Forgotten Altar","player_choice":"Shed Blood","floor":20,"damage_taken":0}],"boss_relics":[{"not_picked":["Orrery","Runic Cube"],"picked":"Runic Dome"}],"potions_floor_spawned":[1,13,16],"seed_played":"3168384353938343053","killed_by":"Slavers","ascension_level":11,"is_trial":false}