{"path_per_floor":["M","$","M","M","?","R","M","R","T","R","E","$","M","M","R","B",null,"M","M","?"],"character_chosen":"IRONCLAD","items_purchased":[],"gold_per_floor":[116,41,54,66,66,66,77,77,77,77,139,39,49,61,61,160,160,180,196,196],"floor_reached":21,"campfire_rested":0,"playtime":639,"current_hp_per_floor":[66,66,66,69,55,55,42,42,42,42,39,39,34,40,40,18,56,46,30,30],"items_purged":["Parasite","Strike_R"],"gold":196,"score":272,"play_id":"05d7b2d9-335f-4041-a182-437065afaaa4","local_time":"20180311003635","is_prod":false,"is_daily":false,"is_ascension_mode":true,"campfire_upgraded":4,"timestamp":1520753795,"path_taken":["M","$","M","M","?","R","?","R","T","R","E","$","M","M","R","BOSS","M","?","?","M"],"build_version":"2018-03-09","purchased_purges":2,"victory":false,"master_deck":["Bash+1","Whirlwind+1","Flex","Evolve+1","Warcry","Power Through","Immolate+1","Feed","True Grit","Dropkick","Headbutt","Warcry","Burning Pact","Clothesline","Battle Trance","Shrug It Off"],"max_hp_per_floor":[72,69,69,69,69,69,69,69,69,69,69,69,69,69,69,69,69,69,69,69],"relics":["Burning Blood","Du-Vu Doll","Tiny Chest","Pandora\u0027s Box","Singing Bowl"],"card_choices":[{"not_picked":["Shrug It Off","Flex"],"picked":"Whirlwind"},{"not_picked":["Anger","Disarm"],"picked":"Flex"},{"not_picked":["Heavy Blade","Havoc"],"picked":"Evolve"},{"not_picked":["Pommel Strike","Wild Strike"],"picked":"Warcry"},{"not_picked":["Uppercut","Dual Wield"],"picked":"Power Through"},{"not_picked":["Clothesline","Carnage"],"picked":"Immolate"},{"not_picked":["Juggernaut","Immolate"],"picked":"Feed"},{"not_picked":["Uppercut","Iron Wave"],"picked":"Battle Trance"},{"not_picked":["Twin Strike","Shockwave"],"picked":"Shrug It Off"}],"player_experience":522032,"potions_floor_usage":[11,16],"damage_taken":[{"damage":12,"enemies":"Jaw Worm","floor":1,"turns":3},{"damage":6,"enemies":"Cultist","floor":3,"turns":3},{"damage":0,"enemies":"Small Slimes","floor":4,"turns":3},{"damage":19,"enemies":"Blue Slaver","floor":7,"turns":4},{"damage":9,"enemies":"3 Sentries","floor":11,"turns":3},{"damage":11,"enemies":"Looter","floor":13,"turns":2},{"damage":0,"enemies":"3 Louse","floor":14,"turns":2},{"damage":43,"enemies":"Slime Boss","floor":16,"turns":7},{"damage":16,"enemies":"Chosen","floor":18,"turns":6},{"damage":22,"enemies":"Spheric Guardian","floor":19,"turns":5},{"damage":40,"enemies":"Snecko","floor":21,"turns":4}],"event_choices":[{"event_name":"Shining Light","player_choice":"Entered Light","floor":5,"damage_taken":0},{"event_name":"The Mausoleum","player_choice":"Yes","floor":20,"damage_taken":0}],"boss_relics":[{"not_picked":["Runic Cube","Black Blood"],"picked":"Pandora\u0027s Box"}],"potions_floor_spawned":[3,4,16],"seed_played":"-4542708188744757225","killed_by":"Snecko","ascension_level":10,"is_trial":false}