{"path_per_floor":["M","$","M","?","?","R","E","R","T","M","?","M","R","$","R","B",null,"M","M","?","M","$","R","E","R","T","E","R","M","R","$","R","B",null,"M","?","?","?","M","R","E","$","T","$","M","E","R","T","R","B"],"character_chosen":"IRONCLAD","items_purchased":["Apotheosis","Metallicize","True Grit","Metallicize","Regen Potion"],"gold_per_floor":[15,15,29,29,104,104,137,137,163,174,349,366,366,6,6,103,103,83,96,96,113,13,13,40,40,40,66,66,78,78,31,31,136,136,147,147,247,295,308,308,336,141,141,90,109,144,144,170,170,170],"floor_reached":51,"campfire_rested":5,"playtime":1972,"current_hp_per_floor":[64,64,68,61,50,73,43,43,43,49,49,55,55,55,55,29,65,47,53,53,41,41,64,47,70,70,72,72,77,77,77,77,77,77,70,70,70,62,61,61,56,56,56,56,47,19,57,57,77,66],"items_purged":["Doubt","Strike_R","Injury"],"gold":170,"score":893,"play_id":"bca1ac22-2226-486b-b3ae-3c61aa7ebfaa","local_time":"20180304170754","is_prod":false,"is_daily":false,"is_ascension_mode":true,"campfire_upgraded":6,"timestamp":1520204874,"path_taken":["M","$","M","?","?","R","E","R","T","M","?","?","R","$","R","BOSS","M","M","?","?","?","R","E","R","T","E","R","M","R","$","R","BOSS","M","?","?","?","M","R","E","?","T","$","M","E","R","?","R","BOSS"],"build_version":"2018-03-01-PROD1","purchased_purges":5,"victory":true,"master_deck":["Strike_R","Strike_R","Strike_R","Strike_R","Defend_R","Defend_R","Defend_R","Defend_R","Bash","Pommel Strike+1","Metallicize","Whirlwind+1","Battle Trance+1","Flame Barrier","Apotheosis+1","Metallicize","Barricade+1","True Grit+1","Shrug It Off+1","Body Slam+1","Shockwave","Flame Barrier","True Grit+1","Offering","Battle Trance+1","Sentinel","Metallicize","Body Slam"],"max_hp_per_floor":[80,80,80,77,77,77,77,77,77,77,77,77,77,77,77,77,77,77,77,77,77,77,77,77,77,77,77,77,77,77,77,77,77,77,77,77,77,77,77,77,77,77,77,77,77,77,77,77,77,77],"relics":["Burning Blood","Champion Belt","Ornamental Fan","Pen Nib","Mark of Pain","Happy Flower","Meat on the Bone","Regal Pillow","Lizard Tail","Girya","Orichalcum","Toolbox","Self Forming Clay","Bronze Scales"],"card_choices":[{"not_picked":["True Grit","Headbutt"],"picked":"Pommel Strike"},{"not_picked":["Sword Boomerang","Armaments"],"picked":"Metallicize"},{"not_picked":["Power Through","Perfected Strike"],"picked":"Whirlwind"},{"not_picked":["Combust","Perfected Strike"],"picked":"Battle Trance"},{"not_picked":["Rage","Wild Strike"],"picked":"Flame Barrier"},{"not_picked":["Double Tap","Brutality"],"picked":"Barricade"},{"not_picked":["Clothesline","Fire Breathing"],"picked":"True Grit"},{"not_picked":["Havoc","Evolve"],"picked":"Shrug It Off"},{"not_picked":["Clothesline","Sever Soul"],"picked":"Shockwave"},{"not_picked":["Disarm","Pummel"],"picked":"Flame Barrier"},{"not_picked":["Brutality","Bludgeon"],"picked":"Offering"},{"not_picked":["True Grit","Reckless Charge"],"picked":"Battle Trance"},{"not_picked":["Immolate","Warcry"],"picked":"Sentinel"},{"not_picked":["Flex","Dark Embrace"],"picked":"Body Slam"}],"player_experience":320157,"potions_floor_usage":[50,50],"damage_taken":[{"damage":14.0,"enemies":"Small Slimes","floor":1.0,"turns":4.0},{"damage":2.0,"enemies":"Jaw Worm","floor":3.0,"turns":3.0},{"damage":36.0,"enemies":"Lagavulin","floor":7.0,"turns":8.0},{"damage":0.0,"enemies":"2 Louse","floor":10.0,"turns":1.0},{"damage":0.0,"enemies":"Large Slime","floor":12.0,"turns":3.0},{"damage":32.0,"enemies":"Hexaghost","floor":16.0,"turns":10.0},{"damage":24.0,"enemies":"2 Thieves","floor":18.0,"turns":4.0},{"damage":0.0,"enemies":"3 Byrds","floor":19.0,"turns":3.0},{"damage":18.0,"enemies":"Snake Plant","floor":21.0,"turns":4.0},{"damage":23.0,"enemies":"Slavers","floor":24.0,"turns":5.0},{"damage":4.0,"enemies":"Book of Stabbing","floor":27.0,"turns":7.0},{"damage":1.0,"enemies":"Snecko","floor":29.0,"turns":5.0},{"damage":3.0,"enemies":"Automaton","floor":33.0,"turns":10.0},{"damage":13.0,"enemies":"3 Darklings","floor":35.0,"turns":5.0},{"damage":14.0,"enemies":"Mysterious Sphere","floor":38.0,"turns":9.0},{"damage":7.0,"enemies":"3 Shapes","floor":39.0,"turns":7.0},{"damage":11.0,"enemies":"Giant Head","floor":41.0,"turns":12.0},{"damage":15.0,"enemies":"Maw","floor":45.0,"turns":7.0},{"damage":46.0,"enemies":"2 Orb Walkers","floor":46.0,"turns":10.0},{"damage":32,"enemies":"Awakened One","floor":50,"turns":12}],"event_choices":[{"event_name":"Golden Wing","player_choice":"Card Removal","floor":4.0,"damage_taken":0.0},{"event_name":"World of Goop","player_choice":"Gather Gold","floor":5.0,"damage_taken":0.0},{"event_name":"Liars Game","player_choice":"agreed","floor":11.0,"damage_taken":0.0},{"event_name":"The Library","player_choice":"Read","floor":20.0,"damage_taken":0.0},{"event_name":"Accursed Blacksmith","player_choice":"Forge","floor":36.0,"damage_taken":0.0},{"event_name":"Golden Shrine","player_choice":"Pray","floor":37.0,"damage_taken":0.0},{"event_name":"Mysterious Sphere","player_choice":"Fight","floor":38.0,"damage_taken":0.0}],"boss_relics":[],"potions_floor_spawned":[7,10,19,21,29,35,39,45],"seed_played":"7050099098257181577","ascension_level":10,"is_trial":false}