{"path_per_floor":["M","$","?","M","$","R","M","R","T","M","R","M","M","$","R","B",null,"M","$","?","M","$","R"],"character_chosen":"IRONCLAD","items_purchased":["Reaper","Evolve","Rupture"],"gold_per_floor":[109,32,32,45,45,45,62,62,135,145,145,163,179,57,57,155,155,167,31,31,44,44,44],"floor_reached":24,"campfire_rested":0,"playtime":674,"current_hp_per_floor":[75,75,75,80,80,80,80,80,80,72,72,78,80,77,77,42,68,39,39,39,17,17,25],"items_purged":["Parasite","Strike_R"],"gold":44,"score":298,"play_id":"cbf7dc4b-29f5-4615-81da-a37448995846","local_time":"20180311225751","is_prod":false,"is_daily":false,"is_ascension_mode":true,"campfire_upgraded":5,"timestamp":1520830671,"path_taken":["M","$","?","M","$","R","M","R","T","M","R","?","M","$","R","BOSS","M","?","?","M","?","R","?"],"build_version":"2018-03-09","purchased_purges":3,"victory":false,"master_deck":["Strike_R","Strike_R","Strike_R","Defend_R","Defend_R","Defend_R","Bash","Flex","Reaper","Searing Blow+5","Shrug It Off","Burning Pact","Cleave","Battle Trance","Headbutt","Evolve","Limit Break","Bloodletting","Rupture","Thunderclap"],"max_hp_per_floor":[80,80,80,80,80,80,80,80,80,80,80,80,80,77,77,77,77,77,77,77,77,77,77],"relics":["Burning Blood","Lantern","The Courier","Eternal Feather"],"card_choices":[{"not_picked":["Headbutt","Fire Breathing"],"picked":"Flex"},{"not_picked":["Cleave","Flex"],"picked":"Shrug It Off"},{"not_picked":["Sword Boomerang","Immolate"],"picked":"Burning Pact"},{"not_picked":["Wild Strike","Intimidate"],"picked":"Cleave"},{"not_picked":["Carnage","Twin Strike"],"picked":"Battle Trance"},{"not_picked":["Anger","Reckless Charge"],"picked":"Headbutt"},{"not_picked":["Dark Embrace","Juggernaut"],"picked":"Limit Break"},{"not_picked":["Intimidate","Blood for Blood"],"picked":"Bloodletting"},{"not_picked":["Clothesline","Warcry"],"picked":"Thunderclap"}],"player_experience":534420,"potions_floor_usage":[13,16],"damage_taken":[{"damage":3,"enemies":"2 Louse","floor":1,"turns":4},{"damage":6,"enemies":"Cultist","floor":4,"turns":3},{"damage":7,"enemies":"Small Slimes","floor":7,"turns":4},{"damage":14,"enemies":"Looter","floor":10,"turns":3},{"damage":0,"enemies":"Exordium Wildlife","floor":12,"turns":3},{"damage":8,"enemies":"Blue Slaver","floor":13,"turns":2},{"damage":53,"enemies":"The Guardian","floor":16,"turns":9},{"damage":41,"enemies":"3 Byrds","floor":18,"turns":6},{"damage":28,"enemies":"Spheric Guardian","floor":21,"turns":4},{"damage":40,"enemies":"Cultist and Chosen","floor":24,"turns":4}],"event_choices":[{"event_name":"Transmorgrifier","player_choice":"Transform","floor":3,"damage_taken":0},{"event_name":"Back to Basics","player_choice":"Elegance","floor":20,"damage_taken":0}],"boss_relics":[{"not_picked":["Lizard Tail","Calling Bell"],"picked":"Eternal Feather"}],"potions_floor_spawned":[7,10,12],"seed_played":"-5523554763576216832","killed_by":"Cultist and Chosen","ascension_level":12,"is_trial":false}