{"path_per_floor":["M","?","$","?","?","R","E","R","T","M","?","E","M","?","R","B",null,"M","$","?","?","?","R","$","R","T","M","M","R","$","M","R","B",null,"M","$","?","$","?","R","M","R","T","R","E","?","?","M","R","B"],"character_chosen":"IRONCLAD","items_purchased":["Armaments","Corruption","Feel No Pain"],"gold_per_floor":[115,190,68,68,68,68,97,97,97,108,108,139,153,103,103,199,199,217,43,43,43,43,43,43,43,67,55,67,67,29,41,41,142,142,158,33,33,33,33,33,51,51,76,76,110,110,0,13,13,13],"floor_reached":51,"campfire_rested":3,"playtime":1699,"current_hp_per_floor":[66,55,55,55,52,52,24,48,48,50,50,31,37,37,37,27,67,49,49,49,49,33,33,33,57,57,52,65,65,65,59,59,54,74,55,55,55,55,45,69,80,80,80,80,75,75,75,80,80,49],"items_purged":["Regret","Defend_R","Defend_R"],"gold":13,"score":993,"play_id":"ecc2c05b-bdfe-41d4-a3a0-1aca7dbb883e","local_time":"20180310233607","is_prod":false,"is_daily":false,"is_ascension_mode":true,"campfire_upgraded":8,"timestamp":1520750167,"path_taken":["M","?","$","?","?","R","E","R","T","M","?","E","M","?","R","BOSS","M","$","?","?","?","R","$","R","T","M","M","R","?","M","R","BOSS","M","$","?","$","?","R","M","R","T","R","E","?","?","M","R","BOSS"],"build_version":"2018-03-09","purchased_purges":3,"victory":true,"master_deck":["Defend_R","Bash","Searing Blow+9","Shockwave","Metallicize","Armaments","Shrug It Off","Finesse","Flex","Battle Trance","Flame Barrier","Shockwave","Reaper","Pommel Strike+1","Sword Boomerang+1","Exhume+1","Corruption","Necronomicurse","True Grit","Feel No Pain","Seeing Red","Shrug It Off","Madness","Madness","Battle Trance"],"max_hp_per_floor":[80,80,80,80,80,80,80,80,80,80,80,80,80,80,80,80,80,80,80,80,80,80,80,80,80,80,80,80,80,80,80,80,80,80,80,80,80,80,80,80,80,80,80,80,80,80,80,80,80,80],"relics":["Burning Blood","Juzu Bracelet","Toolbox","Frozen Eye","Paper Frog","Astrolabe","Necronomicon","Pen Nib","Runic Cube","Omamori","Vajra","Red Mask"],"card_choices":[{"not_picked":["Dual Wield","Twin Strike"],"picked":"Metallicize"},{"not_picked":["Havoc","Metallicize"],"picked":"Shrug It Off"},{"not_picked":["Infernal Blade","Battle Trance"],"picked":"Flame Barrier"},{"not_picked":["Wild Strike","Pummel"],"picked":"Shockwave"},{"not_picked":["Brutality","Feed"],"picked":"Reaper"},{"not_picked":["Twin Strike","Cleave"],"picked":"True Grit"},{"not_picked":["Cleave","Flex"],"picked":"Seeing Red"},{"not_picked":["Feed","Impervious"],"picked":"Immolate"},{"not_picked":["Twin Strike","Clothesline"],"picked":"Shrug It Off"},{"not_picked":["True Grit","Searing Blow"],"picked":"Battle Trance"}],"player_experience":518378,"potions_floor_usage":[12,16,16,33,50,50],"damage_taken":[{"damage":12,"enemies":"Jaw Worm","floor":1,"turns":3},{"damage":34,"enemies":"Lagavulin","floor":7,"turns":6},{"damage":4,"enemies":"2 Louse","floor":10,"turns":3},{"damage":25,"enemies":"Gremlin Nob","floor":12,"turns":5},{"damage":0,"enemies":"Cultist","floor":13,"turns":3},{"damage":31,"enemies":"Hexaghost","floor":16,"turns":10},{"damage":24,"enemies":"Spheric Guardian","floor":18,"turns":4},{"damage":11,"enemies":"2 Thieves","floor":27,"turns":4},{"damage":0,"enemies":"Snecko","floor":28,"turns":3},{"damage":41,"enemies":"3 Cultists","floor":31,"turns":6},{"damage":32,"enemies":"Collector","floor":33,"turns":6},{"damage":25,"enemies":"3 Shapes","floor":35,"turns":3},{"damage":0,"enemies":"Orb Walker","floor":41,"turns":4},{"damage":11,"enemies":"Giant Head","floor":45,"turns":6},{"damage":26,"enemies":"Maw","floor":48,"turns":6},{"damage":55,"enemies":"Awakened One","floor":50,"turns":7}],"event_choices":[{"event_name":"World of Goop","player_choice":"Gather Gold","floor":2,"damage_taken":0},{"event_name":"Living Wall","player_choice":"Grow","floor":4,"damage_taken":0},{"event_name":"Scrap Ooze","player_choice":"success","floor":5,"damage_taken":3},{"event_name":"Match and Keep!","player_choice":"3 cards matched","floor":11,"damage_taken":0},{"event_name":"The Cleric","player_choice":"Card Removal","floor":14,"damage_taken":0},{"event_name":"Drug Dealer","player_choice":"Ignored","floor":20,"damage_taken":0},{"event_name":"N\u0027loth","player_choice":"Ignored","floor":21,"damage_taken":0},{"event_name":"Cursed Tome","player_choice":"Obtained Book","floor":22,"damage_taken":0},{"event_name":"Mysterious Sphere","player_choice":"Ignore","floor":37,"damage_taken":0},{"event_name":"Winding Halls","player_choice":"Embrace Madness","floor":39,"damage_taken":0},{"event_name":"Tomb of Lord Red Mask","player_choice":"Paid","floor":47,"damage_taken":0}],"boss_relics":[{"not_picked":["Black Blood","Orrery"],"picked":"Astrolabe"},{"not_picked":["Pandora\u0027s Box","Question Card"],"picked":"Runic Cube"}],"potions_floor_spawned":[1,7,12,16,18,31,33,45,48],"seed_played":"7211513129226546868","ascension_level":9,"is_trial":false}