{"path_per_floor":["M","M","?","?","M","M","R","M","T","$","E","?","R","M","R","B",null,"M","M","M","?","M","R","M","R","T","M","$","R","$","M","R","B",null,"M","T","?","$","M","R","M","M","T","?","M","R","M","?","R","B"],"character_chosen":"IRONCLAD","items_purchased":["Paper Frog"],"gold_per_floor":[112,131,131,131,155,173,173,193,218,143,186,186,186,205,205,330,330,350,370,385,310,324,324,348,348,348,372,322,322,272,288,288,413,413,437,460,460,168,181,181,205,230,230,230,248,248,271,0,0,0],"floor_reached":51,"campfire_rested":5,"playtime":995,"current_hp_per_floor":[80,80,80,60,56,62,62,68,68,68,58,42,42,48,48,19,80,80,60,28,28,30,54,48,48,48,42,42,66,66,72,72,42,80,80,80,80,80,80,80,80,80,80,80,80,80,79,79,80,22],"items_purged":["Strike_R","Strike_R","Strike_R","Defend_R"],"gold":0,"score":678,"play_id":"612a50f0-46c3-4b97-a585-0de625cfe567","local_time":"20180313162314","is_prod":false,"is_daily":false,"is_ascension_mode":false,"campfire_upgraded":5,"timestamp":1520972594,"path_taken":["M","M","?","?","M","?","R","M","T","$","E","?","R","M","R","BOSS","M","M","M","?","M","R","M","R","T","M","$","R","$","M","R","BOSS","M","?","?","?","M","R","?","M","T","?","?","R","M","?","R","BOSS"],"build_version":"2018-03-09","purchased_purges":4,"victory":true,"master_deck":["Defend_R+1","Defend_R+1","Defend_R+1","Bash+1","Whirlwind+1","Spot Weakness+1","Limit Break+1","Flex+1","Flex+1"],"max_hp_per_floor":[80,80,80,80,80,80,80,80,80,80,80,80,80,80,80,80,80,80,80,80,80,80,80,80,80,80,80,80,80,80,80,80,80,80,80,80,80,80,80,80,80,80,80,80,80,80,80,80,80,80],"relics":["Burning Blood","Golden Idol","Vajra","Bag of Preparation","Philosopher\u0027s Stone","Smiling Mask","Runic Dome","Bag of Marbles","Paper Frog","Ginger","Red Mask"],"card_choices":[{"not_picked":["Body Slam","Thunderclap"],"picked":"Whirlwind"},{"not_picked":["Pummel","Anger"],"picked":"Spot Weakness"},{"not_picked":["Juggernaut","Brutality"],"picked":"Limit Break"},{"not_picked":["Juggernaut","Dark Embrace"],"picked":"Double Tap"},{"not_picked":["Cleave","Pommel Strike"],"picked":"Flex"},{"not_picked":["Carnage","Warcry"],"picked":"Flex"}],"player_experience":358386,"potions_floor_usage":[16,33,50],"damage_taken":[{"damage":1,"enemies":"2 Louse","floor":1,"turns":3},{"damage":0,"enemies":"Small Slimes","floor":2,"turns":2},{"damage":10,"enemies":"Jaw Worm","floor":5,"turns":4},{"damage":0,"enemies":"3 Louse","floor":6,"turns":1},{"damage":0,"enemies":"Gremlin Gang","floor":8,"turns":2},{"damage":16,"enemies":"3 Sentries","floor":11,"turns":3},{"damage":0,"enemies":"Blue Slaver","floor":14,"turns":3},{"damage":35,"enemies":"Slime Boss","floor":16,"turns":8},{"damage":0,"enemies":"Spheric Guardian","floor":18,"turns":3},{"damage":26,"enemies":"Shell Parasite","floor":19,"turns":5},{"damage":38,"enemies":"Snake Plant","floor":20,"turns":3},{"damage":4,"enemies":"Snecko","floor":22,"turns":3},{"damage":12,"enemies":"Centurion and Healer","floor":24,"turns":3},{"damage":12,"enemies":"Sentry and Sphere","floor":27,"turns":3},{"damage":0,"enemies":"3 Cultists","floor":31,"turns":2},{"damage":36,"enemies":"Automaton","floor":33,"turns":5},{"damage":0,"enemies":"3 Darklings","floor":35,"turns":1},{"damage":0,"enemies":"Orb Walker","floor":39,"turns":1},{"damage":0,"enemies":"3 Darklings","floor":41,"turns":1},{"damage":0,"enemies":"Sphere and 2 Shapes","floor":42,"turns":1},{"damage":6,"enemies":"4 Shapes","floor":45,"turns":1},{"damage":7,"enemies":"Maw","floor":47,"turns":3},{"damage":64,"enemies":"Awakened One","floor":50,"turns":5}],"event_choices":[{"event_name":"Living Wall","player_choice":"Forget","floor":3,"damage_taken":0},{"event_name":"Golden Idol","player_choice":"Take Damage","floor":4,"damage_taken":0},{"event_name":"Shining Light","player_choice":"Entered Light","floor":12,"damage_taken":0},{"event_name":"Beggar","player_choice":"Gave Gold","floor":21,"damage_taken":0},{"event_name":"The Moai Head","player_choice":"Ignored","floor":44,"damage_taken":0},{"event_name":"Tomb of Lord Red Mask","player_choice":"Paid","floor":48,"damage_taken":0}],"boss_relics":[{"not_picked":["Mark of Pain","Black Blood"],"picked":"Philosopher\u0027s Stone"},{"not_picked":["White Beast Statue","Lizard Tail"],"picked":"Runic Dome"}],"potions_floor_spawned":[2,6,14,18,22,24,35,39,42,47],"seed_played":"-3732440493452934027","ascension_level":0,"is_trial":false}