{"path_per_floor":["M","?","M","M","M","R","M","E","T","E","R","?","?","$","R","B",null,"M","?","M","?","?","E","?"],"character_chosen":"IRONCLAD","items_purchased":["Apotheosis"],"gold_per_floor":[112,112,124,141,158,158,177,205,252,277,277,277,332,81,81,207,207,221,146,165,80,80,124,124],"floor_reached":25,"campfire_rested":1,"playtime":681,"current_hp_per_floor":[77,61,66,64,64,64,70,53,53,32,32,12,12,12,50,44,69,64,64,70,70,70,54,54],"items_purged":["Parasite"],"gold":124,"score":381,"play_id":"2267ba9f-fd09-4e41-9556-f236486aa1a0","local_time":"20180304224509","is_prod":false,"is_daily":false,"is_ascension_mode":true,"campfire_upgraded":2,"timestamp":1520199909,"path_taken":["M","?","M","M","?","R","M","E","T","E","R","?","?","$","R","BOSS","M","?","M","?","?","E","?","E"],"build_version":"2018-03-01-PROD1","purchased_purges":1,"victory":false,"master_deck":["Defend_R","Defend_R","Defend_R","Defend_R","Bash+1","Pommel Strike","Thunderclap","Whirlwind+1","Metallicize","Entrench+1","Apotheosis","Demon Form","Pommel Strike","Entrench","Bite","Bite","Bite","Bite","Bite"],"max_hp_per_floor":[80,80,80,80,80,80,80,80,80,80,80,80,80,77,77,77,77,77,77,77,77,77,84,58],"relics":["Burning Blood","Bronze Scales","Happy Flower","Bag of Marbles","Regal Pillow","Golden Idol","Eternal Feather","Gremlin Horn","Strawberry"],"card_choices":[{"not_picked":["Wild Strike","Sword Boomerang"],"picked":"Pommel Strike"},{"not_picked":["Rage","Anger"],"picked":"Thunderclap"},{"not_picked":["Perfected Strike","Iron Wave"],"picked":"Whirlwind"},{"not_picked":["Intimidate","Uppercut"],"picked":"Metallicize"},{"not_picked":["Corruption","Second Wind"],"picked":"Entrench"},{"not_picked":["Dark Embrace","Double Tap"],"picked":"Demon Form"},{"not_picked":["Uppercut","Headbutt"],"picked":"Pommel Strike"},{"not_picked":["Thunderclap","Anger"],"picked":"Entrench"}],"player_experience":292438,"potions_floor_usage":[10,16,23,25],"damage_taken":[{"damage":1,"enemies":"2 Louse","floor":1,"turns":3},{"damage":1,"enemies":"Cultist","floor":3,"turns":3},{"damage":8,"enemies":"Jaw Worm","floor":4,"turns":4},{"damage":6,"enemies":"2 Fungi Beasts","floor":5,"turns":3},{"damage":0,"enemies":"Gremlin Gang","floor":7,"turns":1},{"damage":23,"enemies":"3 Sentries","floor":8,"turns":6},{"damage":27,"enemies":"Lagavulin","floor":10,"turns":5},{"damage":12,"enemies":"The Guardian","floor":16,"turns":11},{"damage":11,"enemies":"Chosen","floor":18,"turns":5},{"damage":0,"enemies":"3 Byrds","floor":20,"turns":3},{"damage":29,"enemies":"Slavers","floor":23,"turns":3},{"damage":69,"enemies":"Book of Stabbing","floor":25,"turns":5}],"event_choices":[{"event_name":"Shining Light","player_choice":"Entered Light","floor":2,"damage_taken":0},{"event_name":"Golden Idol","player_choice":"Take Damage","floor":12,"damage_taken":0},{"event_name":"Golden Wing","player_choice":"Gained Gold","floor":13,"damage_taken":0},{"event_name":"Beggar","player_choice":"Gave Gold","floor":19,"damage_taken":0},{"event_name":"Addict","player_choice":"Obtained Relic","floor":21,"damage_taken":0},{"event_name":"Back to Basics","player_choice":"Elegance","floor":22,"damage_taken":0},{"event_name":"Vampires","player_choice":"Became a vampire","floor":24,"damage_taken":0}],"boss_relics":[{"not_picked":["Runic Pyramid","Tiny House"],"picked":"Eternal Feather"}],"potions_floor_spawned":[3,4,7,8,23],"seed_played":"1555393942458027118","killed_by":"Book of Stabbing","ascension_level":11,"is_trial":false}