{"path_per_floor":["M","?","M","$","?","R","M","R","T","M","?","M","E","?","R","B",null,"M","?","?","T","M","R","M","R","T","M","E","M","M","?","R","B",null,"M","?","M","?","?","R","E","R","T","M","$","M","M","M","R","B"],"character_chosen":"IRONCLAD","items_purchased":["Omamori","Toolbox","Bottled Flame","Toxic Egg 2","Self Forming Clay"],"gold_per_floor":[216,216,236,161,161,161,181,181,181,196,218,237,272,336,336,441,441,455,455,455,455,475,475,488,488,534,545,580,596,615,615,615,718,718,728,728,747,747,747,747,774,774,774,786,35,52,62,74,74,74],"floor_reached":51,"campfire_rested":3,"playtime":2807,"current_hp_per_floor":[68,68,68,68,68,68,64,64,64,59,56,49,32,29,53,11,63,28,28,28,28,29,29,23,47,47,41,21,16,11,37,61,50,73,67,67,76,66,66,66,76,76,76,82,82,83,83,83,83,70],"items_purged":["Strike_R","Blood for Blood"],"gold":74,"score":901,"play_id":"ef046e9e-cb83-42aa-b86b-660502523f55","local_time":"20180310030520","is_prod":false,"is_daily":false,"is_ascension_mode":true,"campfire_upgraded":6,"timestamp":1520676320,"path_taken":["M","?","M","$","?","R","M","R","T","M","?","M","E","?","R","BOSS","M","?","?","?","M","R","M","R","T","M","E","?","M","?","R","BOSS","M","?","M","?","?","R","E","R","T","M","$","M","?","M","R","BOSS"],"build_version":"2018-03-09","purchased_purges":2,"victory":true,"master_deck":["Bash+1","Entrench+1","Whirlwind+1","Entrench+1","Shockwave","True Grit","Flame Barrier","Shrug It Off","Barricade+1","Thunderclap+1","Dark Embrace","Evolve+1","Warcry+1","Battle Trance+1","Fiend Fire","Heavy Blade","Body Slam+1","Twin Strike","Iron Wave","Flex","Burning Pact","Body Slam+1","Shrug It Off+1","Madness","Madness","Shrug It Off+1","Entrench+1","Offering+1"],"max_hp_per_floor":[80,80,80,80,80,80,80,80,80,80,80,80,80,80,80,80,80,80,80,80,80,80,80,80,80,80,80,80,80,80,80,80,80,80,80,80,83,83,83,83,83,83,83,83,83,83,83,83,83,83],"relics":["Burning Blood","Dead Branch","Odd Mushroom","Prayer Wheel","Red Skull","Mark of Pain","Orichalcum","Happy Flower","Shuriken","Pandora\u0027s Box","Mercury Hourglass","The Courier","Omamori","Toolbox","Bottled Flame","Toxic Egg 2","Self Forming Clay"],"card_choices":[{"not_picked":["Clothesline","Havoc"],"picked":"Entrench"},{"not_picked":["Demon Form","Heavy Blade"],"picked":"Entrench"},{"not_picked":["Carnage","Sword Boomerang"],"picked":"Shockwave"},{"not_picked":["Inflame","Anger"],"picked":"True Grit"},{"not_picked":["Demon Form","Searing Blow"],"picked":"Flame Barrier"},{"not_picked":["Anger","Wild Strike"],"picked":"Shrug It Off"},{"not_picked":["Brutality","Berserk"],"picked":"Barricade"},{"not_picked":["Warcry","Uppercut"],"picked":"Thunderclap"},{"not_picked":["Anger","Armaments"],"picked":"Evolve"},{"not_picked":["Pommel Strike","Anger"],"picked":"Warcry"},{"not_picked":["Offering","Searing Blow"],"picked":"Battle Trance"},{"not_picked":["Bludgeon","Demon Form"],"picked":"Fiend Fire"},{"not_picked":["Inflame","Havoc"],"picked":"Body Slam"},{"not_picked":["Body Slam","Thunderclap"],"picked":"Shrug It Off"},{"not_picked":["Rampage","Uppercut"],"picked":"Shrug It Off"},{"not_picked":["Heavy Blade","Fire Breathing"],"picked":"Entrench"},{"not_picked":["Pummel","Thunderclap"],"picked":"Offering"}],"player_experience":508326,"potions_floor_usage":[13,16,28,28,35,41,50,50,50],"damage_taken":[{"damage":10,"enemies":"2 Louse","floor":1,"turns":2},{"damage":6,"enemies":"Cultist","floor":3,"turns":3},{"damage":10,"enemies":"Small Slimes","floor":7,"turns":2},{"damage":11,"enemies":"Looter","floor":10,"turns":2},{"damage":9,"enemies":"The Mushroom Lair","floor":11,"turns":2},{"damage":13,"enemies":"3 Louse","floor":12,"turns":3},{"damage":23,"enemies":"Lagavulin","floor":13,"turns":6},{"damage":9,"enemies":"3 Sentries","floor":14,"turns":4},{"damage":48,"enemies":"Hexaghost","floor":16,"turns":14},{"damage":41,"enemies":"3 Byrds","floor":18,"turns":5},{"damage":5,"enemies":"2 Thieves","floor":22,"turns":3},{"damage":12,"enemies":"Centurion and Healer","floor":24,"turns":10},{"damage":12,"enemies":"Cultist and Chosen","floor":27,"turns":6},{"damage":26,"enemies":"Slavers","floor":28,"turns":4},{"damage":11,"enemies":"Snake Plant","floor":29,"turns":5},{"damage":11,"enemies":"Centurion and Healer","floor":30,"turns":6},{"damage":17,"enemies":"Automaton","floor":33,"turns":15},{"damage":12,"enemies":"3 Darklings","floor":35,"turns":3},{"damage":0,"enemies":"3 Shapes","floor":37,"turns":6},{"damage":11,"enemies":"Nemesis","floor":41,"turns":7},{"damage":0,"enemies":"Maw","floor":44,"turns":7},{"damage":0,"enemies":"4 Shapes","floor":46,"turns":7},{"damage":0,"enemies":"Sphere and 2 Shapes","floor":47,"turns":5},{"damage":20,"enemies":"3 Darklings","floor":48,"turns":4},{"damage":19,"enemies":"Time Eater","floor":50,"turns":6}],"event_choices":[{"event_name":"Match and Keep!","player_choice":"1 cards matched","floor":2,"damage_taken":0},{"event_name":"Upgrade Shrine","player_choice":"Upgraded","floor":5,"damage_taken":0},{"event_name":"Mushrooms","player_choice":"Fought Mushrooms","floor":11,"damage_taken":0},{"event_name":"Dead Adventurer","player_choice":"Searched \u00272\u0027 times","floor":14,"damage_taken":0},{"event_name":"Transmorgrifier","player_choice":"Transform","floor":19,"damage_taken":0},{"event_name":"Match and Keep!","player_choice":"1 cards matched","floor":20,"damage_taken":0},{"event_name":"The Library","player_choice":"Heal","floor":31,"damage_taken":0},{"event_name":"Tomb of Lord Red Mask","player_choice":"Ignored","floor":36,"damage_taken":0},{"event_name":"Winding Halls","player_choice":"Embrace Madness","floor":38,"damage_taken":0}],"boss_relics":[{"not_picked":["Philosopher\u0027s Stone","Runic Pyramid"],"picked":"Mark of Pain"},{"not_picked":["Orrery","Runic Cube"],"picked":"Pandora\u0027s Box"}],"potions_floor_spawned":[7,12,14,14,22,27,28,33,37,47,48],"seed_played":"-1839707035475771728","ascension_level":6,"is_trial":false}