{"path_per_floor":["M","?","M","?","?","M","R","E","T","$","E","M","R","M","R","B",null,"M","$","?","M","$","R","T","?","T","E","M","M","R","M","R"],"character_chosen":"IRONCLAD","items_purchased":["Havoc","Jack Of All Trades"],"gold_per_floor":[117,117,129,129,79,92,92,131,131,5,43,68,68,89,89,213,213,234,40,40,54,54,54,103,103,126,164,187,212,212,225,225],"floor_reached":33,"campfire_rested":0,"playtime":980,"current_hp_per_floor":[68,50,55,55,55,59,59,53,53,53,30,30,30,36,36,9,54,49,49,49,57,57,57,64,48,48,27,37,43,43,45,45],"items_purged":["Defend_R","Strike_R"],"gold":225,"score":426,"play_id":"542882d9-d04b-4733-b72b-cbe9c3b65c1f","local_time":"20180304230143","is_prod":false,"is_daily":false,"is_ascension_mode":true,"campfire_upgraded":6,"timestamp":1520200903,"path_taken":["M","?","M","?","?","M","R","E","T","?","E","M","R","M","R","BOSS","M","$","?","?","?","R","?","?","T","E","M","M","R","M","R","BOSS"],"build_version":"2018-03-01-PROD1","purchased_purges":2,"victory":false,"master_deck":["Strike_R","Strike_R","Strike_R","Defend_R","Defend_R","Defend_R","Bash","Twin Strike","Pommel Strike","Clash+1","Shrug It Off","Havoc+1","Seeing Red","Second Wind+1","Offering+1","Thunderclap+1","Jack Of All Trades+1","Armaments+1","Dual Wield+1","Necronomicurse","Intimidate","Carnage+1","Sever Soul","Shrug It Off+1","True Grit+1"],"max_hp_per_floor":[69,69,69,69,69,69,69,69,69,69,69,69,69,69,69,69,69,69,69,69,69,69,69,76,76,76,76,76,76,76,76,76],"relics":["Black Blood","Bag of Preparation","Golden Idol","Mercury Hourglass","Prayer Wheel","Anchor","Strawberry","Necronomicon","Orichalcum","Paper Frog"],"card_choices":[{"not_picked":["Searing Blow","Anger"],"picked":"Twin Strike"},{"not_picked":["Wild Strike","Shockwave"],"picked":"Pommel Strike"},{"not_picked":["Warcry","Body Slam"],"picked":"Clash"},{"not_picked":["Body Slam","Bludgeon"],"picked":"Shrug It Off"},{"not_picked":["Metallicize","Uppercut"],"picked":"Seeing Red"},{"not_picked":["Wild Strike","Rupture"],"picked":"Second Wind"},{"not_picked":["Impervious","Reaper"],"picked":"Offering"},{"not_picked":["Anger","Perfected Strike"],"picked":"Thunderclap"},{"not_picked":["Warcry","Hemokinesis"],"picked":"Armaments"},{"not_picked":["Flex","Second Wind"],"picked":"Dual Wield"},{"not_picked":["Heavy Blade","Cleave"],"picked":"Intimidate"},{"not_picked":["Iron Wave","Anger"],"picked":"Carnage"},{"not_picked":["Impervious","Flex"],"picked":"Sever Soul"},{"not_picked":["Iron Wave","Warcry"],"picked":"Shrug It Off"},{"not_picked":["Sever Soul","Sword Boomerang"],"picked":"True Grit"}],"player_experience":293119,"potions_floor_usage":[16,16,21,27,33,33,33],"damage_taken":[{"damage":7,"enemies":"Small Slimes","floor":1,"turns":5},{"damage":1,"enemies":"Cultist","floor":3,"turns":3},{"damage":2,"enemies":"2 Louse","floor":6,"turns":3},{"damage":12,"enemies":"3 Sentries","floor":8,"turns":7},{"damage":29,"enemies":"Lagavulin","floor":11,"turns":6},{"damage":6,"enemies":"Looter","floor":12,"turns":3},{"damage":0,"enemies":"3 Louse","floor":14,"turns":2},{"damage":33,"enemies":"Slime Boss","floor":16,"turns":6},{"damage":15,"enemies":"3 Byrds","floor":18,"turns":4},{"damage":8,"enemies":"Spheric Guardian","floor":21,"turns":3},{"damage":31,"enemies":"Slavers","floor":27,"turns":5},{"damage":0,"enemies":"Snake Plant","floor":28,"turns":2},{"damage":4,"enemies":"Centurion and Healer","floor":29,"turns":2},{"damage":8,"enemies":"Slaver and Parasite","floor":31,"turns":3},{"damage":46,"enemies":"Champ","floor":33,"turns":6}],"event_choices":[{"event_name":"Scrap Ooze","player_choice":"success","floor":2,"damage_taken":18},{"event_name":"Golden Idol","player_choice":"Take Wound","floor":4,"damage_taken":0},{"event_name":"The Cleric","player_choice":"Card Removal","floor":5,"damage_taken":0},{"event_name":"The Lab","player_choice":"Got Potions","floor":20,"damage_taken":0},{"event_name":"Cursed Tome","player_choice":"Obtained Book","floor":25,"damage_taken":0}],"boss_relics":[{"not_picked":["Mark of Pain","Tiny House"],"picked":"Black Blood"}],"potions_floor_spawned":[1,6,12,18,29,31],"seed_played":"8979954945993110119","killed_by":"Champ","ascension_level":11,"is_trial":false}