{"path_per_floor":["M","$","M","?","M","R","E","?","T","R","E","M","?","M","R","B",null,"M","?","?","?","M","E","$","R","T","R","?","M","R","$","R","B",null,"M","?","M","?","?","R","E","R","T","M","$","?","R","M","R"],"character_chosen":"IRONCLAD","items_purchased":["Shrug It Off","Inflame","Dropkick","Deep Breath"],"gold_per_floor":[116,18,34,34,48,48,76,151,176,176,209,219,245,259,259,364,364,319,319,234,234,234,234,90,90,90,90,90,90,90,3,3,3,3,3,3,3,3,3,3,3,3,3,3,3,3,3,3,3],"floor_reached":50,"campfire_rested":3,"playtime":2249,"current_hp_per_floor":[80,80,80,80,80,80,54,43,43,43,31,20,8,12,36,10,80,60,60,60,60,59,20,20,20,20,20,20,33,33,33,33,30,56,26,19,38,38,38,38,18,34,34,33,33,33,33,38,54],"items_purged":["Defend_R"],"gold":3,"score":558,"play_id":"8ce72657-1c8f-42b2-a801-6311719459ba","local_time":"20180303125402","is_prod":false,"is_daily":false,"is_ascension_mode":true,"campfire_upgraded":5,"timestamp":1520106842,"path_taken":["M","$","M","?","?","R","E","?","T","R","E","M","?","M","R","BOSS","M","?","?","?","?","E","$","R","T","R","?","M","R","?","R","BOSS","M","?","M","?","?","R","E","R","T","M","$","?","R","?","R","BOSS"],"build_version":"2018-03-01-PROD1","purchased_purges":1,"victory":false,"master_deck":["Defend_R","Bash","True Grit","Burning Pact","Shrug It Off+1","Inflame","Flame Barrier+1","Flex+1","Body Slam+1","Rampage+1","Headbutt","Feel No Pain","Dropkick","Bite","Bite","Bite","Evolve+1","Deep Breath","Demon Form+1","Seeing Red+1","Sadistic Nature+1","Panache+1","Armaments+1","Madness","Madness","Searing Blow","Warcry+1"],"max_hp_per_floor":[80,80,80,80,80,80,80,80,80,80,80,80,80,80,80,80,80,80,80,80,80,80,80,80,80,80,80,56,56,56,56,56,56,56,56,56,56,56,56,56,56,56,56,56,56,56,56,56,56],"relics":["Burning Blood","Bird Faced Urn","Bronze Scales","Pen Nib","Odd Mushroom","Ectoplasm","Kunai","Calipers","Girya","Astrolabe","Lantern","Torii"],"card_choices":[{"not_picked":["Clash","Sword Boomerang"],"picked":"True Grit"},{"not_picked":["True Grit","Shockwave"],"picked":"Burning Pact"},{"not_picked":["Burning Pact","Havoc"],"picked":"Flame Barrier"},{"not_picked":["Thunderclap","True Grit"],"picked":"Flex"},{"not_picked":["True Grit","Clash"],"picked":"Body Slam"},{"not_picked":["Wild Strike","Headbutt"],"picked":"Rampage"},{"not_picked":["Havoc","Thunderclap"],"picked":"Headbutt"},{"not_picked":["Fiend Fire","Impervious"],"picked":"Immolate"},{"not_picked":["Cleave","Shrug It Off"],"picked":"Evolve"},{"not_picked":["Fiend Fire","Limit Break"],"picked":"Demon Form"},{"not_picked":["Cleave","Infernal Blade"],"picked":"Armaments"},{"not_picked":["Offering","Clash"],"picked":"Warcry"}],"player_experience":488314,"potions_floor_usage":[11,23,23,35,41,50,50,50],"damage_taken":[{"damage":1,"enemies":"2 Louse","floor":1,"turns":3},{"damage":0,"enemies":"Cultist","floor":3,"turns":3},{"damage":2,"enemies":"Jaw Worm","floor":5,"turns":4},{"damage":32,"enemies":"Lagavulin","floor":7,"turns":8},{"damage":20,"enemies":"3 Sentries","floor":11,"turns":6},{"damage":19,"enemies":"Exordium Thugs","floor":12,"turns":5},{"damage":18,"enemies":"The Mushroom Lair","floor":13,"turns":5},{"damage":4,"enemies":"Large Slime","floor":14,"turns":4},{"damage":34,"enemies":"The Guardian","floor":16,"turns":10},{"damage":28,"enemies":"2 Thieves","floor":18,"turns":4},{"damage":9,"enemies":"Chosen","floor":22,"turns":4},{"damage":49,"enemies":"Gremlin Leader","floor":23,"turns":8},{"damage":9,"enemies":"Centurion and Healer","floor":29,"turns":5},{"damage":33,"enemies":"Champ","floor":33,"turns":8},{"damage":56,"enemies":"3 Darklings","floor":35,"turns":11},{"damage":7,"enemies":"3 Shapes","floor":37,"turns":9},{"damage":57,"enemies":"Giant Head","floor":41,"turns":6},{"damage":27,"enemies":"Maw","floor":44,"turns":6},{"damage":19,"enemies":"Sphere and 2 Shapes","floor":48,"turns":8},{"damage":60,"enemies":"Awakened One","floor":50,"turns":2}],"event_choices":[{"event_name":"Upgrade Shrine","player_choice":"Upgraded","floor":4,"damage_taken":0},{"event_name":"World of Goop","player_choice":"Gather Gold","floor":8,"damage_taken":0},{"event_name":"Mushrooms","player_choice":"Fought Mushrooms","floor":13,"damage_taken":0},{"event_name":"Back to Basics","player_choice":"Elegance","floor":19,"damage_taken":0},{"event_name":"Addict","player_choice":"Obtained Relic","floor":20,"damage_taken":0},{"event_name":"Transmorgrifier","player_choice":"Transform","floor":21,"damage_taken":0},{"event_name":"Vampires","player_choice":"Became a vampire","floor":28,"damage_taken":0},{"event_name":"Winding Halls","player_choice":"Embrace Madness","floor":36,"damage_taken":0},{"event_name":"Transmorgrifier","player_choice":"Transform","floor":38,"damage_taken":0},{"event_name":"Upgrade Shrine","player_choice":"Upgraded","floor":39,"damage_taken":0},{"event_name":"The Lab","player_choice":"Got Potions","floor":46,"damage_taken":0}],"boss_relics":[{"not_picked":["Tiny House","Velvet Choker"],"picked":"Ectoplasm"},{"not_picked":["Runic Dome","Snecko Eye"],"picked":"Astrolabe"}],"potions_floor_spawned":[1,5,13,14,23,29,37,41],"seed_played":"1384448787757050805","killed_by":"Awakened One","ascension_level":4,"is_trial":false}