{"path_per_floor":["M","?","$","?","M","R","M","R","T","E","R","M","M","?","R","B",null,"M","M","M","?","$","R","M","R","T","E"],"character_chosen":"IRONCLAD","items_purchased":["Spot Weakness","Feel No Pain"],"gold_per_floor":[112,112,31,31,47,47,57,57,57,85,85,99,111,137,137,237,237,247,264,274,274,155,155,174,174,197,232],"floor_reached":28,"campfire_rested":1,"playtime":909,"current_hp_per_floor":[64,64,64,57,57,57,56,56,56,24,24,30,34,42,42,35,67,37,36,38,45,45,45,18,43,43,17],"items_purged":["Normality"],"gold":232,"score":421,"play_id":"717eb0cd-6341-46b8-ae56-b2254ddd8617","local_time":"20180311192025","is_prod":false,"is_daily":false,"is_ascension_mode":true,"campfire_upgraded":5,"timestamp":1520817625,"path_taken":["M","?","$","?","M","R","M","R","T","E","R","M","?","?","R","BOSS","M","M","M","?","$","R","M","R","T","E","M"],"build_version":"2018-03-09","purchased_purges":1,"victory":false,"master_deck":["Bash","Berserk","Body Slam+1","Spot Weakness+1","Corruption+1","Sword Boomerang","Seeing Red","Clash","Offering","Heavy Blade+1","Limit Break+1","Warcry","Headbutt","Clash","Iron Wave","Uppercut","Thunderclap","Flex","Twin Strike","Wild Strike","Evolve","Dropkick","Spot Weakness+1","Feel No Pain"],"max_hp_per_floor":[80,77,77,77,77,77,77,77,77,77,77,77,77,77,77,77,77,77,77,77,84,84,84,84,84,84,86],"relics":["Burning Blood","The Courier","Thread and Needle","War Paint","Odd Mushroom","Pandora\u0027s Box","Strawberry","Vajra","Singing Bowl"],"card_choices":[{"not_picked":["Warcry","Clash"],"picked":"Body Slam"},{"not_picked":["Clothesline","Pommel Strike"],"picked":"Corruption"},{"not_picked":["Perfected Strike","Dual Wield"],"picked":"Sword Boomerang"},{"not_picked":["Perfected Strike","Warcry"],"picked":"Seeing Red"},{"not_picked":["Flex","Ghostly Armor"],"picked":"Clash"},{"not_picked":["Thunderclap","Sword Boomerang"],"picked":"Offering"},{"not_picked":["Anger","Rampage"],"picked":"Heavy Blade"},{"not_picked":["Fiend Fire","Impervious"],"picked":"Limit Break"},{"not_picked":["Sever Soul","Carnage"],"picked":"Evolve"},{"not_picked":["Clothesline","True Grit"],"picked":"Dropkick"},{"not_picked":["Second Wind","Twin Strike"],"picked":"Spot Weakness"}],"player_experience":531288,"potions_floor_usage":[14,14,16,16,27],"damage_taken":[{"damage":14,"enemies":"2 Louse","floor":1,"turns":3},{"damage":6,"enemies":"Cultist","floor":5,"turns":4},{"damage":7,"enemies":"Jaw Worm","floor":7,"turns":4},{"damage":38,"enemies":"Gremlin Nob","floor":10,"turns":5},{"damage":0,"enemies":"2 Fungi Beasts","floor":12,"turns":2},{"damage":2,"enemies":"Large Slime","floor":13,"turns":2},{"damage":4,"enemies":"The Mushroom Lair","floor":14,"turns":3},{"damage":13,"enemies":"Hexaghost","floor":16,"turns":7},{"damage":36,"enemies":"2 Thieves","floor":18,"turns":3},{"damage":7,"enemies":"Chosen","floor":19,"turns":4},{"damage":4,"enemies":"Snecko","floor":20,"turns":3},{"damage":33,"enemies":"Snake Plant","floor":24,"turns":5},{"damage":34,"enemies":"Gremlin Leader","floor":27,"turns":5},{"damage":20,"enemies":"Cultist and Chosen","floor":28,"turns":2}],"event_choices":[{"event_name":"Purifier","player_choice":"One Purge","floor":2,"damage_taken":0},{"event_name":"Scrap Ooze","player_choice":"success","floor":4,"damage_taken":7},{"event_name":"Mushrooms","player_choice":"Fought Mushrooms","floor":14,"damage_taken":0},{"event_name":"Accursed Blacksmith","player_choice":"Rummage","floor":21,"damage_taken":0}],"boss_relics":[{"not_picked":["Runic Dome","Tiny House"],"picked":"Pandora\u0027s Box"}],"potions_floor_spawned":[10,12,13,14,18],"seed_played":"1372389988857340455","killed_by":"Cultist and Chosen","ascension_level":12,"is_trial":false}