{"path_per_floor":["M","$","M","M","M","R","E","R","T","M","M","?","E","M","R","B",null,"M","$","?","?","$","E","R","M","T"],"character_chosen":"IRONCLAD","items_purchased":["Finesse"],"gold_per_floor":[110,35,46,56,45,45,72,72,99,111,127,127,160,171,171,274,274,285,185,110,110,11,36,36,56,56],"floor_reached":27,"campfire_rested":3,"playtime":800,"current_hp_per_floor":[80,80,80,80,69,69,34,58,58,50,49,31,29,30,54,45,80,53,53,53,53,53,21,45,41,41],"items_purged":["Strike_R","Pommel Strike"],"gold":56,"score":243,"play_id":"7ae1171f-7e9b-465e-ab88-2b7f9e51dd34","local_time":"20180308183058","is_prod":false,"is_daily":false,"is_ascension_mode":false,"campfire_upgraded":1,"timestamp":1520551858,"path_taken":["M","?","M","M","M","R","E","R","T","M","?","?","E","M","R","BOSS","M","$","?","?","?","E","R","M","T","?"],"build_version":"2018-03-01-PROD1","purchased_purges":2,"victory":false,"master_deck":["Strike_R","Strike_R","Strike_R","Defend_R","Defend_R","Defend_R","Bash+1","Rampage","Flex","Clothesline","Ghostly Armor","Rampage","Inflame","Pommel Strike","Shrug It Off","Feed","Finesse","Power Through","Flex+1"],"max_hp_per_floor":[80,80,80,80,80,80,80,80,80,80,80,80,80,80,80,80,80,83,83,83,83,83,83,83,83,83],"relics":["Burning Blood","NeowsBlessing","Pen Nib","Oddly Smooth Stone","Sundial","Champion Belt","Black Star","Bronze Scales","Lantern","Girya"],"card_choices":[{"not_picked":["Seeing Red","Wild Strike"],"picked":"Rampage"},{"not_picked":["Power Through","Searing Blow"],"picked":"Flex"},{"not_picked":["Hemokinesis","Flame Barrier"],"picked":"Clothesline"},{"not_picked":["Armaments","Thunderclap"],"picked":"Ghostly Armor"},{"not_picked":["Warcry","Demon Form"],"picked":"Rampage"},{"not_picked":["Ghostly Armor","Clash"],"picked":"Inflame"},{"not_picked":["Intimidate","True Grit"],"picked":"Pommel Strike"},{"not_picked":["Heavy Blade","Seeing Red"],"picked":"Shrug It Off"},{"not_picked":["Berserk","Immolate"],"picked":"Feed"},{"not_picked":["Wild Strike","Iron Wave"],"picked":"Pommel Strike"},{"not_picked":["Rage","Armaments"],"picked":"Power Through"},{"not_picked":["Reckless Charge","Burning Pact"],"picked":"Flex"}],"player_experience":123069,"potions_floor_usage":[7,13,13,16,18,23],"damage_taken":[{"damage":0,"enemies":"Cultist","floor":1,"turns":1},{"damage":0,"enemies":"Small Slimes","floor":3,"turns":1},{"damage":0,"enemies":"2 Louse","floor":4,"turns":1},{"damage":17,"enemies":"Exordium Thugs","floor":5,"turns":4},{"damage":41,"enemies":"Gremlin Nob","floor":7,"turns":5},{"damage":14,"enemies":"Exordium Wildlife","floor":10,"turns":3},{"damage":7,"enemies":"3 Louse","floor":11,"turns":3},{"damage":8,"enemies":"Lagavulin","floor":13,"turns":6},{"damage":5,"enemies":"Blue Slaver","floor":14,"turns":3},{"damage":30,"enemies":"Hexaghost","floor":16,"turns":8},{"damage":36,"enemies":"2 Thieves","floor":18,"turns":4},{"damage":38,"enemies":"Book of Stabbing","floor":23,"turns":6},{"damage":10,"enemies":"Spheric Guardian","floor":25,"turns":5},{"damage":51,"enemies":"Slaver and Parasite","floor":27,"turns":5}],"event_choices":[{"event_name":"Scrap Ooze","player_choice":"success","floor":12,"damage_taken":18},{"event_name":"Beggar","player_choice":"Gave Gold","floor":20,"damage_taken":0},{"event_name":"Bonfire Elementals","player_choice":"BASIC","floor":21,"damage_taken":0}],"boss_relics":[{"not_picked":["Philosopher\u0027s Stone","Eternal Feather"],"picked":"Black Star"}],"potions_floor_spawned":[1,7,11,14,16,18],"seed_played":"-2951419448547382245","killed_by":"Slaver and Parasite","ascension_level":0,"is_trial":false}