{"path_per_floor":["M","?","?","$","?","R","T","R","T","E","R","M","M","E","R","B",null,"M","?","T","M","M","R","E","R","T","R","M","?","E","?","R","B",null,"M","?","?","$","?","R","M","R","T","?","R","E","$","M","R","B"],"character_chosen":"IRONCLAD","items_purchased":["Juzu Bracelet","Flash of Steel","Thunderclap","Deep Breath","Anchor"],"gold_per_floor":[117,292,292,64,64,64,64,64,64,90,90,103,115,149,149,248,248,265,190,217,227,239,239,267,267,267,267,281,281,315,230,230,327,327,341,441,441,211,211,211,222,222,275,275,275,302,62,77,77,77],"floor_reached":51,"campfire_rested":4,"playtime":1740,"current_hp_per_floor":[66,66,52,52,52,52,52,52,52,38,59,59,65,31,52,19,59,9,9,9,15,26,51,57,63,63,69,76,76,47,47,75,77,79,84,84,84,84,84,84,88,88,95,86,92,83,83,87,93,78],"items_purged":["Doubt","Strike_R"],"gold":77,"score":906,"play_id":"2d7d3607-ac6e-469e-9b5b-62dd9cd8f099","local_time":"20180310013429","is_prod":false,"is_daily":false,"is_ascension_mode":true,"campfire_upgraded":8,"timestamp":1520670869,"path_taken":["M","?","?","$","?","R","?","R","T","E","R","M","M","E","R","BOSS","M","?","?","M","M","R","E","R","T","R","M","?","E","?","R","BOSS","M","?","?","$","?","R","M","R","T","?","R","E","$","M","R","BOSS"],"build_version":"2018-03-09","purchased_purges":3,"victory":true,"master_deck":["Defend_R+1","Defend_R","Bash+1","Bludgeon+1","Limit Break+1","Burning Pact+1","Thunderclap","Reaper","Double Tap+1","Flex+1","Feed+1","Warcry+1","Offering+1","Flash of Steel+1","Thunderclap","Disarm","Deep Breath+1","Twin Strike+1"],"max_hp_per_floor":[72,72,72,72,72,72,72,72,72,72,72,72,72,72,72,72,72,72,72,72,72,72,72,72,72,72,72,76,76,76,76,76,80,80,84,84,84,84,84,84,88,88,95,95,95,99,99,99,99,99],"relics":["Burning Blood","Juzu Bracelet","Charon\u0027s Ashes","Torii","Bag of Preparation","Bag of Marbles","Eternal Feather","Orichalcum","Calipers","Thread and Needle","Mercury Hourglass","Vajra","Sozu","Strawberry","Letter Opener","Anchor"],"card_choices":[{"not_picked":["Twin Strike","Ghostly Armor"],"picked":"Burning Pact"},{"not_picked":["Ghostly Armor","Bloodletting"],"picked":"Thunderclap"},{"not_picked":["Power Through","Warcry"],"picked":"Reaper"},{"not_picked":["Immolate","Fiend Fire"],"picked":"Double Tap"},{"not_picked":["Wild Strike","Havoc"],"picked":"Flex"},{"not_picked":["Sword Boomerang","Cleave"],"picked":"Feed"},{"not_picked":["Dark Embrace","Pommel Strike"],"picked":"Warcry"},{"not_picked":["Double Tap","Exhume"],"picked":"Offering"},{"not_picked":["Ghostly Armor","Searing Blow"],"picked":"Disarm"},{"not_picked":["Fire Breathing","Clash"],"picked":"Twin Strike"}],"player_experience":504099,"potions_floor_usage":[24,24,30,33],"damage_taken":[{"damage":12,"enemies":"Jaw Worm","floor":1,"turns":2},{"damage":20,"enemies":"3 Sentries","floor":10,"turns":6},{"damage":6,"enemies":"Small Slimes","floor":12,"turns":2},{"damage":0,"enemies":"2 Louse","floor":13,"turns":2},{"damage":40,"enemies":"Lagavulin","floor":14,"turns":4},{"damage":51,"enemies":"Slime Boss","floor":16,"turns":9},{"damage":56,"enemies":"Spheric Guardian","floor":18,"turns":6},{"damage":24,"enemies":"2 Thieves","floor":21,"turns":4},{"damage":1,"enemies":"Snecko","floor":22,"turns":3},{"damage":21,"enemies":"Gremlin Leader","floor":24,"turns":5},{"damage":7,"enemies":"3 Cultists","floor":28,"turns":6},{"damage":35,"enemies":"Book of Stabbing","floor":30,"turns":5},{"damage":44,"enemies":"Collector","floor":33,"turns":6},{"damage":4,"enemies":"Orb Walker","floor":35,"turns":2},{"damage":4,"enemies":"3 Darklings","floor":41,"turns":1},{"damage":19,"enemies":"Nemesis","floor":46,"turns":3},{"damage":22,"enemies":"Maw","floor":48,"turns":4},{"damage":21,"enemies":"Donu and Deca","floor":50,"turns":3}],"event_choices":[{"event_name":"Liars Game","player_choice":"agreed","floor":2,"damage_taken":0},{"event_name":"Shining Light","player_choice":"Entered Light","floor":3,"damage_taken":0},{"event_name":"Living Wall","player_choice":"Grow","floor":5,"damage_taken":0},{"event_name":"Beggar","player_choice":"Gave Gold","floor":19,"damage_taken":0},{"event_name":"Back to Basics","player_choice":"Elegance","floor":29,"damage_taken":0},{"event_name":"Addict","player_choice":"Obtained Relic","floor":31,"damage_taken":0},{"event_name":"Golden Shrine","player_choice":"Pray","floor":36,"damage_taken":0},{"event_name":"Purifier","player_choice":"One Purge","floor":37,"damage_taken":0},{"event_name":"Wheel of Change","player_choice":"Damage","floor":44,"damage_taken":0}],"boss_relics":[{"not_picked":["Lizard Tail","Runic Pyramid"],"picked":"Eternal Feather"},{"not_picked":["Astrolabe","Calling Bell"],"picked":"Sozu"}],"potions_floor_spawned":[10,16,21,22,28,30,35,41,48],"seed_played":"6142009579799032548","ascension_level":5,"is_trial":false}