{"path_per_floor":["M","$","?","M","M","?","M","R","T","R","?","M","?","M","R","B",null,"M","?","M","$","?","R","M","R","T","R","E","R","M","M","R"],"character_chosen":"IRONCLAD","items_purchased":["Metallicize"],"gold_per_floor":[110,73,148,168,178,178,191,191,191,191,220,239,239,255,255,352,352,370,370,388,313,313,313,327,327,352,352,411,411,426,438,438],"floor_reached":33,"campfire_rested":1,"playtime":1096,"current_hp_per_floor":[78,78,67,73,79,72,69,69,69,69,75,75,68,63,63,45,71,62,62,66,66,58,58,60,60,60,60,49,73,80,80,80],"items_purged":["Pain"],"gold":438,"score":398,"play_id":"b5d1c67a-f986-47ba-833a-227c20359284","local_time":"20180307192811","is_prod":false,"is_daily":false,"is_ascension_mode":true,"campfire_upgraded":7,"timestamp":1520472491,"path_taken":["M","$","?","M","?","?","M","R","T","R","?","M","?","M","R","BOSS","M","?","M","$","?","R","M","R","T","R","E","R","M","M","R","BOSS"],"build_version":"2018-03-01-PROD1","purchased_purges":1,"victory":false,"master_deck":["Strike_R+1","Strike_R+1","Strike_R+1","Strike_R+1","Defend_R+1","Defend_R+1","Defend_R+1","Defend_R+1","Bash","Parasite","Battle Trance","Metallicize+1","Cleave","Shockwave+1","Pommel Strike+1","Flame Barrier+1","Flame Barrier+1","Metallicize+1","Offering","Injury","Doubt","Shrug It Off","Battle Trance","True Grit+1","Inflame+1"],"max_hp_per_floor":[80,80,80,80,80,80,80,80,80,80,80,80,80,80,80,80,80,80,80,80,80,80,80,80,80,80,80,80,80,80,80,80],"relics":["Burning Blood","NeowsBlessing","Bronze Scales","Du-Vu Doll","Odd Mushroom","Calling Bell","Happy Flower","Thread and Needle","Champion Belt","Blood Vial","Tiny Chest"],"card_choices":[{"not_picked":["Second Wind","Heavy Blade"],"picked":"Battle Trance"},{"not_picked":["Feel No Pain","Pommel Strike"],"picked":"Cleave"},{"not_picked":["Headbutt","Anger"],"picked":"Shockwave"},{"not_picked":["Havoc","Perfected Strike"],"picked":"Pommel Strike"},{"not_picked":["Bloodletting","Entrench"],"picked":"Flame Barrier"},{"not_picked":["Headbutt","Armaments"],"picked":"Flame Barrier"},{"not_picked":["Battle Trance","True Grit"],"picked":"Metallicize"},{"not_picked":["Exhume","Feed"],"picked":"Offering"},{"not_picked":["Carnage","Disarm"],"picked":"Shrug It Off"},{"not_picked":["Sword Boomerang","Pommel Strike"],"picked":"Battle Trance"},{"not_picked":["Fiend Fire","Bloodletting"],"picked":"True Grit"},{"not_picked":["Ghostly Armor","Cleave"],"picked":"Inflame"}],"player_experience":331404,"potions_floor_usage":[7,11,16,33],"damage_taken":[{"damage":0,"enemies":"2 Louse","floor":1,"turns":1},{"damage":0,"enemies":"Cultist","floor":4,"turns":1},{"damage":0,"enemies":"Jaw Worm","floor":5,"turns":1},{"damage":9,"enemies":"3 Louse","floor":7,"turns":4},{"damage":0,"enemies":"The Mushroom Lair","floor":11,"turns":3},{"damage":6,"enemies":"Looter","floor":12,"turns":3},{"damage":11,"enemies":"Exordium Thugs","floor":14,"turns":5},{"damage":24,"enemies":"The Guardian","floor":16,"turns":14},{"damage":15,"enemies":"2 Thieves","floor":18,"turns":4},{"damage":2,"enemies":"3 Byrds","floor":20,"turns":1},{"damage":4,"enemies":"Centurion and Healer","floor":24,"turns":5},{"damage":19,"enemies":"Book of Stabbing","floor":28,"turns":7},{"damage":0,"enemies":"Sentry and Sphere","floor":30,"turns":6},{"damage":0,"enemies":"Snecko","floor":31,"turns":8},{"damage":85,"enemies":"Champ","floor":33,"turns":16}],"event_choices":[{"event_name":"World of Goop","player_choice":"Gather Gold","floor":3,"damage_taken":0},{"event_name":"Scrap Ooze","player_choice":"success","floor":6,"damage_taken":7},{"event_name":"Mushrooms","player_choice":"Fought Mushrooms","floor":11,"damage_taken":0},{"event_name":"Golden Wing","player_choice":"Card Removal","floor":13,"damage_taken":0},{"event_name":"Back to Basics","player_choice":"Simplicity","floor":19,"damage_taken":0},{"event_name":"Knowing Skull","player_choice":"","floor":22,"damage_taken":0}],"boss_relics":[{"not_picked":["Runic Dome","Runic Cube"],"picked":"Calling Bell"}],"potions_floor_spawned":[1,4,11,14,20,24,30],"seed_played":"-692051351718804084","killed_by":"Champ","ascension_level":11,"is_trial":false}