{"path_per_floor":["M","?","M","M","$","R","?","$","T","R","?","R","M","M","R","B",null,"M","$","?","M","$","R","$","M","T","$","?","R","?","M","R"],"character_chosen":"IRONCLAD","items_purchased":[],"gold_per_floor":[118,68,83,99,24,24,24,24,50,50,50,50,68,83,83,186,186,200,100,25,35,35,35,35,49,73,73,73,73,73,88,88],"floor_reached":33,"campfire_rested":3,"playtime":720,"current_hp_per_floor":[66,66,67,72,72,72,72,72,72,72,72,72,65,57,57,16,80,39,39,39,11,11,35,35,7,7,7,7,31,31,16,40],"items_purged":["Strike_R","Strike_R"],"gold":88,"score":233,"play_id":"7ec8ff63-13e5-4e1c-8f55-f7d16d21070e","local_time":"20180313003210","is_prod":false,"is_daily":false,"is_ascension_mode":false,"campfire_upgraded":4,"timestamp":1520915530,"path_taken":["M","?","M","M","$","R","?","?","T","R","?","R","M","M","R","BOSS","M","$","?","?","$","R","$","M","T","?","?","R","?","M","R","BOSS"],"build_version":"2018-03-09","purchased_purges":2,"victory":false,"master_deck":["Defend_R","Defend_R+1","Defend_R","Defend_R","Bash+1","Rampage+1","Heavy Blade+1","Dropkick+1","Flex","Sever Soul"],"max_hp_per_floor":[80,80,80,80,80,80,80,80,80,80,80,80,80,80,80,80,80,80,80,80,80,80,80,80,80,80,80,80,80,80,80,80],"relics":["Burning Blood","Whetstone","Black Star","Ancient Tea Set"],"card_choices":[{"not_picked":["Feel No Pain","Ghostly Armor"],"picked":"Rampage"},{"not_picked":["True Grit","Headbutt"],"picked":"Heavy Blade"},{"not_picked":["Inflame","Pummel"],"picked":"Dropkick"},{"not_picked":["Flame Barrier","Clothesline"],"picked":"Flex"}],"player_experience":351371,"potions_floor_usage":[18,25,25],"damage_taken":[{"damage":20,"enemies":"2 Louse","floor":1,"turns":3},{"damage":5,"enemies":"Small Slimes","floor":3,"turns":4},{"damage":1,"enemies":"Cultist","floor":4,"turns":3},{"damage":13,"enemies":"Red Slaver","floor":13,"turns":4},{"damage":14,"enemies":"Blue Slaver","floor":14,"turns":4},{"damage":47,"enemies":"Slime Boss","floor":16,"turns":7},{"damage":47,"enemies":"3 Byrds","floor":18,"turns":6},{"damage":34,"enemies":"Spheric Guardian","floor":21,"turns":5},{"damage":34,"enemies":"Snake Plant","floor":25,"turns":6},{"damage":21,"enemies":"Centurion and Healer","floor":31,"turns":7},{"damage":82,"enemies":"Automaton","floor":33,"turns":6}],"event_choices":[{"event_name":"The Cleric","player_choice":"Card Removal","floor":2,"damage_taken":0},{"event_name":"Upgrade Shrine","player_choice":"Upgraded","floor":7,"damage_taken":0},{"event_name":"Golden Idol","player_choice":"Ignored","floor":11,"damage_taken":0},{"event_name":"Beggar","player_choice":"Gave Gold","floor":20,"damage_taken":0},{"event_name":"The Mausoleum","player_choice":"No","floor":28,"damage_taken":0},{"event_name":"Transmorgrifier","player_choice":"Transform","floor":30,"damage_taken":0}],"boss_relics":[{"not_picked":["Eternal Feather","Runic Cube"],"picked":"Black Star"}],"potions_floor_spawned":[1,3,18,25],"seed_played":"6750762302531380703","killed_by":"Automaton","ascension_level":0,"is_trial":false}