{"path_per_floor":["M","$","?","M","M","E","R","M","T","R","M","R","?","M","R","B",null,"M","?","?","?","M","R","E"],"character_chosen":"IRONCLAD","items_purchased":[],"gold_per_floor":[115,40,215,234,247,279,279,293,293,293,310,310,310,330,330,426,426,438,353,353,353,372,372,402],"floor_reached":25,"campfire_rested":2,"playtime":781,"current_hp_per_floor":[78,77,77,77,77,32,32,30,30,30,25,25,25,28,51,34,66,60,60,60,36,22,45,11],"items_purged":["Parasite"],"gold":402,"score":342,"play_id":"f20163c3-a79a-4b2e-b689-5302d004fc8e","local_time":"20180306191104","is_prod":false,"is_daily":false,"is_ascension_mode":true,"campfire_upgraded":3,"timestamp":1520359864,"path_taken":["M","$","?","?","M","E","R","M","T","R","M","R","?","M","R","BOSS","M","?","?","?","M","R","E","M"],"build_version":"2018-03-01-PROD1","purchased_purges":1,"victory":false,"master_deck":["Bash","Iron Wave","Metallicize+1","Inflame","Disarm","Havoc+1","Exhume+1","Flex","Limit Break","Uppercut","Havoc","True Grit","Pummel","Corruption","Intimidate","Clash","Twin Strike","Disarm","Blind","Deep Breath","Flex+1"],"max_hp_per_floor":[80,77,77,77,77,77,77,77,77,77,77,77,77,77,77,77,77,77,77,77,77,77,77,77],"relics":["Burning Blood","NeowsBlessing","Bronze Scales","Matryoshka","Spirit Poop","Pandora\u0027s Box","Ancient Tea Set","Toolbox"],"card_choices":[{"not_picked":["Twin Strike","Anger"],"picked":"Iron Wave"},{"not_picked":["Feel No Pain","Clash"],"picked":"Metallicize"},{"not_picked":["Dropkick","Armaments"],"picked":"Inflame"},{"not_picked":["Pummel","Corruption"],"picked":"Disarm"},{"not_picked":["Clothesline","Ghostly Armor"],"picked":"Havoc"},{"not_picked":["True Grit","Perfected Strike"],"picked":"Exhume"},{"not_picked":["Headbutt","True Grit"],"picked":"Flex"},{"not_picked":["Barricade","Dark Embrace"],"picked":"Limit Break"},{"not_picked":["Thunderclap","Clothesline"],"picked":"Disarm"},{"not_picked":["Rage","Sword Boomerang"],"picked":"Flex"}],"player_experience":300947,"potions_floor_usage":[6,11,16,16],"damage_taken":[{"damage":0,"enemies":"Jaw Worm","floor":1,"turns":1},{"damage":0,"enemies":"Cultist","floor":4,"turns":1},{"damage":0,"enemies":"2 Louse","floor":5,"turns":1},{"damage":63,"enemies":"Lagavulin","floor":6,"turns":9},{"damage":8,"enemies":"Exordium Thugs","floor":8,"turns":5},{"damage":11,"enemies":"3 Louse","floor":11,"turns":3},{"damage":3,"enemies":"2 Fungi Beasts","floor":14,"turns":4},{"damage":23,"enemies":"Hexaghost","floor":16,"turns":12},{"damage":12,"enemies":"Chosen","floor":18,"turns":6},{"damage":20,"enemies":"Shell Parasite","floor":22,"turns":6},{"damage":40,"enemies":"Book of Stabbing","floor":24,"turns":7},{"damage":15,"enemies":"Cultist and Chosen","floor":25,"turns":3}],"event_choices":[{"event_name":"Liars Game","player_choice":"agreed","floor":3,"damage_taken":0},{"event_name":"Bonfire Elementals","player_choice":"CURSE","floor":13,"damage_taken":0},{"event_name":"Addict","player_choice":"Obtained Relic","floor":19,"damage_taken":0},{"event_name":"Back to Basics","player_choice":"Elegance","floor":20,"damage_taken":0},{"event_name":"Knowing Skull","player_choice":"CARD CARD ","floor":21,"damage_taken":0}],"boss_relics":[{"not_picked":["Ectoplasm","Question Card"],"picked":"Pandora\u0027s Box"}],"potions_floor_spawned":[5,8,11,14,18],"seed_played":"8274448021099722683","killed_by":"Cultist and Chosen","ascension_level":11,"is_trial":false}