{"path_per_floor":["M","M","M","M","M","R","?","?","T","R","E","R","M","M","R","B",null,"M","?","M","?","M"],"character_chosen":"IRONCLAD","items_purchased":[],"gold_per_floor":[20,37,49,63,73,73,95,95,118,118,146,146,156,171,171,250,250,268,268,287,287,301,301],"floor_reached":23,"campfire_rested":2,"playtime":727,"current_hp_per_floor":[67,66,69,60,54,54,34,34,34,58,42,42,32,23,47,19,65,50,35,23,23,20,0],"items_purged":[],"gold":301,"score":322,"play_id":"b8f8eefe-d7c0-4a13-928d-4c261ff212a3","local_time":"20180323180915","is_prod":false,"is_daily":false,"is_ascension_mode":true,"campfire_upgraded":1,"timestamp":1521846555,"path_taken":["M","M","M","M","M","R","?","?","T","R","E","R","M","M","R","BOSS","M","?","M","?","?","E"],"build_version":"2018-03-22v2","purchased_purges":0,"victory":false,"master_deck":["Strike_R","Strike_R","Defend_R","Defend_R","Defend_R","Defend_R","Bash","AscendersBane","Spot Weakness","Heavy Blade","Limit Break+1","Heavy Blade","Sword Boomerang","Battle Trance","Flex","Battle Trance","Offering","Whirlwind","Shockwave","Metallicize"],"max_hp_per_floor":[80,80,80,80,80,80,80,80,80,80,80,80,80,80,80,80,80,80,85,85,85,85,85],"relics":["Burning Blood","Odd Mushroom","Bag of Marbles","Girya","Runic Cube"],"card_choices":[{"not_picked":["Evolve","Anger"],"picked":"Spot Weakness","floor":1.0},{"not_picked":["Clothesline","Iron Wave"],"picked":"Heavy Blade","floor":2.0},{"not_picked":["Sever Soul","Reckless Charge"],"picked":"Limit Break","floor":3.0},{"not_picked":["Infernal Blade","Pommel Strike"],"picked":"Heavy Blade","floor":4.0},{"not_picked":["Headbutt","Rupture"],"picked":"Sword Boomerang","floor":5.0},{"not_picked":["Armaments","Second Wind"],"picked":"Battle Trance","floor":7.0},{"not_picked":["Hemokinesis","Twin Strike"],"picked":"Flex","floor":11.0},{"not_picked":["Bloodletting","Dual Wield"],"picked":"Battle Trance","floor":13.0},{"not_picked":["Immolate","Dark Embrace"],"picked":"Offering","floor":16.0},{"not_picked":["Searing Blow","Hemokinesis"],"picked":"Whirlwind","floor":18.0},{"not_picked":["Heavy Blade","Perfected Strike"],"picked":"Shockwave","floor":20},{"not_picked":["Warcry","Sword Boomerang"],"picked":"Metallicize","floor":22}],"player_experience":384177,"potions_floor_usage":[],"damage_taken":[{"damage":11.0,"enemies":"Jaw Worm","floor":1.0,"turns":8.0},{"damage":7.0,"enemies":"Small Slimes","floor":2.0,"turns":3.0},{"damage":3.0,"enemies":"2 Louse","floor":3.0,"turns":2.0},{"damage":15.0,"enemies":"Gremlin Gang","floor":4.0,"turns":6.0},{"damage":12.0,"enemies":"Looter","floor":5.0,"turns":3.0},{"damage":26.0,"enemies":"The Mushroom Lair","floor":7.0,"turns":4.0},{"damage":22.0,"enemies":"Gremlin Nob","floor":11.0,"turns":3.0},{"damage":16.0,"enemies":"3 Louse","floor":13.0,"turns":3.0},{"damage":15.0,"enemies":"Large Slime","floor":14.0,"turns":3.0},{"damage":34.0,"enemies":"Slime Boss","floor":16.0,"turns":8.0},{"damage":21.0,"enemies":"3 Byrds","floor":18.0,"turns":4.0},{"damage":18,"enemies":"Shell Parasite","floor":20,"turns":2},{"damage":9,"enemies":"Centurion and Healer","floor":22,"turns":4},{"damage":22,"enemies":"Gremlin Leader","floor":23,"turns":3}],"event_choices":[{"event_name":"Mushrooms","player_choice":"Fought Mushrooms","floor":7.0,"damage_taken":0.0},{"event_name":"Wheel of Change","player_choice":"Card Removal","floor":8.0,"damage_taken":0.0},{"event_name":"Forgotten Altar","player_choice":"Shed Blood","floor":19.0,"damage_taken":0.0},{"event_name":"Vampires","player_choice":"Ignored","floor":21,"damage_taken":0}],"boss_relics":[],"potions_floor_spawned":[1,4,7],"seed_played":"6682335671315989065","killed_by":"Gremlin Leader","ascension_level":13,"is_trial":false}