{"path_per_floor":["M","?","M","M","M","R","M","M","T","M","M","?"],"character_chosen":"IRONCLAD","items_purchased":[],"gold_per_floor":[110,110,124,136,154,154,169,189,216,233,249,249,249],"floor_reached":13,"campfire_rested":0,"playtime":494,"current_hp_per_floor":[65,47,54,59,57,57,58,62,62,23,37,37,25],"items_purged":[],"gold":249,"score":130,"play_id":"7f970416-95ba-42e6-868e-a37ca992e362","local_time":"20180325180432","is_prod":false,"is_daily":false,"is_ascension_mode":true,"campfire_upgraded":1,"timestamp":1521993872,"path_taken":["M","?","M","?","M","R","?","M","T","M","M","?","M"],"build_version":"2018-03-22v2","purchased_purges":0,"victory":false,"master_deck":["Strike_R","Strike_R","Strike_R","Strike_R","Strike_R","Defend_R","Defend_R","Defend_R","Defend_R","Bash","AscendersBane","Shrug It Off","Iron Wave+1","Limit Break","Sentinel","Sword Boomerang","Pommel Strike","Havoc"],"max_hp_per_floor":[80,80,80,80,80,80,80,80,80,80,80,74,74],"relics":["Burning Blood","Meat on the Bone","Ancient Tea Set","Golden Idol"],"card_choices":[{"not_picked":["Power Through","Sword Boomerang"],"picked":"Shrug It Off","floor":1},{"not_picked":["Anger","Warcry"],"picked":"Iron Wave","floor":3},{"not_picked":["Havoc","Heavy Blade"],"picked":"Limit Break","floor":4},{"not_picked":["Thunderclap","Ghostly Armor"],"picked":"Sentinel","floor":5},{"not_picked":["Thunderclap","Anger"],"picked":"Sword Boomerang","floor":7},{"not_picked":["Seeing Red","Clash"],"picked":"Pommel Strike","floor":10},{"not_picked":["Shrug It Off","Shockwave"],"picked":"Havoc","floor":11}],"player_experience":308213,"potions_floor_usage":[8],"damage_taken":[{"damage":13,"enemies":"Small Slimes","floor":1,"turns":6},{"damage":11,"enemies":"Jaw Worm","floor":3,"turns":4},{"damage":1,"enemies":"Cultist","floor":4,"turns":4},{"damage":20,"enemies":"Gremlin Gang","floor":5,"turns":9},{"damage":17,"enemies":"3 Louse","floor":7,"turns":7},{"damage":2,"enemies":"2 Fungi Beasts","floor":8,"turns":4},{"damage":57,"enemies":"Exordium Wildlife","floor":10,"turns":11},{"damage":4,"enemies":"Blue Slaver","floor":11,"turns":5},{"damage":12,"enemies":"Gremlin Gang","floor":13,"turns":2}],"event_choices":[{"event_name":"Scrap Ooze","player_choice":"success","floor":2,"damage_taken":18},{"event_name":"Golden Idol","player_choice":"Lose Max HP","floor":12,"damage_taken":0}],"boss_relics":[],"potions_floor_spawned":[1,7,10],"seed_played":"5218122283165852559","killed_by":"Gremlin Gang","ascension_level":12,"is_trial":false}