{"path_per_floor":["M","?","M","M","$","R","M","R","T","R","E","R","?","M","R","B",null,"M","?","?","$","M","R","M","R","T","M","R","M"],"character_chosen":"IRONCLAD","items_purchased":["Evolve"],"gold_per_floor":[109,109,124,147,1,1,19,19,19,19,62,62,95,109,109,234,234,254,179,179,79,93,93,109,109,409,424,424,437],"floor_reached":30,"campfire_rested":5,"playtime":927,"current_hp_per_floor":[71,71,67,65,65,65,57,57,57,57,37,58,55,34,55,25,60,46,46,46,46,14,35,12,33,33,25,46,9],"items_purged":["Parasite","Strike_R"],"gold":437,"score":368,"play_id":"7572dc48-1421-4558-adb9-255e46902f89","local_time":"20180318113252","is_prod":false,"is_daily":false,"is_ascension_mode":true,"campfire_upgraded":3,"timestamp":1521390772,"path_taken":["M","?","M","M","$","R","M","R","T","R","E","R","?","M","R","BOSS","M","?","?","$","M","R","M","R","T","?","R","M","M"],"build_version":"2018-03-15v3","purchased_purges":3,"victory":false,"master_deck":["Strike_R","Strike_R","Strike_R","Defend_R","Defend_R","Defend_R","Defend_R","Bash+1","Thunderclap","Inflame","Rage+1","Evolve+1","Pommel Strike","Wild Strike","Anger","Demon Form","Armaments","Pommel Strike","Shrug It Off","Shrug It Off"],"max_hp_per_floor":[80,74,74,74,71,71,71,71,71,71,71,71,71,71,71,71,71,71,71,71,71,71,71,71,71,71,71,71,71],"relics":["Burning Blood","Golden Idol","Ancient Tea Set","Ice Cream","Odd Mushroom","Runic Dome","Old Coin"],"card_choices":[{"not_picked":["Combust","Wild Strike"],"picked":"Thunderclap"},{"not_picked":["Rampage","Pummel"],"picked":"Inflame"},{"not_picked":["Warcry","Headbutt"],"picked":"Rage"},{"not_picked":["Fiend Fire","Sever Soul"],"picked":"Pommel Strike"},{"not_picked":["True Grit","Sword Boomerang"],"picked":"Wild Strike"},{"not_picked":["Dark Embrace","Shockwave"],"picked":"Anger"},{"not_picked":["Berserk","Offering"],"picked":"Demon Form"},{"not_picked":["Perfected Strike","Headbutt"],"picked":"Armaments"},{"not_picked":["Second Wind","Uppercut"],"picked":"Pommel Strike"},{"not_picked":["Thunderclap","Combust"],"picked":"Shrug It Off"},{"not_picked":["True Grit","Searing Blow"],"picked":"Shrug It Off"}],"player_experience":369652,"potions_floor_usage":[29,30],"damage_taken":[{"damage":7.0,"enemies":"2 Louse","floor":1.0,"turns":3.0},{"damage":10.0,"enemies":"Small Slimes","floor":3.0,"turns":3.0},{"damage":8.0,"enemies":"Jaw Worm","floor":4.0,"turns":4.0},{"damage":14.0,"enemies":"Blue Slaver","floor":7.0,"turns":5.0},{"damage":26.0,"enemies":"Lagavulin","floor":11.0,"turns":6.0},{"damage":9.0,"enemies":"The Mushroom Lair","floor":13.0,"turns":4.0},{"damage":27.0,"enemies":"Exordium Thugs","floor":14.0,"turns":5.0},{"damage":36.0,"enemies":"The Guardian","floor":16.0,"turns":10.0},{"damage":20.0,"enemies":"Spheric Guardian","floor":18.0,"turns":5.0},{"damage":38.0,"enemies":"3 Byrds","floor":22.0,"turns":4.0},{"damage":29.0,"enemies":"Slaver and Parasite","floor":24.0,"turns":5.0},{"damage":14.0,"enemies":"3 Cultists","floor":27.0,"turns":5.0},{"damage":43,"enemies":"Chosen and Byrds","floor":29,"turns":7},{"damage":15,"enemies":"Cultist and Chosen","floor":30,"turns":3}],"event_choices":[{"event_name":"Golden Idol","player_choice":"Lose Max HP","floor":2.0,"damage_taken":0.0},{"event_name":"Mushrooms","player_choice":"Fought Mushrooms","floor":13.0,"damage_taken":0.0},{"event_name":"Beggar","player_choice":"Gave Gold","floor":19.0,"damage_taken":0.0},{"event_name":"Drug Dealer","player_choice":"Ignored","floor":20.0,"damage_taken":0.0}],"boss_relics":[],"potions_floor_spawned":[1,7,11,13,16,22,27,29],"seed_played":"3785690161224532105","killed_by":"Cultist and Chosen","ascension_level":12,"is_trial":false}