{"path_per_floor":["M","?","M","M","?","R","E","R","T","M","R","E","M","?","R","B",null,"M","?","$","M","?","R","E","M","T","R","?","M","$","M","R","B",null,"M","?","M","$","?","R","?","R","T","M","$","M","M","?","R","B"],"character_chosen":"IRONCLAD","items_purchased":["Dropkick","Flash of Steel"],"gold_per_floor":[19,19,29,44,44,44,75,75,75,93,93,123,137,159,159,260,290,302,302,151,161,76,76,110,121,199,199,199,210,15,30,30,128,128,148,148,159,34,34,34,34,34,34,51,51,62,80,80,80,80],"floor_reached":51,"campfire_rested":2,"playtime":2227,"current_hp_per_floor":[80,80,80,80,80,80,76,76,76,72,72,64,70,62,62,47,89,73,73,73,43,43,70,47,50,50,50,32,21,21,26,56,31,102,102,102,94,94,94,94,81,81,81,69,69,73,72,77,77,19],"items_purged":["Strike_R","Strike_R","Defend_R"],"gold":80,"score":725,"play_id":"b4396c7f-03ab-4314-b5ca-683d1165539f","local_time":"20180323002116","is_prod":false,"is_daily":false,"is_ascension_mode":false,"campfire_upgraded":8,"timestamp":1521786076,"path_taken":["M","?","M","M","?","R","E","R","T","M","R","E","M","?","R","BOSS","M","?","$","M","?","R","E","?","T","R","?","?","$","M","R","BOSS","M","?","M","$","?","R","?","R","T","M","?","M","?","?","R","BOSS"],"build_version":"2018-03-22","purchased_purges":3,"victory":true,"master_deck":["Strike_R+1","Defend_R","Bash+1","Warcry+1","Flame Barrier+1","Clothesline","Body Slam+1","Ghostly Armor+1","Rampage+1","Disarm+1","Pommel Strike+1","Flex+1","Shrug It Off+1","Dropkick","Seeing Red+1","Headbutt+1","Flash of Steel+1","Offering","Disarm+1","Madness","Madness"],"max_hp_per_floor":[80,80,80,80,80,80,80,80,80,80,80,80,80,82,82,84,89,91,91,91,91,91,91,91,93,93,93,98,100,100,102,102,102,102,102,102,104,104,104,104,104,104,104,106,106,108,110,110,110,110],"relics":["Burning Blood","Gremlin Horn","Singing Bowl","Vajra","Odd Mushroom","Tiny House","Molten Egg 2","Whetstone","Self Forming Clay","Sozu","Paper Frog"],"card_choices":[{"not_picked":["Iron Wave","Thunderclap"],"picked":"Flame Barrier","floor":1.0},{"not_picked":["Sword Boomerang","Anger"],"picked":"Body Slam","floor":3.0},{"not_picked":["Wild Strike","Pommel Strike"],"picked":"Ghostly Armor","floor":4.0},{"not_picked":["Clothesline","Carnage"],"picked":"Rampage","floor":7.0},{"not_picked":["Body Slam","Inflame"],"picked":"Disarm","floor":10.0},{"not_picked":["Entrench","Wild Strike"],"picked":"Pommel Strike","floor":12.0},{"not_picked":["Twin Strike","Iron Wave"],"picked":"Flex","floor":13.0},{"not_picked":["Clothesline","Twin Strike"],"picked":"Shrug It Off","floor":17.0},{"not_picked":["Thunderclap","Body Slam"],"picked":"Seeing Red","floor":21.0},{"not_picked":["Warcry","Spot Weakness"],"picked":"Headbutt","floor":24.0},{"not_picked":["Immolate","Limit Break"],"picked":"Offering","floor":33.0},{"not_picked":["Warcry","Body Slam"],"picked":"Disarm","floor":35.0}],"player_experience":574884,"potions_floor_usage":[50,50],"damage_taken":[{"damage":1.0,"enemies":"2 Louse","floor":1.0,"turns":3.0},{"damage":0.0,"enemies":"Jaw Worm","floor":3.0,"turns":3.0},{"damage":4.0,"enemies":"Cultist","floor":4.0,"turns":3.0},{"damage":10.0,"enemies":"Gremlin Nob","floor":7.0,"turns":4.0},{"damage":10.0,"enemies":"Looter","floor":10.0,"turns":3.0},{"damage":14.0,"enemies":"Lagavulin","floor":12.0,"turns":7.0},{"damage":0.0,"enemies":"2 Fungi Beasts","floor":13.0,"turns":4.0},{"damage":16.0,"enemies":"The Mushroom Lair","floor":14.0,"turns":3.0},{"damage":38.0,"enemies":"Hexaghost","floor":16.0,"turns":11.0},{"damage":24.0,"enemies":"Shell Parasite","floor":18.0,"turns":7.0},{"damage":36.0,"enemies":"2 Thieves","floor":21.0,"turns":4.0},{"damage":29.0,"enemies":"Gremlin Leader","floor":24.0,"turns":5.0},{"damage":5.0,"enemies":"Centurion and Healer","floor":25.0,"turns":6.0},{"damage":19.0,"enemies":"Chosen and Byrds","floor":29.0,"turns":5.0},{"damage":3.0,"enemies":"Cultist and Chosen","floor":31.0,"turns":3.0},{"damage":31.0,"enemies":"Collector","floor":33.0,"turns":10.0},{"damage":4.0,"enemies":"Orb Walker","floor":35.0,"turns":2.0},{"damage":16.0,"enemies":"3 Darklings","floor":37.0,"turns":4.0},{"damage":20.0,"enemies":"Maw","floor":44.0,"turns":6.0},{"damage":4.0,"enemies":"4 Shapes","floor":46.0,"turns":7.0},{"damage":9.0,"enemies":"Sphere and 2 Shapes","floor":47.0,"turns":5.0},{"damage":64,"enemies":"Time Eater","floor":50,"turns":13}],"event_choices":[{"event_name":"Living Wall","player_choice":"Change","floor":2.0,"damage_taken":0.0},{"event_name":"Upgrade Shrine","player_choice":"Upgraded","floor":5.0,"damage_taken":0.0},{"event_name":"Mushrooms","player_choice":"Fought Mushrooms","floor":14.0,"damage_taken":0.0},{"event_name":"Back to Basics","player_choice":"Elegance","floor":19.0,"damage_taken":0.0},{"event_name":"Addict","player_choice":"Obtained Relic","floor":22.0,"damage_taken":0.0},{"event_name":"Forgotten Altar","player_choice":"Shed Blood","floor":28.0,"damage_taken":0.0},{"event_name":"Tomb of Lord Red Mask","player_choice":"Ignored","floor":36.0,"damage_taken":0.0},{"event_name":"The Lab","player_choice":"Got Potions","floor":39.0,"damage_taken":0.0},{"event_name":"Winding Halls","player_choice":"Embrace Madness","floor":41.0,"damage_taken":0.0},{"event_name":"Bonfire Elementals","player_choice":"COMMON","floor":48.0,"damage_taken":0.0}],"boss_relics":[],"potions_floor_spawned":[1,4,7,13,14,21,25,31,35,46],"seed_played":"-5994318575955164831","ascension_level":0,"is_trial":false}