{"path_per_floor":["M","M","?","?","M","E","R","M","T","M","$","M","$","M","R","B",null,"M","M"],"character_chosen":"IRONCLAD","items_purchased":["Inflame","Shrug It Off"],"gold_per_floor":[118,129,204,204,219,279,279,289,289,301,105,123,23,36,36,135,135,149,160],"floor_reached":20,"campfire_rested":0,"playtime":570,"current_hp_per_floor":[75,71,60,60,60,42,42,48,48,36,36,34,34,49,49,13,90,55,21],"items_purged":["Defend_R","Strike_R"],"gold":160,"score":178,"play_id":"ae1f8e81-7a32-4cea-9a41-58e8b5fdaab7","local_time":"20180317105128","is_prod":false,"is_daily":false,"is_ascension_mode":false,"campfire_upgraded":2,"timestamp":1521305488,"path_taken":["M","M","?","?","M","E","R","M","T","M","$","?","$","M","R","BOSS","M","?","?"],"build_version":"2018-03-15v2","purchased_purges":2,"victory":false,"master_deck":["Strike_R","Strike_R","Strike_R","Strike_R","Defend_R","Defend_R","Defend_R","Bash","Twin Strike+1","Flex","Cleave","Shrug It Off","Twin Strike","Inflame+1","Shrug It Off","Iron Wave","Limit Break","Injury","Pain","Doubt","Sever Soul"],"max_hp_per_floor":[80,80,80,80,80,80,80,80,80,80,80,80,80,80,80,80,90,90,90],"relics":["Burning Blood","Tiny Chest","Pen Nib","Calling Bell","Girya","Shovel","Pear"],"card_choices":[{"not_picked":["Ghostly Armor","Reckless Charge"],"picked":"Twin Strike"},{"not_picked":["Wild Strike","Infernal Blade"],"picked":"Flex"},{"not_picked":["Wild Strike","Thunderclap"],"picked":"Cleave"},{"not_picked":["Hemokinesis","Fiend Fire"],"picked":"Shrug It Off"},{"not_picked":["Pommel Strike","Thunderclap"],"picked":"Twin Strike"},{"not_picked":["Rupture","Clash"],"picked":"Iron Wave"},{"not_picked":["Demon Form","Bludgeon"],"picked":"Limit Break"},{"not_picked":["Clash","Rupture"],"picked":"Sever Soul"}],"player_experience":557085,"potions_floor_usage":[6,6,14],"damage_taken":[{"damage":11,"enemies":"Jaw Worm","floor":1,"turns":2},{"damage":10,"enemies":"Small Slimes","floor":2,"turns":3},{"damage":6,"enemies":"Cultist","floor":5,"turns":3},{"damage":24,"enemies":"Lagavulin","floor":6,"turns":7},{"damage":0,"enemies":"Large Slime","floor":8,"turns":4},{"damage":18,"enemies":"Exordium Wildlife","floor":10,"turns":4},{"damage":8,"enemies":"Lots of Slimes","floor":12,"turns":4},{"damage":6,"enemies":"Gremlin Gang","floor":14,"turns":6},{"damage":42,"enemies":"Hexaghost","floor":16,"turns":8},{"damage":41,"enemies":"2 Thieves","floor":18,"turns":4},{"damage":40,"enemies":"Spheric Guardian","floor":19,"turns":6},{"damage":21,"enemies":"3 Cultists","floor":20,"turns":2}],"event_choices":[{"event_name":"World of Goop","player_choice":"Gather Gold","floor":3,"damage_taken":0},{"event_name":"The Lab","player_choice":"Got Potions","floor":4,"damage_taken":0}],"boss_relics":[{"not_picked":["Question Card","Mark of Pain"],"picked":"Calling Bell"}],"potions_floor_spawned":[1,2,10],"seed_played":"2374639456653207831","killed_by":"3 Cultists","ascension_level":0,"is_trial":false}