{"path_per_floor":["M","M","$","?","M","R","M","R","T","R","M","M","T","E","R","B",null,"M","?","M","$","M","E","R","E","T","M","R","$","?","?","R","B",null,"M","?","?","M","M","R","E","R","T","R","M","R","M","?","R","B"],"character_chosen":"IRONCLAD","items_purchased":["Corruption","Entrench","Flash of Steel","Kunai","Heavy Blade","Disarm"],"gold_per_floor":[214,227,16,191,204,204,218,218,244,244,255,236,308,334,334,435,435,447,447,458,130,147,174,174,199,268,278,278,78,78,78,78,175,175,190,190,190,210,225,225,260,260,284,284,298,298,308,308,308,308],"floor_reached":51,"campfire_rested":3,"playtime":2257,"current_hp_per_floor":[80,71,71,71,60,60,42,42,49,49,50,55,55,34,34,16,87,84,84,78,78,74,41,41,23,23,11,37,37,37,21,47,13,87,90,90,90,93,74,74,47,47,47,47,48,48,32,19,64,19],"items_purged":["Strike_R","Strike_R"],"gold":308,"score":764,"play_id":"20ab8237-ee72-4297-a1f0-4b83466f57aa","local_time":"20180319214651","is_prod":false,"is_daily":false,"is_ascension_mode":false,"campfire_upgraded":9,"timestamp":1521517611,"path_taken":["M","M","$","?","?","R","M","R","T","R","M","M","?","E","R","BOSS","M","?","M","$","M","E","R","E","T","M","R","?","?","?","R","BOSS","M","?","?","M","M","R","E","R","T","R","?","R","M","?","R","BOSS"],"build_version":"2018-03-15v3","purchased_purges":2,"victory":true,"master_deck":["Strike_R","Strike_R","Strike_R","Defend_R+1","Defend_R","Defend_R+1","Defend_R","Bash","Feel No Pain","Cleave+1","Corruption+1","Entrench+1","Flash of Steel","Inflame+1","Limit Break+1","Pommel Strike","Dark Embrace+1","Thunderclap","Limit Break+1","Dropkick","Shrug It Off","Heavy Blade+1","Disarm","Feed","Disarm+1","Flex","Shockwave","Madness","Madness","Body Slam+1"],"max_hp_per_floor":[80,80,80,80,80,80,80,80,87,87,87,87,87,87,87,87,87,87,87,87,87,87,87,87,87,87,87,87,87,87,87,87,87,87,90,90,90,93,96,96,99,99,99,99,99,99,102,102,102,105],"relics":["Burning Blood","Strawberry","Mummified Hand","Orichalcum","Velvet Choker","Spirit Poop","Kunai","War Paint","Bag of Preparation","Bottled Lightning","Enchiridion","Mark of Pain","Regal Pillow","Dream Catcher"],"card_choices":[{"not_picked":["Perfected Strike","Armaments"],"picked":"Feel No Pain"},{"not_picked":["Armaments","Clothesline"],"picked":"Cleave"},{"not_picked":["Evolve","Iron Wave"],"picked":"Inflame"},{"not_picked":["Sword Boomerang","Anger"],"picked":"Limit Break"},{"not_picked":["Anger","Perfected Strike"],"picked":"Pommel Strike"},{"not_picked":["Brutality","Juggernaut"],"picked":"Dark Embrace"},{"not_picked":["Havoc","Sever Soul"],"picked":"Body Slam"},{"not_picked":["Pommel Strike","Twin Strike"],"picked":"Thunderclap"},{"not_picked":["Headbutt","True Grit"],"picked":"Limit Break"},{"not_picked":["Dual Wield","Cleave"],"picked":"Dropkick"},{"not_picked":["Infernal Blade","Wild Strike"],"picked":"Shrug It Off"},{"not_picked":["Double Tap","Bludgeon"],"picked":"Feed"},{"not_picked":["Wild Strike","Body Slam"],"picked":"Disarm"},{"not_picked":["Perfected Strike","Cleave"],"picked":"Flex"},{"not_picked":["Sentinel","Whirlwind"],"picked":"Shockwave"},{"not_picked":["Reckless Charge","True Grit"],"picked":"Body Slam"}],"player_experience":572627,"potions_floor_usage":[39,41,50,50],"damage_taken":[{"damage":2.0,"enemies":"2 Louse","floor":1.0,"turns":3.0},{"damage":15.0,"enemies":"Jaw Worm","floor":2.0,"turns":4.0},{"damage":17.0,"enemies":"Cultist","floor":5.0,"turns":5.0},{"damage":24.0,"enemies":"Exordium Wildlife","floor":7.0,"turns":4.0},{"damage":5.0,"enemies":"3 Louse","floor":11.0,"turns":2.0},{"damage":1.0,"enemies":"Exordium Thugs","floor":12.0,"turns":5.0},{"damage":27.0,"enemies":"Gremlin Nob","floor":14.0,"turns":5.0},{"damage":24.0,"enemies":"Hexaghost","floor":16.0,"turns":9.0},{"damage":9.0,"enemies":"Chosen","floor":18.0,"turns":4.0},{"damage":12.0,"enemies":"3 Byrds","floor":20.0,"turns":5.0},{"damage":10.0,"enemies":"Snecko","floor":22.0,"turns":4.0},{"damage":39.0,"enemies":"Slavers","floor":23.0,"turns":4.0},{"damage":24.0,"enemies":"Book of Stabbing","floor":25.0,"turns":5.0},{"damage":18,"enemies":"Snake Plant","floor":27,"turns":4},{"damage":40,"enemies":"Champ","floor":33,"turns":9},{"damage":6,"enemies":"Orb Walker","floor":35,"turns":2},{"damage":0,"enemies":"3 Shapes","floor":38,"turns":4},{"damage":28,"enemies":"3 Darklings","floor":39,"turns":4},{"damage":36,"enemies":"2 Orb Walkers","floor":41,"turns":5},{"damage":5,"enemies":"Maw","floor":45,"turns":6},{"damage":25,"enemies":"4 Shapes","floor":47,"turns":5},{"damage":54,"enemies":"Awakened One","floor":50,"turns":10}],"event_choices":[{"event_name":"Liars Game","player_choice":"agreed","floor":4.0,"damage_taken":0.0},{"event_name":"Bonfire Elementals","player_choice":"CURSE","floor":19.0,"damage_taken":0.0},{"event_name":"Drug Dealer","player_choice":"Ignored","floor":30,"damage_taken":0},{"event_name":"Cursed Tome","player_choice":"Obtained Book","floor":31,"damage_taken":0},{"event_name":"Tomb of Lord Red Mask","player_choice":"Ignored","floor":36,"damage_taken":0},{"event_name":"Winding Halls","player_choice":"Embrace Madness","floor":48,"damage_taken":0}],"boss_relics":[{"not_picked":["Question Card","Lizard Tail"],"picked":"Mark of Pain"}],"potions_floor_spawned":[1,7,12,16,23,27,35,41],"seed_played":"-4634357509656896776","ascension_level":0,"is_trial":false}