{"path_per_floor":["M","$","?","?","T","R","E","?","T","?","E","M","R","M","R","B",null,"M","M","?","$","M","R","E","R","T"],"character_chosen":"IRONCLAD","items_purchased":["Metallicize","Kunai"],"gold_per_floor":[113,2,2,2,2,2,41,116,116,66,105,121,121,136,136,266,266,284,299,299,53,76,76,112,112,112],"floor_reached":27,"campfire_rested":1,"playtime":730,"current_hp_per_floor":[80,80,80,79,79,79,74,63,63,63,57,54,54,59,59,49,72,74,71,71,71,57,57,17,55,55],"items_purged":["Parasite"],"gold":112,"score":379,"play_id":"eb9a9475-c6bf-48ca-ad8f-cbf7ca4b138f","local_time":"20180317171505","is_prod":false,"is_daily":false,"is_ascension_mode":true,"campfire_upgraded":1,"timestamp":1521324905,"path_taken":["M","$","?","?","?","R","E","?","T","?","E","?","R","M","R","BOSS","M","M","?","$","M","R","E","R","T","E"],"build_version":"2018-03-15v3","purchased_purges":1,"victory":false,"master_deck":["Strike_R","Strike_R","Strike_R","Defend_R","Defend_R","Defend_R","Defend_R","Bash","Metallicize","Metallicize","Anger","Rage","Armaments+1","Flex","Reaper","Heavy Blade","Whirlwind","Shrug It Off"],"max_hp_per_floor":[88,85,85,79,79,79,79,79,79,79,79,79,79,79,79,79,79,79,79,79,79,79,79,79,79,79],"relics":["Black Blood","Golden Idol","Girya","Paper Frog","Dead Branch","Bronze Scales","Kunai","Regal Pillow","Prayer Wheel"],"card_choices":[{"not_picked":["Shockwave","Heavy Blade"],"picked":"Metallicize"},{"not_picked":["Dual Wield","Iron Wave"],"picked":"Anger"},{"not_picked":["Clothesline","Heavy Blade"],"picked":"Rage"},{"not_picked":["Shrug It Off","Searing Blow"],"picked":"Armaments"},{"not_picked":["True Grit","Thunderclap"],"picked":"Flex"},{"not_picked":["Exhume","Feed"],"picked":"Reaper"},{"not_picked":["Carnage","Blood for Blood"],"picked":"Heavy Blade"},{"not_picked":["Bloodletting","Metallicize"],"picked":"Whirlwind"},{"not_picked":["Rage","Bloodletting"],"picked":"Shrug It Off"}],"player_experience":366863,"potions_floor_usage":[18,19,24],"damage_taken":[{"damage":6,"enemies":"Cultist","floor":1,"turns":4},{"damage":11,"enemies":"3 Sentries","floor":7,"turns":14},{"damage":12,"enemies":"Gremlin Nob","floor":11,"turns":4},{"damage":9,"enemies":"Jaw Worm","floor":12,"turns":4},{"damage":1,"enemies":"2 Louse","floor":14,"turns":4},{"damage":16,"enemies":"The Guardian","floor":16,"turns":10},{"damage":10,"enemies":"Shell Parasite","floor":18,"turns":6},{"damage":13,"enemies":"3 Byrds","floor":19,"turns":3},{"damage":24,"enemies":"Snake Plant","floor":22,"turns":3},{"damage":50,"enemies":"Book of Stabbing","floor":24,"turns":6},{"damage":61,"enemies":"Slavers","floor":27,"turns":3}],"event_choices":[{"event_name":"Purifier","player_choice":"One Purge","floor":3,"damage_taken":0},{"event_name":"Golden Idol","player_choice":"Lose Max HP","floor":4,"damage_taken":0},{"event_name":"World of Goop","player_choice":"Gather Gold","floor":8,"damage_taken":0},{"event_name":"The Cleric","player_choice":"Card Removal","floor":10,"damage_taken":0},{"event_name":"Drug Dealer","player_choice":"Ignored","floor":20,"damage_taken":0}],"boss_relics":[{"not_picked":["Astrolabe","Calling Bell"],"picked":"Black Blood"}],"potions_floor_spawned":[1,11,12],"seed_played":"4725339843016149976","killed_by":"Slavers","ascension_level":12,"is_trial":false}