{"path_per_floor":["M","M","M","M","$","R","E","R","T","E","?","R","M","M","R"],"character_chosen":"IRONCLAD","items_purchased":["Bag of Marbles"],"gold_per_floor":[109,125,138,154,3,3,29,29,98,132,155,155,170,186,186],"floor_reached":16,"campfire_rested":0,"playtime":454,"current_hp_per_floor":[72,75,68,46,46,46,59,59,59,36,42,42,46,52,52],"items_purged":[],"gold":186,"score":179,"play_id":"0758a192-47cc-4bd8-ba7c-e1033a3960ea","local_time":"20180318111322","is_prod":false,"is_daily":false,"is_ascension_mode":true,"campfire_upgraded":4,"timestamp":1521389602,"path_taken":["M","M","M","M","$","R","E","R","T","E","?","R","?","M","R","BOSS"],"build_version":"2018-03-15v3","purchased_purges":0,"victory":false,"master_deck":["Strike_R","Strike_R","Strike_R","Strike_R","Strike_R","Defend_R","Defend_R","Defend_R","Defend_R","Bash","Parasite","Cleave","Immolate","Cleave+1","Body Slam+1","Pommel Strike+1","Seeing Red","Iron Wave","Inflame+1"],"max_hp_per_floor":[80,80,80,80,80,80,87,87,87,87,87,87,87,87,87],"relics":["Burning Blood","Bag of Marbles","Strawberry","Mummified Hand","Shuriken","Odd Mushroom"],"card_choices":[{"not_picked":["Anger","Armaments"],"picked":"Cleave"},{"not_picked":["Havoc","Heavy Blade"],"picked":"Immolate"},{"not_picked":["Combust","Twin Strike"],"picked":"Cleave"},{"not_picked":["Havoc","Flex"],"picked":"Body Slam"},{"not_picked":["True Grit","Iron Wave"],"picked":"Pommel Strike"},{"not_picked":["Flex","Sword Boomerang"],"picked":"Seeing Red"},{"not_picked":["Twin Strike","Corruption"],"picked":"Iron Wave"},{"not_picked":["Dark Embrace","Clothesline"],"picked":"Inflame"}],"player_experience":369037,"potions_floor_usage":[7,7,16],"damage_taken":[{"damage":6,"enemies":"Cultist","floor":1,"turns":3},{"damage":3,"enemies":"2 Louse","floor":2,"turns":3},{"damage":13,"enemies":"Small Slimes","floor":3,"turns":4},{"damage":28,"enemies":"Exordium Thugs","floor":4,"turns":6},{"damage":12,"enemies":"3 Sentries","floor":7,"turns":5},{"damage":29,"enemies":"Gremlin Nob","floor":10,"turns":4},{"damage":0,"enemies":"The Mushroom Lair","floor":11,"turns":1},{"damage":2,"enemies":"2 Fungi Beasts","floor":13,"turns":3},{"damage":0,"enemies":"Lots of Slimes","floor":14,"turns":1},{"damage":39,"enemies":"Slime Boss","floor":16,"turns":7}],"event_choices":[{"event_name":"Mushrooms","player_choice":"Fought Mushrooms","floor":11,"damage_taken":0}],"boss_relics":[],"potions_floor_spawned":[2,3,4,11,13],"seed_played":"-1939605945099300490","killed_by":"Slime Boss","ascension_level":12,"is_trial":false}