{"path_per_floor":["M","?","M","?","M","R","$","?","T","E","M","E","M","E","R","B",null,"M","$","?","M","M","E","$","M","T","R","?","R","E","M","R","B",null,"M","$","M","M","$","R","?","E","T","E","R","?","R","M","R","B"],"character_chosen":"IRONCLAD","items_purchased":["Inflame","Twin Strike","Vajra","Perfected Strike","Clothesline"],"gold_per_floor":[119,69,83,83,101,101,26,26,53,85,100,127,147,176,176,280,280,290,67,67,85,98,125,125,143,166,166,266,266,301,317,317,414,414,427,272,288,299,220,220,568,603,677,710,710,710,710,722,722,722],"floor_reached":51,"campfire_rested":1,"playtime":2325,"current_hp_per_floor":[68,68,65,65,71,71,71,64,64,45,45,41,35,31,31,9,72,72,72,72,72,72,56,56,62,62,62,62,62,52,62,62,32,72,59,59,58,59,59,59,63,72,72,49,70,70,70,66,66,17],"items_purged":["Regret","Defend_R"],"gold":722,"score":813,"play_id":"46534601-1a36-4161-a5cd-504b97f8d70d","local_time":"20180318204154","is_prod":false,"is_daily":false,"is_ascension_mode":false,"campfire_upgraded":5,"timestamp":1521427314,"path_taken":["M","?","M","?","M","R","$","?","T","E","M","E","M","E","R","BOSS","M","$","?","?","M","E","$","M","T","R","?","R","E","M","R","BOSS","M","$","?","M","$","R","?","E","T","E","R","?","R","M","R","BOSS"],"build_version":"2018-03-15v3","purchased_purges":4,"victory":true,"master_deck":["Strike_R","Strike_R","Strike_R","Strike_R","Strike_R","Defend_R","Defend_R","Bash+1","Offering","Sword Boomerang+1","Warcry","Battle Trance","Cleave","Metallicize","Double Tap+1","Perfected Strike+1","Inflame","Twin Strike","Perfected Strike+1","Heavy Blade+1","Twin Strike+1","Barricade","Perfected Strike","Clothesline","Flame Barrier+1","Disarm+1","Reaper","Battle Trance+1"],"max_hp_per_floor":[72,72,72,72,72,72,72,72,72,72,72,72,72,72,72,72,72,72,72,72,72,72,72,72,72,72,72,72,72,72,72,72,72,72,72,72,72,72,72,72,72,72,72,72,72,72,72,72,72,72],"relics":["Black Blood","Blood Vial","Ginger","Prayer Wheel","Bird Faced Urn","Centennial Puzzle","Ancient Tea Set","Snecko Eye","Toolbox","Dream Catcher","Girya","Vajra","Old Coin","Paper Frog","Mercury Hourglass","Happy Flower"],"card_choices":[{"not_picked":["Brutality","Feed"],"picked":"Offering"},{"not_picked":["Uppercut","Body Slam"],"picked":"Sword Boomerang"},{"not_picked":["Sever Soul","Fire Breathing"],"picked":"Warcry"},{"not_picked":["Entrench","Infernal Blade"],"picked":"Battle Trance"},{"not_picked":["Entrench","Wild Strike"],"picked":"Cleave"},{"not_picked":["Body Slam","Pummel"],"picked":"Metallicize"},{"not_picked":["Immolate","Feed"],"picked":"Double Tap"},{"not_picked":["Reckless Charge","Anger"],"picked":"Perfected Strike"},{"not_picked":["Rampage","Havoc"],"picked":"Perfected Strike"},{"not_picked":["Power Through","Anger"],"picked":"Heavy Blade"},{"not_picked":["Clash","Clothesline"],"picked":"Twin Strike"},{"not_picked":["Double Tap","Impervious"],"picked":"Barricade"},{"not_picked":["Shrug It Off","Body Slam"],"picked":"Clothesline"},{"not_picked":["Clash","Disarm"],"picked":"Flame Barrier"},{"not_picked":["Shrug It Off","Dual Wield"],"picked":"Disarm"},{"not_picked":["Shrug It Off","Flex"],"picked":"Reaper"},{"not_picked":["Evolve","Dual Wield"],"picked":"Battle Trance"}],"player_experience":570302,"potions_floor_usage":[50,50,50],"damage_taken":[{"damage":10.0,"enemies":"Jaw Worm","floor":1.0,"turns":4.0},{"damage":9.0,"enemies":"Small Slimes","floor":3.0,"turns":4.0},{"damage":2.0,"enemies":"2 Louse","floor":5.0,"turns":3.0},{"damage":27.0,"enemies":"3 Sentries","floor":10.0,"turns":10.0},{"damage":8.0,"enemies":"2 Fungi Beasts","floor":11.0,"turns":3.0},{"damage":12.0,"enemies":"Gremlin Nob","floor":12.0,"turns":4.0},{"damage":14.0,"enemies":"Looter","floor":13.0,"turns":2.0},{"damage":12.0,"enemies":"3 Sentries","floor":14.0,"turns":3.0},{"damage":47.0,"enemies":"Hexaghost","floor":16.0,"turns":8.0},{"damage":4.0,"enemies":"Chosen","floor":18.0,"turns":3.0},{"damage":4.0,"enemies":"2 Thieves","floor":21.0,"turns":1.0},{"damage":0.0,"enemies":"Snecko","floor":22.0,"turns":2.0},{"damage":24.0,"enemies":"Gremlin Leader","floor":23.0,"turns":4.0},{"damage":10.0,"enemies":"Sentry and Sphere","floor":25.0,"turns":3.0},{"damage":22.0,"enemies":"Slavers","floor":30.0,"turns":3.0},{"damage":0.0,"enemies":"Snake Plant","floor":31.0,"turns":2.0},{"damage":42.0,"enemies":"Champ","floor":33.0,"turns":4.0},{"damage":33.0,"enemies":"3 Darklings","floor":35.0,"turns":5.0},{"damage":15.0,"enemies":"Orb Walker","floor":37.0,"turns":2.0},{"damage":13.0,"enemies":"4 Shapes","floor":38.0,"turns":4.0},{"damage":10.0,"enemies":"Mysterious Sphere","floor":41.0,"turns":3.0},{"damage":4.0,"enemies":"Nemesis","floor":42.0,"turns":3.0},{"damage":33.0,"enemies":"2 Orb Walkers","floor":44.0,"turns":3.0},{"damage":20.0,"enemies":"Maw","floor":48.0,"turns":4.0},{"damage":87,"enemies":"Awakened One","floor":50,"turns":5}],"event_choices":[{"event_name":"The Cleric","player_choice":"Card Removal","floor":2.0,"damage_taken":0.0},{"event_name":"Big Fish","player_choice":"Box","floor":4.0,"damage_taken":0.0},{"event_name":"Scrap Ooze","player_choice":"success","floor":8.0,"damage_taken":7.0},{"event_name":"The Lab","player_choice":"Got Potions","floor":20.0,"damage_taken":0.0},{"event_name":"Golden Shrine","player_choice":"Pray","floor":28.0,"damage_taken":0.0},{"event_name":"Mysterious Sphere","player_choice":"Fight","floor":41.0,"damage_taken":0.0}],"boss_relics":[],"potions_floor_spawned":[3,5,11,14,18,33,38,42,48],"seed_played":"6208429242929668903","ascension_level":0,"is_trial":false}