{"path_per_floor":["M","M","?","?","$","?","E","$","T","R","M","M","M","E","R","B",null,"M","$","?","M","?","R","?","R","T","$","M","M","E","M","R","B",null,"M","M","$","?","M","E","R","M","T","M","?","E","R","E","R","B"],"character_chosen":"IRONCLAD","items_purchased":["Ghostly Armor","Meat on the Bone","Battle Trance"],"gold_per_floor":[17,32,207,282,134,134,164,64,87,87,100,111,127,159,159,254,254,271,23,23,35,35,35,35,35,61,61,79,90,121,131,131,230,260,273,284,120,0,18,48,48,60,60,73,73,104,104,160,160,160],"floor_reached":51,"campfire_rested":0,"playtime":3841,"current_hp_per_floor":[80,80,80,69,69,69,26,26,26,26,32,23,23,28,28,34,90,64,64,64,54,54,54,36,36,36,36,31,34,29,47,47,65,100,100,100,100,100,100,100,100,100,100,100,87,22,22,100,100,72],"items_purged":["Doubt","Regret","Strike_R"],"gold":160,"score":865,"play_id":"87d87f4e-447c-4c17-8505-01ede9067f28","local_time":"20180318124450","is_prod":false,"is_daily":false,"is_ascension_mode":false,"campfire_upgraded":8,"timestamp":1521398690,"path_taken":["M","?","?","?","$","?","E","$","T","R","M","M","M","E","R","BOSS","M","$","?","M","?","R","?","R","T","?","M","M","E","M","R","BOSS","M","?","$","?","M","E","R","M","T","M","?","E","R","E","R","BOSS"],"build_version":"2018-03-15v3","purchased_purges":3,"victory":true,"master_deck":["Strike_R+1","Strike_R","Strike_R","Strike_R","Defend_R","Defend_R","Defend_R","Defend_R","Bash","Barricade+1","Warcry","Inflame","Ghostly Armor+1","Thunderclap","Body Slam+1","Shockwave","Limit Break+1","Heavy Blade+1","Shrug It Off+1","Spot Weakness","Limit Break+1","True Grit+1","Sword Boomerang","Reaper","Battle Trance","Offering","Madness+1","Madness"],"max_hp_per_floor":[80,80,80,80,80,80,80,80,80,80,80,80,80,90,90,90,90,90,90,90,90,90,90,95,95,95,95,95,95,95,95,95,95,100,100,100,100,100,100,100,100,100,100,100,100,100,100,100,100,100],"relics":["Burning Blood","Calipers","Vajra","Ancient Tea Set","Pear","Runic Dome","Meat on the Bone","Orichalcum","Thread and Needle","Tiny House","Red Mask","Omamori","Shovel","Blood Vial","Tiny Chest"],"card_choices":[{"not_picked":["Impervious","Brutality"],"picked":"Barricade"},{"not_picked":["Power Through","Sever Soul"],"picked":"Warcry"},{"not_picked":["Battle Trance","Anger"],"picked":"Inflame"},{"not_picked":["Second Wind","Exhume"],"picked":"Thunderclap"},{"not_picked":["Pommel Strike","Sword Boomerang"],"picked":"Body Slam"},{"not_picked":["Pummel","Sword Boomerang"],"picked":"Shockwave"},{"not_picked":["Burning Pact","Sever Soul"],"picked":"Limit Break"},{"not_picked":["Headbutt","Power Through"],"picked":"Heavy Blade"},{"not_picked":["Iron Wave","Cleave"],"picked":"Shrug It Off"},{"not_picked":["True Grit","Wild Strike"],"picked":"Spot Weakness"},{"not_picked":["Seeing Red","Dropkick"],"picked":"True Grit"},{"not_picked":["Reckless Charge","Rupture"],"picked":"Sword Boomerang"},{"not_picked":["Feed","Limit Break"],"picked":"Reaper"},{"not_picked":["Clash","Carnage"],"picked":"Offering"}],"player_experience":564337,"potions_floor_usage":[46,50,50,50],"damage_taken":[{"damage":6.0,"enemies":"Cultist","floor":1.0,"turns":3.0},{"damage":6.0,"enemies":"Jaw Worm","floor":2.0,"turns":3.0},{"damage":49.0,"enemies":"3 Sentries","floor":7.0,"turns":10.0},{"damage":0.0,"enemies":"Small Slimes","floor":11.0,"turns":3.0},{"damage":15.0,"enemies":"3 Louse","floor":12.0,"turns":4.0},{"damage":6.0,"enemies":"Exordium Thugs","floor":13.0,"turns":4.0},{"damage":11.0,"enemies":"Lagavulin","floor":14.0,"turns":7.0},{"damage":0.0,"enemies":"Hexaghost","floor":16.0,"turns":9.0},{"damage":32.0,"enemies":"Spheric Guardian","floor":18.0,"turns":6.0},{"damage":28.0,"enemies":"Shell Parasite","floor":21.0,"turns":6.0},{"damage":23.0,"enemies":"Snecko","floor":28.0,"turns":5.0},{"damage":15.0,"enemies":"Snake Plant","floor":29.0,"turns":2.0},{"damage":23.0,"enemies":"Gremlin Leader","floor":30.0,"turns":6.0},{"damage":0.0,"enemies":"Centurion and Healer","floor":31.0,"turns":5.0},{"damage":0,"enemies":"Champ","floor":33,"turns":8},{"damage":13,"enemies":"3 Shapes","floor":35,"turns":6},{"damage":7,"enemies":"3 Darklings","floor":36,"turns":9},{"damage":0,"enemies":"Maw","floor":39,"turns":7},{"damage":6,"enemies":"Giant Head","floor":40,"turns":6},{"damage":1,"enemies":"4 Shapes","floor":42,"turns":8},{"damage":4,"enemies":"Sphere and 2 Shapes","floor":44,"turns":8},{"damage":83,"enemies":"2 Orb Walkers","floor":46,"turns":7},{"damage":4,"enemies":"Giant Head","floor":48,"turns":7},{"damage":65,"enemies":"Awakened One","floor":50,"turns":9}],"event_choices":[{"event_name":"Liars Game","player_choice":"agreed","floor":3.0,"damage_taken":0.0},{"event_name":"World of Goop","player_choice":"Gather Gold","floor":4.0,"damage_taken":0.0},{"event_name":"Big Fish","player_choice":"Box","floor":6.0,"damage_taken":0.0},{"event_name":"Vampires","player_choice":"Ignored","floor":20.0,"damage_taken":0.0},{"event_name":"Duplicator","player_choice":"One dupe","floor":22.0,"damage_taken":0.0},{"event_name":"Forgotten Altar","player_choice":"Shed Blood","floor":24.0,"damage_taken":0.0},{"event_name":"Tomb of Lord Red Mask","player_choice":"Paid","floor":38,"damage_taken":0},{"event_name":"Winding Halls","player_choice":"Embrace Madness","floor":45,"damage_taken":0}],"boss_relics":[{"not_picked":["Runic Cube","Philosopher\u0027s Stone"],"picked":"Tiny House"}],"potions_floor_spawned":[1,7,11,21,29,30,39,40,44,46,48],"seed_played":"-2586274041760817847","ascension_level":0,"is_trial":false}