{"path_per_floor":["M","M","M","M","?","R","M","R","T","M","?","R","M","M","R","B",null,"M","T","M","$","M","R","M","R","T","$","R","E","?","M","R"],"character_chosen":"IRONCLAD","items_purchased":["Whirlwind","Pen Nib","Swift Potion"],"gold_per_floor":[109,125,140,159,159,159,178,178,233,244,244,244,261,275,275,352,352,367,367,386,238,257,257,268,268,294,0,0,25,25,43,43,43],"floor_reached":33,"campfire_rested":5,"playtime":922,"current_hp_per_floor":[78,80,80,61,61,61,57,57,57,43,36,60,42,33,57,25,66,61,61,31,31,19,43,42,42,42,42,80,66,56,28,56,0],"items_purged":["Writhe","Decay"],"gold":43,"score":457,"play_id":"2776bc50-028c-4e9e-8cc9-8c1391844cdc","local_time":"20180324091251","is_prod":false,"is_daily":false,"is_ascension_mode":true,"campfire_upgraded":3,"timestamp":1521900771,"path_taken":["M","M","?","M","?","R","?","R","T","M","?","R","M","M","R","BOSS","M","?","M","$","M","R","M","R","T","$","R","E","?","M","R","BOSS"],"build_version":"2018-03-22v2","purchased_purges":3,"victory":false,"master_deck":["Defend_R","Defend_R","Defend_R","Defend_R","Bash","AscendersBane","Immolate","Body Slam","Inflame","Inflame","Demon Form+1","Armaments+1","Body Slam+1","Metallicize","Double Tap","Flame Barrier","Double Tap","Clash+1","Whirlwind","Heavy Blade","Bite","Bite","Bite","Bite","Bite"],"max_hp_per_floor":[80,80,80,80,80,80,80,80,80,80,80,80,80,80,80,80,80,80,80,80,80,80,80,80,80,80,80,80,80,56,56,56,56],"relics":["Burning Blood","NeowsBlessing","Tiny Chest","Ancient Tea Set","Cursed Key","Torii","Regal Pillow","Pen Nib","Happy Flower"],"card_choices":[{"not_picked":["Infernal Blade","Anger"],"picked":"Immolate","floor":1},{"not_picked":["Flex","Dropkick"],"picked":"Body Slam","floor":2},{"not_picked":["Infernal Blade","Headbutt"],"picked":"Inflame","floor":3},{"not_picked":["Anger","Rampage"],"picked":"Inflame","floor":4},{"not_picked":["Evolve","Thunderclap"],"picked":"Body Slam","floor":7},{"not_picked":["Warcry","Second Wind"],"picked":"Metallicize","floor":10},{"not_picked":["Searing Blow","Iron Wave"],"picked":"Double Tap","floor":13},{"not_picked":["Heavy Blade","Thunderclap"],"picked":"Flame Barrier","floor":14},{"not_picked":["Berserk","Dark Embrace"],"picked":"Double Tap","floor":16},{"not_picked":["Dual Wield","Body Slam"],"picked":"Clash","floor":18},{"not_picked":["Perfected Strike","Iron Wave"],"picked":"Heavy Blade","floor":22}],"player_experience":388160,"potions_floor_usage":[16,16,24,24,29],"damage_taken":[{"damage":0,"enemies":"Cultist","floor":1,"turns":1},{"damage":0,"enemies":"Jaw Worm","floor":2,"turns":1},{"damage":0,"enemies":"Small Slimes","floor":3,"turns":1},{"damage":25,"enemies":"Red Slaver","floor":4,"turns":4},{"damage":10,"enemies":"Large Slime","floor":7,"turns":6},{"damage":20,"enemies":"3 Louse","floor":10,"turns":3},{"damage":24,"enemies":"Red Slaver","floor":13,"turns":5},{"damage":15,"enemies":"Large Slime","floor":14,"turns":6},{"damage":38,"enemies":"Slime Boss","floor":16,"turns":10},{"damage":11,"enemies":"Chosen","floor":18,"turns":6},{"damage":36,"enemies":"Spheric Guardian","floor":20,"turns":6},{"damage":18,"enemies":"Centurion and Healer","floor":22,"turns":5},{"damage":7,"enemies":"Cultist and Chosen","floor":24,"turns":5},{"damage":20,"enemies":"Gremlin Leader","floor":29,"turns":5},{"damage":40,"enemies":"Snake Plant","floor":31,"turns":5},{"damage":58,"enemies":"Collector","floor":33,"turns":3}],"event_choices":[{"event_name":"Match and Keep!","player_choice":"2 cards matched","floor":5,"damage_taken":0},{"event_name":"Scrap Ooze","player_choice":"success","floor":11,"damage_taken":7},{"event_name":"Vampires","player_choice":"Became a vampire","floor":30,"damage_taken":0}],"boss_relics":[{"not_picked":["Runic Pyramid","Orrery"],"picked":"Cursed Key"}],"potions_floor_spawned":[1,4,7,18,22,31],"seed_played":"-1305260930043440103","killed_by":"Collector","ascension_level":13,"is_trial":false}