{"path_per_floor":["M","?","?","M","M","E","R","M","T","?","M","R","?","E","R","B",null,"M","$","M","?","M","R","E","M","T","R","?","R","E","M","R","B",null,"M","?","?","?","M","R","E","R","T","M","E","?","E","?","R"],"character_chosen":"IRONCLAD","items_purchased":["Evolve","Deep Breath"],"gold_per_floor":[112,112,112,132,145,176,176,192,239,239,253,253,353,381,381,458,458,470,227,239,239,259,259,288,300,300,300,300,300,335,351,351,428,428,448,448,448,448,468,468,502,502,525,535,569,569,603,0,0],"floor_reached":50,"campfire_rested":6,"playtime":2476,"current_hp_per_floor":[68,68,68,68,66,31,51,47,47,47,48,48,48,42,42,9,53,55,55,36,36,22,22,20,14,14,33,33,52,23,25,46,29,61,59,59,50,50,44,44,19,40,40,26,34,34,9,9,36],"items_purged":["Parasite"],"gold":0,"score":979,"play_id":"9c61540d-07c1-4271-b3bf-01b1364bcf93","local_time":"20180317012826","is_prod":false,"is_daily":false,"is_ascension_mode":true,"campfire_upgraded":4,"timestamp":1521271706,"path_taken":["M","?","?","M","M","E","R","M","T","?","M","R","?","E","R","BOSS","M","$","M","?","M","R","E","M","T","R","?","R","E","M","R","BOSS","M","?","?","?","M","R","E","R","T","M","E","?","E","?","R","BOSS"],"build_version":"2018-03-15v2","purchased_purges":1,"victory":false,"master_deck":["Strike_R","Strike_R","Defend_R","Defend_R","Defend_R","Bash","Offering+1","Fiend Fire+1","Offering+1","Finesse","Thunderclap","Exhume","Pommel Strike","Double Tap+1","Exhume","Evolve","Deep Breath","Seeing Red","Shrug It Off","Power Through","Bash","Rupture+1","Madness","Madness","Clumsy","Armaments+1"],"max_hp_per_floor":[68,68,68,68,68,68,68,68,68,68,68,68,68,68,68,68,68,68,65,65,65,65,65,65,65,65,65,65,65,72,72,72,72,72,72,72,72,72,72,72,72,72,72,72,82,82,84,84,86],"relics":["Burning Blood","Dream Catcher","Juzu Bracelet","Anchor","Centennial Puzzle","Mark of Pain","Calipers","Oddly Smooth Stone","Strawberry","Cursed Key","Ancient Tea Set","Orichalcum","Pear","Singing Bowl","Red Mask"],"card_choices":[{"not_picked":["Heavy Blade","Inflame"],"picked":"Offering"},{"not_picked":["Body Slam","Rupture"],"picked":"Thunderclap"},{"not_picked":["Pummel","Sword Boomerang"],"picked":"Exhume"},{"not_picked":["Sentinel","Rage"],"picked":"Pommel Strike"},{"not_picked":["Clash","Power Through"],"picked":"Double Tap"},{"not_picked":["Double Tap","Dark Embrace"],"picked":"Exhume"},{"not_picked":["Thunderclap","Twin Strike"],"picked":"Seeing Red"},{"not_picked":["Second Wind","Sword Boomerang"],"picked":"Shrug It Off"},{"not_picked":["Shockwave","Intimidate"],"picked":"Rupture"},{"not_picked":["Dual Wield","True Grit"],"picked":"Armaments"}],"player_experience":549198,"potions_floor_usage":[50,50,50],"damage_taken":[{"damage":4.0,"enemies":"Cultist","floor":1.0,"turns":2.0},{"damage":5.0,"enemies":"2 Louse","floor":4.0,"turns":2.0},{"damage":8.0,"enemies":"Small Slimes","floor":5.0,"turns":1.0},{"damage":41.0,"enemies":"3 Sentries","floor":6.0,"turns":7.0},{"damage":10.0,"enemies":"Red Slaver","floor":8.0,"turns":2.0},{"damage":5.0,"enemies":"Looter","floor":11.0,"turns":2.0},{"damage":12.0,"enemies":"Lagavulin","floor":14.0,"turns":2.0},{"damage":39.0,"enemies":"The Guardian","floor":16.0,"turns":5.0},{"damage":4.0,"enemies":"Spheric Guardian","floor":18.0,"turns":2.0},{"damage":25.0,"enemies":"2 Thieves","floor":20.0,"turns":3.0},{"damage":20.0,"enemies":"3 Cultists","floor":22.0,"turns":3.0},{"damage":8.0,"enemies":"Gremlin Leader","floor":24.0,"turns":1.0},{"damage":12.0,"enemies":"Slaver and Parasite","floor":25.0,"turns":2.0},{"damage":42.0,"enemies":"Slavers","floor":30.0,"turns":6.0},{"damage":4.0,"enemies":"Snecko","floor":31.0,"turns":3.0},{"damage":23.0,"enemies":"Automaton","floor":33.0,"turns":5.0},{"damage":8.0,"enemies":"Orb Walker","floor":35.0,"turns":1.0},{"damage":12.0,"enemies":"3 Shapes","floor":39.0,"turns":4.0},{"damage":31.0,"enemies":"Nemesis","floor":41.0,"turns":3.0},{"damage":20.0,"enemies":"Sphere and 2 Shapes","floor":44.0,"turns":8.0},{"damage":8.0,"enemies":"Giant Head","floor":45.0,"turns":5.0},{"damage":33.0,"enemies":"2 Orb Walkers","floor":47.0,"turns":4.0},{"damage":36,"enemies":"Time Eater","floor":50,"turns":4}],"event_choices":[{"event_name":"Match and Keep!","player_choice":"1 cards matched","floor":2.0,"damage_taken":0.0},{"event_name":"The Woman in Blue","player_choice":"Bought 0 Potions","floor":3.0,"damage_taken":0.0},{"event_name":"Dead Adventurer","player_choice":"Searched \u00271\u0027 times","floor":10.0,"damage_taken":0.0},{"event_name":"Golden Shrine","player_choice":"Pray","floor":13.0,"damage_taken":0.0},{"event_name":"Back to Basics","player_choice":"Elegance","floor":21.0,"damage_taken":0.0},{"event_name":"Match and Keep!","player_choice":"2 cards matched","floor":28.0,"damage_taken":0.0},{"event_name":"Winding Halls","player_choice":"Embrace Madness","floor":37.0,"damage_taken":0.0},{"event_name":"The Lab","player_choice":"Got Potions","floor":38.0,"damage_taken":0.0},{"event_name":"Mysterious Sphere","player_choice":"Ignore","floor":46.0,"damage_taken":0.0},{"event_name":"Tomb of Lord Red Mask","player_choice":"Paid","floor":48.0,"damage_taken":0.0}],"boss_relics":[],"potions_floor_spawned":[4,8,11,20,24,30,33,39,41,44,47],"seed_played":"5478033741767158600","killed_by":"Time Eater","ascension_level":14,"is_trial":false}