{"path_per_floor":["M","?","M","M","$","R","E","R","T","R","M","M","$","M","R","B",null,"M","?","$","M","M","R","E","?","T","M","R","?"],"character_chosen":"IRONCLAD","items_purchased":["Demon Form","Body Slam"],"gold_per_floor":[113,113,129,148,11,11,41,41,86,86,101,117,42,59,59,132,132,132,57,8,8,8,8,8,8,8,8,8,8],"floor_reached":30,"campfire_rested":1,"playtime":789,"current_hp_per_floor":[74,74,75,75,75,75,46,46,46,46,40,45,45,39,39,9,56,40,40,40,34,24,45,41,41,41,35,35,14],"items_purged":["Parasite"],"gold":8,"score":481,"play_id":"349946ca-78b6-456f-9835-ea01f5b205aa","local_time":"20180317101952","is_prod":false,"is_daily":false,"is_ascension_mode":true,"campfire_upgraded":5,"timestamp":1521303592,"path_taken":["M","?","M","?","$","R","E","R","T","R","M","M","$","?","R","BOSS","M","?","$","M","M","R","E","?","T","M","R","?","?"],"build_version":"2018-03-15v2","purchased_purges":2,"victory":false,"master_deck":["Strike_R","Strike_R","Strike_R","Strike_R","Strike_R","Defend_R","Defend_R","Defend_R+1","Defend_R","Bash+1","Thunderclap","Heavy Blade+1","Limit Break+1","Inflame+1","Demon Form+1","Dropkick+1","Body Slam+1","Seeing Red","Shrug It Off"],"max_hp_per_floor":[75,75,75,75,75,75,75,75,75,75,75,75,72,72,72,72,72,72,72,72,72,72,72,72,72,72,72,72,72],"relics":["Burning Blood","NeowsBlessing","War Paint","Orichalcum","Ectoplasm","Happy Flower","Charon\u0027s Ashes"],"card_choices":[{"not_picked":["Twin Strike","Sentinel"],"picked":"Thunderclap"},{"not_picked":["Sword Boomerang","Perfected Strike"],"picked":"Inflame"},{"not_picked":["Feel No Pain","Cleave"],"picked":"Dropkick"},{"not_picked":["Battle Trance","Carnage"],"picked":"Seeing Red"},{"not_picked":["Clash","Heavy Blade"],"picked":"Shrug It Off"}],"player_experience":555232,"potions_floor_usage":[],"damage_taken":[{"damage":0.0,"enemies":"2 Louse","floor":1.0,"turns":1.0},{"damage":0.0,"enemies":"Cultist","floor":3.0,"turns":1.0},{"damage":0.0,"enemies":"Jaw Worm","floor":4.0,"turns":1.0},{"damage":35.0,"enemies":"3 Sentries","floor":7.0,"turns":7.0},{"damage":12.0,"enemies":"Red Slaver","floor":11.0,"turns":3.0},{"damage":10.0,"enemies":"Lots of Slimes","floor":12.0,"turns":4.0},{"damage":12.0,"enemies":"Large Slime","floor":14.0,"turns":6.0},{"damage":36.0,"enemies":"Slime Boss","floor":16.0,"turns":4.0},{"damage":22.0,"enemies":"3 Byrds","floor":18.0,"turns":4.0},{"damage":12.0,"enemies":"Chosen","floor":21.0,"turns":4.0},{"damage":16.0,"enemies":"3 Cultists","floor":22.0,"turns":4.0},{"damage":10.0,"enemies":"Book of Stabbing","floor":24.0,"turns":3.0},{"damage":12,"enemies":"Snecko","floor":27,"turns":3},{"damage":16,"enemies":"Snake Plant","floor":30,"turns":1}],"event_choices":[{"event_name":"Match and Keep!","player_choice":"3 cards matched","floor":2.0,"damage_taken":0.0},{"event_name":"Beggar","player_choice":"Gave Gold","floor":19.0,"damage_taken":0.0},{"event_name":"Vampires","player_choice":"Ignored","floor":25.0,"damage_taken":0.0},{"event_name":"Cursed Tome","player_choice":"Obtained Book","floor":29,"damage_taken":0}],"boss_relics":[],"potions_floor_spawned":[3,11,12,22,27],"seed_played":"3475031410539374233","killed_by":"Snake Plant","ascension_level":15,"is_trial":false}