{"path_per_floor":["M","M","?","M","M","R","$","E","T","$","M","M","M","?","R"],"character_chosen":"IRONCLAD","items_purchased":["True Grit","Flex"],"gold_per_floor":[119,135,85,105,120,120,72,104,154,56,76,92,112,74,74,74],"floor_reached":16,"campfire_rested":1,"playtime":591,"current_hp_per_floor":[78,69,69,66,34,34,34,8,8,8,14,8,13,13,37,0],"items_purged":["Strike_R"],"gold":74,"score":161,"play_id":"7ee3f3b4-3ba2-4962-b84c-19088227e2a3","local_time":"20180329004020","is_prod":false,"is_daily":false,"is_ascension_mode":true,"campfire_upgraded":1,"timestamp":1522298420,"path_taken":["M","M","?","M","M","R","?","E","T","$","M","M","M","?","R","BOSS"],"build_version":"2018-03-22v2","purchased_purges":1,"victory":false,"master_deck":["Strike_R","Strike_R","Strike_R","Defend_R","Defend_R","Defend_R","Defend_R","Bash","AscendersBane","Bludgeon","Infernal Blade","Cleave","Pommel Strike","Shrug It Off+1","True Grit","Sever Soul","Flex","Iron Wave","Spot Weakness","Offering"],"max_hp_per_floor":[80,80,80,80,80,80,80,80,80,80,80,80,80,80,80,80],"relics":["Burning Blood","Toolbox","Singing Bowl"],"card_choices":[{"not_picked":["Anger","Second Wind"],"picked":"Infernal Blade","floor":1},{"not_picked":["Feel No Pain","Clothesline"],"picked":"Cleave","floor":2},{"not_picked":["Pummel","Hemokinesis"],"picked":"Pommel Strike","floor":4},{"not_picked":["Flame Barrier","Pommel Strike"],"picked":"Shrug It Off","floor":5},{"not_picked":["Power Through","Reckless Charge"],"picked":"Sever Soul","floor":8},{"not_picked":["Disarm","Evolve"],"picked":"Iron Wave","floor":11},{"not_picked":["Anger","Perfected Strike"],"picked":"Spot Weakness","floor":12},{"not_picked":["Perfected Strike","Reckless Charge"],"picked":"Offering","floor":13}],"player_experience":461818,"potions_floor_usage":[5,8,12,16],"damage_taken":[{"damage":0,"enemies":"2 Louse","floor":1,"turns":3},{"damage":15,"enemies":"Small Slimes","floor":2,"turns":3},{"damage":9,"enemies":"Jaw Worm","floor":4,"turns":3},{"damage":38,"enemies":"Exordium Thugs","floor":5,"turns":6},{"damage":39,"enemies":"Lagavulin","floor":8,"turns":6},{"damage":0,"enemies":"3 Louse","floor":11,"turns":3},{"damage":12,"enemies":"Large Slime","floor":12,"turns":6},{"damage":1,"enemies":"Looter","floor":13,"turns":3},{"damage":50,"enemies":"Slime Boss","floor":16,"turns":8}],"event_choices":[{"event_name":"The Cleric","player_choice":"Card Removal","floor":3,"damage_taken":0},{"event_name":"World of Goop","player_choice":"Left","floor":14,"damage_taken":0}],"boss_relics":[],"potions_floor_spawned":[2,5,8,13],"seed_played":"1184635523839144066","killed_by":"Slime Boss","ascension_level":11,"is_trial":false}