{"path_per_floor":["M","?","M","$","T","R","M","M","T","R","M","M","$","M","R","B",null,"M","?","$"],"character_chosen":"IRONCLAD","items_purchased":["Heavy Blade","War Paint","Inflame","Finesse"],"gold_per_floor":[110,110,130,106,106,106,118,130,157,157,173,188,32,42,42,146,176,196,196,19,4],"floor_reached":21,"campfire_rested":2,"playtime":389,"current_hp_per_floor":[60,60,48,48,48,48,42,8,8,47,36,22,22,22,61,4,80,1,1,1,0],"items_purged":[],"gold":4,"score":231,"play_id":"255f32f6-a61e-4ad4-a45f-1714e45d1619","local_time":"20180402214120","is_prod":false,"is_daily":false,"is_ascension_mode":true,"campfire_upgraded":1,"timestamp":1522719680,"path_taken":["M","?","M","$","?","R","?","M","T","R","M","M","$","M","R","BOSS","M","?","$","M"],"build_version":"2018-03-29v2","purchased_purges":0,"victory":false,"master_deck":["Strike_R","Strike_R","Strike_R","Strike_R","Strike_R","Defend_R","Defend_R","Defend_R+1","Defend_R","Bash","Whirlwind+1","Dual Wield","Heavy Blade","Cleave","Cleave","Carnage","Flex+1","Wild Strike","Dark Embrace+1","Injury","Parasite","Injury","Rupture+1","Ghostly","Ghostly","Ghostly","Ghostly","Ghostly","Inflame+1","Finesse"],"max_hp_per_floor":[80,80,80,80,80,80,80,80,80,80,80,80,80,80,80,80,80,80,40,40,40],"relics":["Lizard Tail","Frozen Egg 2","Regal Pillow","War Paint","Calling Bell","Tiny Chest","Blue Candle","Juzu Bracelet"],"card_choices":[{"not_picked":["Cleave","Warcry"],"picked":"Whirlwind","floor":1},{"not_picked":["True Grit","Clothesline"],"picked":"Dual Wield","floor":3},{"not_picked":["Heavy Blade","Barricade"],"picked":"Cleave","floor":7},{"not_picked":["Heavy Blade","Disarm"],"picked":"Cleave","floor":8},{"not_picked":["Wild Strike","Burning Pact"],"picked":"Carnage","floor":11},{"not_picked":["Blood for Blood","Hemokinesis"],"picked":"Flex","floor":12},{"not_picked":["Iron Wave","Clash"],"picked":"Wild Strike","floor":14},{"not_picked":["Barricade","Berserk"],"picked":"Dark Embrace","floor":16},{"not_picked":["True Grit","Clothesline"],"picked":"Rupture","floor":18}],"player_experience":191084,"potions_floor_usage":[8,11,16,16],"damage_taken":[{"damage":20,"enemies":"Small Slimes","floor":1,"turns":3},{"damage":12,"enemies":"Jaw Worm","floor":3,"turns":2},{"damage":6,"enemies":"Cultist","floor":7,"turns":3},{"damage":34,"enemies":"Exordium Thugs","floor":8,"turns":3},{"damage":11,"enemies":"Looter","floor":11,"turns":2},{"damage":14,"enemies":"Red Slaver","floor":12,"turns":2},{"damage":0,"enemies":"3 Louse","floor":14,"turns":2},{"damage":98,"enemies":"Hexaghost","floor":16,"turns":10},{"damage":79,"enemies":"Shell Parasite","floor":18,"turns":6},{"damage":1,"enemies":"2 Thieves","floor":21,"turns":1}],"event_choices":[{"event_name":"The Cleric","player_choice":"Leave","floor":2,"damage_taken":0},{"event_name":"Ghosts","player_choice":"Became a Ghost","floor":19,"damage_taken":0}],"boss_relics":[{"not_picked":["Mark of Pain","Eternal Feather"],"picked":"Calling Bell"}],"potions_floor_spawned":[3,8,11,14,18],"seed_played":"3195096053387782545","killed_by":"2 Thieves","ascension_level":4,"is_trial":false}