{"path_per_floor":["M","?","?","M","?","R","M","E","T","M","R","M","$","M","R","B",null,"M","M","?","$","?","R","E","R","T","R","?","?","M","$","R","B",null,"M","?","$","M","M","R","?","R","T","R","M","E","M","?","R","B"],"character_chosen":"IRONCLAD","items_purchased":["Flash of Steel","Whirlwind"],"gold_per_floor":[118,118,118,128,128,128,144,182,182,200,200,213,44,67,67,192,192,217,241,141,60,60,60,96,96,96,96,96,96,108,8,8,106,136,151,151,26,38,52,52,52,52,52,52,67,101,112,157,157,157],"floor_reached":51,"campfire_rested":1,"playtime":1885,"current_hp_per_floor":[39,23,16,22,22,44,45,37,37,37,37,43,43,42,42,27,74,74,74,74,74,74,74,64,64,78,78,78,62,63,63,63,62,93,96,96,96,96,96,96,84,84,84,84,90,96,96,96,96,96],"items_purged":["Strike_R","Pain","Defend_R"],"gold":157,"score":818,"play_id":"3f5e13e2-5d05-43e1-b971-4b67d75eccee","local_time":"20180330230207","is_prod":false,"is_daily":false,"is_ascension_mode":false,"campfire_upgraded":10,"timestamp":1522472527,"path_taken":["M","?","?","M","?","R","M","E","T","M","R","M","$","M","R","BOSS","M","M","?","$","?","R","E","R","T","R","?","?","M","$","R","BOSS","M","?","$","M","M","R","?","R","T","R","M","E","?","?","R","BOSS"],"build_version":"2018-03-29v2","purchased_purges":3,"victory":true,"master_deck":["Strike_R+1","Strike_R","Defend_R+1","Defend_R+1","Defend_R","Bash+1","Bludgeon+1","Shrug It Off+1","Battle Trance","Thunderclap","Sever Soul+1","Infernal Blade+1","Flash of Steel+1","Feel No Pain+1","Fiend Fire+1","Warcry+1","Shrug It Off+1","J.A.X.+1","Whirlwind+1","Necronomicurse","Fiend Fire+1","Flame Barrier","Madness+1","Madness+1","Writhe","Disarm+1","Shrug It Off+1"],"max_hp_per_floor":[80,80,80,80,74,74,74,74,74,74,74,74,74,74,74,74,74,74,74,74,74,74,74,74,74,88,88,88,88,88,88,88,88,93,96,96,96,96,96,96,96,96,96,96,96,96,96,96,96,96],"relics":["Burning Blood","Bloody Idol","Molten Egg 2","Dead Branch","Cursed Key","Oddly Smooth Stone","Mango","Necronomicon","Tiny House","Champion Belt","Dream Catcher","Bird Faced Urn"],"card_choices":[{"not_picked":["Berserk","Impervious"],"picked":"Bludgeon","floor":0.0},{"not_picked":["Iron Wave","Reckless Charge"],"picked":"Shrug It Off","floor":1.0},{"not_picked":["Clash","Feel No Pain"],"picked":"Battle Trance","floor":4.0},{"not_picked":["Clothesline","True Grit"],"picked":"Thunderclap","floor":7.0},{"not_picked":["Impervious","Headbutt"],"picked":"Sever Soul","floor":10.0},{"not_picked":["Heavy Blade","Clothesline"],"picked":"Infernal Blade","floor":12},{"not_picked":["Clash","Flex"],"picked":"Feel No Pain","floor":14},{"not_picked":["Brutality","Juggernaut"],"picked":"Fiend Fire","floor":16},{"not_picked":["Anger","Armaments"],"picked":"Warcry","floor":18},{"not_picked":["Clothesline","Pommel Strike"],"picked":"Shrug It Off","floor":19},{"not_picked":["Berserk","Barricade"],"picked":"Fiend Fire","floor":33},{"not_picked":["True Grit","Rampage"],"picked":"Flame Barrier","floor":34},{"not_picked":["Rupture","Power Through"],"picked":"Disarm","floor":45},{"not_picked":["Metallicize","Clash"],"picked":"Shrug It Off","floor":47}],"player_experience":598060,"potions_floor_usage":[24,24,30,50,50,50],"damage_taken":[{"damage":7.0,"enemies":"2 Louse","floor":1.0,"turns":2.0},{"damage":0.0,"enemies":"Jaw Worm","floor":4.0,"turns":4.0},{"damage":5.0,"enemies":"Small Slimes","floor":7.0,"turns":2.0},{"damage":14.0,"enemies":"3 Sentries","floor":8.0,"turns":7.0},{"damage":6.0,"enemies":"Exordium Wildlife","floor":10.0,"turns":3.0},{"damage":0,"enemies":"Large Slime","floor":12,"turns":4},{"damage":7,"enemies":"2 Fungi Beasts","floor":14,"turns":3},{"damage":25,"enemies":"Hexaghost","floor":16,"turns":10},{"damage":0,"enemies":"Chosen","floor":18,"turns":2},{"damage":4,"enemies":"3 Byrds","floor":19,"turns":4},{"damage":25,"enemies":"Slavers","floor":24,"turns":4},{"damage":10,"enemies":"Slaver and Parasite","floor":30,"turns":4},{"damage":12,"enemies":"Champ","floor":33,"turns":6},{"damage":6,"enemies":"3 Shapes","floor":35,"turns":5},{"damage":8,"enemies":"3 Darklings","floor":38,"turns":3},{"damage":0,"enemies":"Sphere and 2 Shapes","floor":39,"turns":4},{"damage":5,"enemies":"4 Shapes","floor":45,"turns":2},{"damage":4,"enemies":"Giant Head","floor":46,"turns":4},{"damage":3,"enemies":"3 Darklings","floor":47,"turns":4},{"damage":9,"enemies":"Mysterious Sphere","floor":48,"turns":3},{"damage":3,"enemies":"Time Eater","floor":50,"turns":5}],"event_choices":[{"event_name":"Shining Light","player_choice":"Entered Light","floor":2.0,"damage_taken":0.0},{"event_name":"Golden Wing","player_choice":"Card Removal","floor":3.0,"damage_taken":0.0},{"event_name":"Golden Idol","player_choice":"Lose Max HP","floor":5.0,"damage_taken":0.0},{"event_name":"Drug Dealer","player_choice":"Got JAXXED","floor":20,"damage_taken":0},{"event_name":"Addict","player_choice":"Ignored","floor":22,"damage_taken":0},{"event_name":"Forgotten Altar","player_choice":"Gave Idol","floor":28,"damage_taken":0},{"event_name":"Cursed Tome","player_choice":"Obtained Book","floor":29,"damage_taken":0},{"event_name":"Bonfire Elementals","player_choice":"BASIC","floor":36,"damage_taken":0},{"event_name":"Winding Halls","player_choice":"Embrace Madness","floor":41,"damage_taken":0},{"event_name":"Mysterious Sphere","player_choice":"Fight","floor":48,"damage_taken":0}],"boss_relics":[{"not_picked":["Astrolabe","Runic Cube"],"picked":"Cursed Key"},{"not_picked":["Runic Dome","Black Blood"],"picked":"Tiny House"}],"potions_floor_spawned":[8,14,16,18,19,33,38,45,46,47],"seed_played":"2120589258979268246","ascension_level":0,"is_trial":false}