{"path_per_floor":["M","?","$","M","$","R","E","$","T","R","M","M","$","M","R","B",null,"M","M","?","?","M","R","M","M","T","?","M","R","?","?","R"],"character_chosen":"IRONCLAD","items_purchased":["Clash","Flex","Double Tap"],"gold_per_floor":[118,193,64,84,84,84,109,59,137,137,154,168,58,77,77,148,148,163,173,173,173,192,192,206,224,224,139,151,151,76,76,76,76],"floor_reached":33,"campfire_rested":2,"playtime":1019,"current_hp_per_floor":[78,67,67,73,73,73,79,79,79,79,80,78,78,80,80,80,80,68,70,70,70,42,42,41,47,47,47,14,38,38,22,46,0],"items_purged":["Strike_R"],"gold":76,"score":531,"play_id":"32b50b38-a319-414e-a564-9c4c5fcd0043","local_time":"20180331103917","is_prod":false,"is_daily":false,"is_ascension_mode":true,"campfire_upgraded":4,"timestamp":1522485557,"path_taken":["M","?","$","?","?","R","E","$","T","R","M","M","$","M","R","BOSS","M","M","?","?","M","R","?","M","T","?","M","R","?","?","R","BOSS"],"build_version":"2018-03-29v2","purchased_purges":1,"victory":false,"master_deck":["Strike_R","Strike_R","Defend_R","Defend_R","Bash","AscendersBane","Iron Wave","Clash","Offering+1","Limit Break+1","Flex+1","Flex","Heavy Blade","Double Tap","Dual Wield","Reaper+1","Armaments+1","Clash+1","True Grit+1","Metallicize","Flame Barrier+1"],"max_hp_per_floor":[80,80,80,80,80,80,80,80,80,80,80,80,80,80,80,80,80,80,80,80,80,80,80,80,80,80,80,80,80,80,80,80,80],"relics":["Burning Blood","NeowsBlessing","Blue Candle","The Courier","Astrolabe","Bird Faced Urn","Kunai","Enchiridion"],"card_choices":[{"not_picked":["Pommel Strike","Warcry"],"picked":"Iron Wave","floor":1},{"not_picked":["Perfected Strike","Corruption"],"picked":"Offering","floor":4},{"not_picked":["Body Slam","Intimidate"],"picked":"Limit Break","floor":7},{"not_picked":["Carnage","Wild Strike"],"picked":"Flex","floor":11},{"not_picked":["Warcry","Thunderclap"],"picked":"Heavy Blade","floor":12},{"not_picked":["Headbutt","Clash"],"picked":"Dual Wield","floor":14},{"not_picked":["Iron Wave","Headbutt"],"picked":"True Grit","floor":18},{"not_picked":["Perfected Strike","Flex"],"picked":"Flame Barrier","floor":22}],"player_experience":312589,"potions_floor_usage":[16,19,24,24,25,33],"damage_taken":[{"damage":0,"enemies":"Small Slimes","floor":1,"turns":1},{"damage":0,"enemies":"2 Louse","floor":4,"turns":1},{"damage":0,"enemies":"Lagavulin","floor":7,"turns":1},{"damage":4,"enemies":"Cultist","floor":11,"turns":3},{"damage":8,"enemies":"Red Slaver","floor":12,"turns":4},{"damage":4,"enemies":"Exordium Wildlife","floor":14,"turns":1},{"damage":4,"enemies":"Slime Boss","floor":16,"turns":3},{"damage":18,"enemies":"Shell Parasite","floor":18,"turns":3},{"damage":4,"enemies":"2 Thieves","floor":19,"turns":2},{"damage":34,"enemies":"Sentry and Sphere","floor":22,"turns":4},{"damage":29,"enemies":"Centurion and Healer","floor":24,"turns":9},{"damage":28,"enemies":"3 Cultists","floor":25,"turns":6},{"damage":44,"enemies":"Cultist and Chosen","floor":28,"turns":7},{"damage":70,"enemies":"Collector","floor":33,"turns":5}],"event_choices":[{"event_name":"World of Goop","player_choice":"Gather Gold","floor":2,"damage_taken":0},{"event_name":"Vampires","player_choice":"Ignored","floor":20,"damage_taken":0},{"event_name":"The Library","player_choice":"Read","floor":21,"damage_taken":0},{"event_name":"Addict","player_choice":"Obtained Relic","floor":27,"damage_taken":0},{"event_name":"Beggar","player_choice":"Gave Gold","floor":30,"damage_taken":0},{"event_name":"Cursed Tome","player_choice":"Obtained Book","floor":31,"damage_taken":0}],"boss_relics":[{"not_picked":["Runic Pyramid","Eternal Feather"],"picked":"Astrolabe"}],"potions_floor_spawned":[4,11,12,18,22,24],"seed_played":"-5364182969874034293","killed_by":"Collector","ascension_level":13,"is_trial":false}