{"path_per_floor":["M","M","M","M","M","E","M","R","T","M","$","R","M","$","R","B",null,"M","?","M"],"character_chosen":"IRONCLAD","items_purchased":["Regal Pillow","Whirlwind"],"gold_per_floor":[116,134,146,165,185,220,232,232,310,322,144,144,158,17,17,118,118,133,133,145,145],"floor_reached":21,"campfire_rested":2,"playtime":1165,"current_hp_per_floor":[64,70,71,62,59,17,19,43,43,31,31,70,52,52,52,8,62,68,68,48,0],"items_purged":["Strike_R","Strike_R"],"gold":145,"score":287,"play_id":"0a80b785-09a4-4278-8c18-b9f109e8c755","local_time":"20180330181746","is_prod":false,"is_daily":false,"is_ascension_mode":true,"campfire_upgraded":1,"timestamp":1522448266,"path_taken":["M","M","M","M","M","E","M","R","T","M","$","R","M","$","R","BOSS","M","?","M","M"],"build_version":"2018-03-29","purchased_purges":2,"victory":false,"master_deck":["Strike_R","Strike_R","Strike_R","Defend_R","Defend_R","Defend_R","Defend_R","Bash+1","AscendersBane","Shrug It Off","Flex","Heavy Blade","Uppercut","Body Slam+1","Battle Trance","Disarm","Shrug It Off","True Grit","Whirlwind","Limit Break","Pommel Strike","Pommel Strike"],"max_hp_per_floor":[80,80,80,80,80,80,80,80,80,80,80,80,80,80,80,80,80,80,80,80,80],"relics":["Burning Blood","Sundial","The Courier","Regal Pillow","Philosopher\u0027s Stone"],"card_choices":[{"not_picked":["Anger","Dual Wield"],"picked":"Shrug It Off","floor":1},{"not_picked":["Sever Soul","Power Through"],"picked":"Flex","floor":2},{"not_picked":["Wild Strike","Carnage"],"picked":"Heavy Blade","floor":3},{"not_picked":["Fire Breathing","Shrug It Off"],"picked":"Uppercut","floor":4},{"not_picked":["Shrug It Off","Thunderclap"],"picked":"Body Slam","floor":5},{"not_picked":["Havoc","Pummel"],"picked":"Battle Trance","floor":6},{"not_picked":["Sword Boomerang","Headbutt"],"picked":"Disarm","floor":7},{"not_picked":["Carnage","Juggernaut"],"picked":"Shrug It Off","floor":10},{"not_picked":["Dropkick","Rampage"],"picked":"True Grit","floor":13},{"not_picked":["Berserk","Juggernaut"],"picked":"Limit Break","floor":16},{"not_picked":["Combust","Bloodletting"],"picked":"Pommel Strike","floor":18}],"player_experience":469059,"potions_floor_usage":[6,10,10,16,16],"damage_taken":[{"damage":14,"enemies":"Jaw Worm","floor":1,"turns":5},{"damage":0,"enemies":"Small Slimes","floor":2,"turns":3},{"damage":5,"enemies":"2 Louse","floor":3,"turns":4},{"damage":15,"enemies":"Red Slaver","floor":4,"turns":5},{"damage":9,"enemies":"3 Louse","floor":5,"turns":4},{"damage":48,"enemies":"Lagavulin","floor":6,"turns":7},{"damage":4,"enemies":"2 Fungi Beasts","floor":7,"turns":4},{"damage":30,"enemies":"Lots of Slimes","floor":10,"turns":7},{"damage":24,"enemies":"Gremlin Gang","floor":13,"turns":7},{"damage":50,"enemies":"The Guardian","floor":16,"turns":18},{"damage":0,"enemies":"3 Byrds","floor":18,"turns":4},{"damage":26,"enemies":"Chosen","floor":20,"turns":5},{"damage":51,"enemies":"Snake Plant","floor":21,"turns":4}],"event_choices":[{"event_name":"The Library","player_choice":"Read","floor":19,"damage_taken":0}],"boss_relics":[{"not_picked":["Runic Pyramid","Black Blood"],"picked":"Philosopher\u0027s Stone"}],"potions_floor_spawned":[2,4,6,7,13,18],"seed_played":"7193670321322639323","killed_by":"Snake Plant","ascension_level":11,"is_trial":false}