{"path_per_floor":["M","$","T","M","?","R","E","R","T","M","R","M","R","?","R","B",null,"M","$","?","M","?","E","R","M","T","R","E","T","$","M","R","B",null,"M","?","M","M","?","R","E","R","T","$","R","M","?"],"character_chosen":"IRONCLAD","items_purchased":["Happy Flower","Regen Potion","Whetstone","Block Potion"],"gold_per_floor":[109,34,84,98,98,98,133,133,211,229,229,246,246,274,274,351,351,363,116,16,28,28,57,57,68,68,68,101,101,50,64,64,139,139,153,153,172,183,183,183,213,213,237,35,35,45,0,0],"floor_reached":48,"campfire_rested":6,"playtime":1051,"current_hp_per_floor":[74,74,74,75,68,68,74,74,74,75,75,75,75,61,61,47,68,67,67,67,56,56,26,48,32,32,54,21,21,21,33,55,37,66,61,61,48,19,19,41,8,30,30,30,52,38,38,0],"items_purged":["Strike_R","Strike_R"],"gold":0,"score":925,"play_id":"ce9479af-f46f-4eb7-86e4-ee25dc60339c","local_time":"20180401163940","is_prod":false,"is_daily":false,"is_ascension_mode":true,"campfire_upgraded":5,"timestamp":1522618780,"path_taken":["M","$","?","?","?","R","E","R","T","M","R","M","R","?","R","BOSS","M","$","?","M","?","E","R","M","T","R","E","?","$","M","R","BOSS","M","?","M","M","?","R","E","R","T","$","R","?","?","M"],"build_version":"2018-03-29v2","purchased_purges":2,"victory":false,"master_deck":["Strike_R+1","Defend_R","Defend_R+1","Defend_R","Defend_R+1","Bash+1","AscendersBane","Sword Boomerang","Sword Boomerang+1","Demon Form+1","Shrug It Off","Uppercut+1","Heavy Blade+1","Impervious","Warcry+1","J.A.X.+1","Thunderclap","Headbutt+1","Cleave+1","Flame Barrier","Barricade","Impervious","Iron Wave","Shockwave","Clash"],"max_hp_per_floor":[75,75,75,75,75,75,75,75,75,75,75,75,75,75,75,75,75,75,75,75,75,75,75,75,75,75,75,75,75,75,75,75,75,75,75,75,75,75,75,75,75,75,75,75,75,75,75,75],"relics":["Burning Blood","NeowsBlessing","War Paint","Pen Nib","Tiny Chest","Odd Mushroom","Mark of Pain","Happy Flower","Dodecahedron","Bottled Lightning","Ice Cream","Unceasing Top","Lizard Tail","Blood Vial","Oddly Smooth Stone","Whetstone","Red Mask"],"card_choices":[{"not_picked":["Armaments","Anger"],"picked":"Sword Boomerang","floor":1},{"not_picked":["Warcry","Twin Strike"],"picked":"Sword Boomerang","floor":4},{"not_picked":["Dark Embrace","Uppercut"],"picked":"Demon Form","floor":7},{"not_picked":["Clothesline","Armaments"],"picked":"Shrug It Off","floor":10},{"not_picked":["Hemokinesis","Reckless Charge"],"picked":"Uppercut","floor":12},{"not_picked":["Wild Strike","Iron Wave"],"picked":"Heavy Blade","floor":14},{"not_picked":["Fiend Fire","Feed"],"picked":"Impervious","floor":16},{"not_picked":["Second Wind","Wild Strike"],"picked":"Warcry","floor":18},{"not_picked":["Warcry","Carnage"],"picked":"Thunderclap","floor":21},{"not_picked":["Bloodletting","Shrug It Off"],"picked":"Headbutt","floor":23},{"not_picked":["Iron Wave","Clash"],"picked":"Cleave","floor":25},{"not_picked":["Clash","Double Tap"],"picked":"Flame Barrier","floor":31},{"not_picked":["Berserk","Juggernaut"],"picked":"Barricade","floor":33},{"not_picked":["Headbutt","Inflame"],"picked":"Iron Wave","floor":37},{"not_picked":["Infernal Blade","Thunderclap"],"picked":"Shockwave","floor":38}],"player_experience":401736,"potions_floor_usage":[14,14,16,25,31,41,46],"damage_taken":[{"damage":0,"enemies":"Cultist","floor":1,"turns":1},{"damage":0,"enemies":"Small Slimes","floor":4,"turns":1},{"damage":0,"enemies":"Lagavulin","floor":7,"turns":1},{"damage":0,"enemies":"2 Louse","floor":10,"turns":4},{"damage":5,"enemies":"Blue Slaver","floor":12,"turns":3},{"damage":20,"enemies":"The Mushroom Lair","floor":14,"turns":4},{"damage":20,"enemies":"Slime Boss","floor":16,"turns":6},{"damage":7,"enemies":"Chosen","floor":18,"turns":4},{"damage":17,"enemies":"3 Byrds","floor":21,"turns":5},{"damage":36,"enemies":"Gremlin Leader","floor":23,"turns":5},{"damage":22,"enemies":"Snake Plant","floor":25,"turns":3},{"damage":39,"enemies":"Slavers","floor":28,"turns":3},{"damage":3,"enemies":"Cultist and Chosen","floor":31,"turns":4},{"damage":24,"enemies":"Champ","floor":33,"turns":8},{"damage":11,"enemies":"Orb Walker","floor":35,"turns":3},{"damage":19,"enemies":"3 Shapes","floor":37,"turns":5},{"damage":35,"enemies":"Maw","floor":38,"turns":7},{"damage":78,"enemies":"2 Orb Walkers","floor":41,"turns":5},{"damage":22,"enemies":"Sphere and 2 Shapes","floor":46,"turns":5},{"damage":64,"enemies":"4 Shapes","floor":48,"turns":3}],"event_choices":[{"event_name":"Golden Wing","player_choice":"Card Removal","floor":5,"damage_taken":0},{"event_name":"Mushrooms","player_choice":"Fought Mushrooms","floor":14,"damage_taken":0},{"event_name":"Drug Dealer","player_choice":"Got JAXXED","floor":20,"damage_taken":0},{"event_name":"Upgrade Shrine","player_choice":"Upgraded","floor":22,"damage_taken":0},{"event_name":"Duplicator","player_choice":"One dupe","floor":36,"damage_taken":0},{"event_name":"Transmorgrifier","player_choice":"Transform","floor":39,"damage_taken":0},{"event_name":"Tomb of Lord Red Mask","player_choice":"Paid","floor":47,"damage_taken":0}],"boss_relics":[{"not_picked":["Runic Cube","Calling Bell"],"picked":"Mark of Pain"},{"not_picked":["Pandora\u0027s Box","Velvet Choker"],"picked":"Lizard Tail"}],"potions_floor_spawned":[7,12,14,21,31,37,41],"seed_played":"2282213689532452197","killed_by":"4 Shapes","ascension_level":14,"is_trial":false}