{"path_per_floor":["M","?","M","M","?","R","E","$","T","M","R","?","R","E","R","B",null,"M","$","?","M","?","E","R","?","T","R","M","$","R","M","R","B",null,"M","M","M","$","?","R","E","R","T","R","M","M","M","$","R","B"],"character_chosen":"IRONCLAD","items_purchased":["Feed","Strawberry","Offering"],"gold_per_floor":[12,112,128,141,141,141,172,29,29,43,43,43,43,79,79,209,209,229,129,129,150,65,98,98,98,98,98,112,112,112,135,135,255,255,275,300,314,44,44,44,75,75,75,75,100,125,145,71,71,71],"floor_reached":51,"campfire_rested":1,"playtime":1311,"current_hp_per_floor":[80,80,80,80,60,60,35,35,35,36,36,41,41,43,43,49,92,92,92,92,88,88,89,89,73,73,73,73,73,73,76,76,62,98,89,95,103,110,95,95,81,81,81,81,70,73,79,79,118,42],"items_purged":["Defend_R","Defend_R","Defend_R"],"gold":71,"score":879,"play_id":"78efd49c-5c80-45c7-b442-7e1aa4accd2c","local_time":"20180331152003","is_prod":false,"is_daily":false,"is_ascension_mode":false,"campfire_upgraded":11,"timestamp":1522531203,"path_taken":["M","?","M","?","?","R","E","?","T","M","R","?","R","E","R","BOSS","M","$","?","M","?","E","R","?","T","R","M","$","R","?","R","BOSS","M","M","M","$","?","R","E","R","T","R","M","M","M","$","R","BOSS"],"build_version":"2018-03-29v2","purchased_purges":3,"victory":true,"master_deck":["Strike_R","Strike_R","Strike_R","Strike_R","Strike_R","Defend_R+1","Bash+1","Offering+1","Perfected Strike+1","Perfected Strike+1","Feed+1","Pommel Strike+1","Flex","Exhume+1","Twin Strike","Perfected Strike+1","Perfected Strike+1","Perfected Strike+1","Perfected Strike+1","Madness","Madness+1","Offering"],"max_hp_per_floor":[80,80,80,80,80,80,80,80,80,83,83,88,88,88,88,92,92,92,92,92,92,92,92,92,92,92,92,94,94,94,96,96,98,98,98,104,110,117,117,117,119,119,119,119,125,127,133,133,133,137],"relics":["Burning Blood","Golden Idol","Du-Vu Doll","Pen Nib","War Paint","Velvet Choker","Singing Bowl","Ornamental Fan","Enchiridion","Calipers","Snecko Eye","Strawberry","Bag of Preparation","Torii"],"card_choices":[{"not_picked":["Demon Form","Feed"],"picked":"Offering","floor":0},{"not_picked":["Body Slam","Sword Boomerang"],"picked":"Perfected Strike","floor":4},{"not_picked":["Warcry","Intimidate"],"picked":"Perfected Strike","floor":7},{"not_picked":["Uppercut","Exhume"],"picked":"Pommel Strike","floor":10},{"not_picked":["Dropkick","Havoc"],"picked":"Flex","floor":14},{"not_picked":["Impervious","Reaper"],"picked":"Exhume","floor":16},{"not_picked":["Sentinel","Iron Wave"],"picked":"Twin Strike","floor":18},{"not_picked":["Twin Strike","Combust"],"picked":"Perfected Strike","floor":21},{"not_picked":["Wild Strike","Clash"],"picked":"Perfected Strike","floor":23},{"not_picked":["Iron Wave","Body Slam"],"picked":"Perfected Strike","floor":35}],"player_experience":603373,"potions_floor_usage":[23,28,50,50,50],"damage_taken":[{"damage":5,"enemies":"Small Slimes","floor":1,"turns":3},{"damage":5,"enemies":"Cultist","floor":3,"turns":3},{"damage":6,"enemies":"2 Louse","floor":4,"turns":3},{"damage":31,"enemies":"3 Sentries","floor":7,"turns":6},{"damage":8,"enemies":"Gremlin Gang","floor":10,"turns":3},{"damage":4,"enemies":"Lagavulin","floor":14,"turns":2},{"damage":4,"enemies":"Slime Boss","floor":16,"turns":3},{"damage":4,"enemies":"Spheric Guardian","floor":18,"turns":3},{"damage":10,"enemies":"2 Thieves","floor":21,"turns":2},{"damage":5,"enemies":"Book of Stabbing","floor":23,"turns":3},{"damage":8,"enemies":"Centurion and Healer","floor":28,"turns":2},{"damage":5,"enemies":"Cultist and Chosen","floor":31,"turns":2},{"damage":22,"enemies":"Collector","floor":33,"turns":3},{"damage":15,"enemies":"Orb Walker","floor":35,"turns":2},{"damage":6,"enemies":"3 Shapes","floor":36,"turns":3},{"damage":4,"enemies":"Sphere and 2 Shapes","floor":37,"turns":4},{"damage":22,"enemies":"Giant Head","floor":41,"turns":3},{"damage":23,"enemies":"Maw","floor":45,"turns":4},{"damage":5,"enemies":"3 Darklings","floor":46,"turns":3},{"damage":6,"enemies":"4 Shapes","floor":47,"turns":3},{"damage":86,"enemies":"Awakened One","floor":50,"turns":7}],"event_choices":[{"event_name":"Golden Shrine","player_choice":"Pray","floor":2,"damage_taken":0},{"event_name":"Golden Idol","player_choice":"Take Damage","floor":5,"damage_taken":0},{"event_name":"Big Fish","player_choice":"Donut","floor":12,"damage_taken":0},{"event_name":"The Library","player_choice":"Read","floor":20,"damage_taken":0},{"event_name":"Addict","player_choice":"Obtained Relic","floor":22,"damage_taken":0},{"event_name":"Cursed Tome","player_choice":"Obtained Book","floor":25,"damage_taken":0},{"event_name":"Winding Halls","player_choice":"Embrace Madness","floor":39,"damage_taken":0}],"boss_relics":[{"not_picked":["Orrery","Pandora\u0027s Box"],"picked":"Velvet Choker"},{"not_picked":["Runic Pyramid","Eternal Feather"],"picked":"Snecko Eye"}],"potions_floor_spawned":[4,10,18,28,41,47],"seed_played":"804390158602830768","ascension_level":0,"is_trial":false}