{"path_per_floor":["M","M","M","$","?","R","$","R","T","R","E","$","R","?","R","B",null,"M","?","M","M","$","R","E","R","T","R","?","M","R","M","R"],"character_chosen":"IRONCLAD","items_purchased":["Metallicize","Clash","Inflame"],"gold_per_floor":[117,131,143,143,143,143,71,71,71,71,100,1,1,1,1,80,80,96,96,116,129,54,54,88,88,169,169,84,97,97,111,111,111],"floor_reached":33,"campfire_rested":4,"playtime":870,"current_hp_per_floor":[64,64,60,60,45,45,45,45,45,67,50,50,50,50,50,24,62,45,45,41,25,25,47,46,46,46,46,46,35,57,55,75,0],"items_purged":["Strike_R"],"gold":111,"score":444,"play_id":"d8f55b47-c1e5-4c06-bb13-a8bbda19cbf2","local_time":"20180405213519","is_prod":false,"is_daily":false,"is_ascension_mode":true,"campfire_upgraded":6,"timestamp":1522982119,"path_taken":["M","M","M","$","?","R","$","R","T","R","E","?","R","?","R","BOSS","M","?","M","M","$","R","E","R","T","R","?","M","R","M","R","BOSS"],"build_version":"2018-04-05","purchased_purges":1,"victory":false,"master_deck":["Strike_R","Strike_R","Strike_R+1","Strike_R+1","Defend_R","Defend_R","Defend_R","Defend_R","Bash+1","AscendersBane","Clash","Offering","Rampage+1","Metallicize+1","Battle Trance","Clash","Inflame+1","Fiend Fire+1","Evolve+1","Shrug It Off","Exhume+1","Intimidate","Wild Strike"],"max_hp_per_floor":[75,75,75,75,75,75,75,75,75,75,75,75,75,75,75,75,75,75,75,75,75,75,75,75,75,75,75,75,75,75,75,75,75],"relics":["Philosopher\u0027s Stone","Meat on the Bone","Sozu","Nloth\u0027s Gift","Self Forming Clay","Pantograph","Torii"],"card_choices":[{"not_picked":["Perfected Strike","Cleave"],"picked":"Clash","floor":1.0},{"not_picked":["Power Through","Seeing Red"],"picked":"Offering","floor":2.0},{"not_picked":["Headbutt","Infernal Blade"],"picked":"Rampage","floor":3.0},{"not_picked":["Shockwave","Pommel Strike"],"picked":"Battle Trance","floor":11.0},{"not_picked":["Exhume","Barricade"],"picked":"Fiend Fire","floor":16.0},{"not_picked":["Sword Boomerang","Twin Strike"],"picked":"Evolve","floor":18.0},{"not_picked":["Perfected Strike","Thunderclap"],"picked":"Shrug It Off","floor":20.0},{"not_picked":["Brutality","Barricade"],"picked":"Exhume","floor":24.0},{"not_picked":["Armaments","Brutality"],"picked":"Intimidate","floor":29.0},{"not_picked":["Clash","Ghostly Armor"],"picked":"Wild Strike","floor":31.0}],"player_experience":418484,"potions_floor_usage":[],"damage_taken":[{"damage":4.0,"enemies":"Small Slimes","floor":1.0,"turns":4.0},{"damage":0.0,"enemies":"2 Louse","floor":2.0,"turns":4.0},{"damage":4.0,"enemies":"Cultist","floor":3.0,"turns":3.0},{"damage":17.0,"enemies":"Gremlin Nob","floor":11.0,"turns":4.0},{"damage":38.0,"enemies":"Hexaghost","floor":16.0,"turns":6.0},{"damage":17.0,"enemies":"Shell Parasite","floor":18.0,"turns":3.0},{"damage":4.0,"enemies":"Spheric Guardian","floor":20.0,"turns":3.0},{"damage":28.0,"enemies":"Snecko","floor":21.0,"turns":6.0},{"damage":13.0,"enemies":"Gremlin Leader","floor":24.0,"turns":4.0},{"damage":23.0,"enemies":"3 Cultists","floor":29.0,"turns":4.0},{"damage":2.0,"enemies":"Chosen and Byrds","floor":31.0,"turns":3.0},{"damage":86,"enemies":"Automaton","floor":33,"turns":8}],"event_choices":[{"event_name":"Shining Light","player_choice":"Entered Light","floor":5.0,"damage_taken":0.0},{"event_name":"The Cleric","player_choice":"Leave","floor":14.0,"damage_taken":0.0},{"event_name":"N\u0027loth","player_choice":"Traded a Prayer Wheel","floor":19.0,"damage_taken":0.0},{"event_name":"Addict","player_choice":"Obtained Relic","floor":28.0,"damage_taken":0.0}],"boss_relics":[],"potions_floor_spawned":[2,20,29,31],"seed_played":"5902266014159200179","killed_by":"Automaton","ascension_level":14,"is_trial":false}