{"path_per_floor":["M","$","?","$","?","E","R","M","T","R","E","?","M","M","R","B",null,"M","$","?","M"],"character_chosen":"IRONCLAD","items_purchased":["Apotheosis"],"gold_per_floor":[112,37,112,12,90,119,119,131,180,180,206,206,221,233,233,312,312,330,24,24,44,44],"floor_reached":22,"campfire_rested":0,"playtime":793,"current_hp_per_floor":[78,78,67,67,67,73,73,79,79,79,58,58,66,59,59,20,65,60,60,45,22,0],"items_purged":["Strike_R","Strike_R","Perfected Strike"],"gold":44,"score":358,"play_id":"990d4711-82b4-4e1c-900e-d45bbab9ea05","local_time":"20180405180439","is_prod":false,"is_daily":false,"is_ascension_mode":true,"campfire_upgraded":3,"timestamp":1522944279,"path_taken":["M","$","?","$","?","E","R","M","T","R","E","?","M","M","R","BOSS","M","?","?","?","?"],"build_version":"2018-03-29v2","purchased_purges":3,"victory":false,"master_deck":["Strike_R","Defend_R","Defend_R","Defend_R","Bash+1","AscendersBane","Clash","Clash","Dual Wield+1","Intimidate+1","Demon Form","Feel No Pain+1","Evolve+1","Apotheosis","Shrug It Off"],"max_hp_per_floor":[80,80,80,80,80,80,80,80,80,80,80,80,80,80,80,80,80,80,80,85,85,85],"relics":["Burning Blood","NeowsBlessing","Toolbox","Blood Vial","Art of War","Astrolabe"],"card_choices":[{"not_picked":["Reckless Charge","Clothesline"],"picked":"Clash","floor":1},{"not_picked":["Feed","Wild Strike"],"picked":"Clash","floor":6},{"not_picked":["Cleave","Entrench"],"picked":"Dual Wield","floor":8},{"not_picked":["Perfected Strike","Dual Wield"],"picked":"Intimidate","floor":11},{"not_picked":["Dark Embrace","Juggernaut"],"picked":"Demon Form","floor":16},{"not_picked":["Searing Blow","Body Slam"],"picked":"Shrug It Off","floor":21}],"player_experience":323596,"potions_floor_usage":[16,18],"damage_taken":[{"damage":0,"enemies":"Jaw Worm","floor":1,"turns":1},{"damage":0,"enemies":"Lagavulin","floor":6,"turns":2},{"damage":0,"enemies":"Small Slimes","floor":8,"turns":1},{"damage":28,"enemies":"3 Sentries","floor":11,"turns":11},{"damage":0,"enemies":"Cultist","floor":13,"turns":3},{"damage":15,"enemies":"Exordium Wildlife","floor":14,"turns":5},{"damage":47,"enemies":"The Guardian","floor":16,"turns":11},{"damage":13,"enemies":"3 Byrds","floor":18,"turns":5},{"damage":31,"enemies":"Chosen","floor":21,"turns":8},{"damage":25,"enemies":"3 Cultists","floor":22,"turns":4}],"event_choices":[{"event_name":"World of Goop","player_choice":"Gather Gold","floor":3,"damage_taken":0},{"event_name":"Golden Wing","player_choice":"Gained Gold","floor":5,"damage_taken":0},{"event_name":"Shining Light","player_choice":"Ignored","floor":12,"damage_taken":0},{"event_name":"Forgotten Altar","player_choice":"Shed Blood","floor":20,"damage_taken":0}],"boss_relics":[{"not_picked":["Pandora\u0027s Box","Lizard Tail"],"picked":"Astrolabe"}],"potions_floor_spawned":[13,14,16],"seed_played":"8023868214022731703","killed_by":"3 Cultists","ascension_level":13,"is_trial":false}