{"path_per_floor":["M","M","M","?","M","R","M","M","T","R","M","M","?","M","R"],"character_chosen":"IRONCLAD","items_purchased":[],"gold_per_floor":[114,131,144,244,262,262,274,294,294,294,304,315,315,328,328,328],"floor_reached":16,"campfire_rested":1,"playtime":499,"current_hp_per_floor":[65,71,63,63,50,50,30,27,27,51,43,49,54,44,44,0],"items_purged":[],"gold":328,"score":152,"play_id":"4d087cf0-ec17-4d88-9f48-6010547b19b3","local_time":"20180329192818","is_prod":false,"is_daily":false,"is_ascension_mode":true,"campfire_upgraded":2,"timestamp":1522366098,"path_taken":["M","M","M","?","M","R","M","M","T","R","M","M","?","M","R","BOSS"],"build_version":"2018-03-22v2","purchased_purges":0,"victory":false,"master_deck":["Strike_R","Strike_R","Strike_R","Strike_R","Strike_R","Defend_R","Defend_R","Defend_R","Defend_R","Bash","AscendersBane","Juggernaut+1","Infernal Blade","Flex","Spot Weakness","Entrench","Iron Wave","Second Wind","Flame Barrier+1"],"max_hp_per_floor":[80,80,80,80,80,80,80,80,80,80,80,80,85,85,85,85],"relics":["Burning Blood","Art of War"],"card_choices":[{"not_picked":["Havoc","Sword Boomerang"],"picked":"Infernal Blade","floor":1},{"not_picked":["Infernal Blade","Cleave"],"picked":"Flex","floor":2},{"not_picked":["Clash","Metallicize"],"picked":"Spot Weakness","floor":3},{"not_picked":["Inflame","Sword Boomerang"],"picked":"Entrench","floor":7},{"not_picked":["Reckless Charge","Pommel Strike"],"picked":"Iron Wave","floor":11},{"not_picked":["Armaments","Bloodletting"],"picked":"Second Wind","floor":12},{"not_picked":["Metallicize","Searing Blow"],"picked":"Flame Barrier","floor":14}],"player_experience":464621,"potions_floor_usage":[8,14,16,16,16],"damage_taken":[{"damage":13,"enemies":"Jaw Worm","floor":1,"turns":5},{"damage":0,"enemies":"Cultist","floor":2,"turns":2},{"damage":14,"enemies":"2 Louse","floor":3,"turns":3},{"damage":19,"enemies":"Blue Slaver","floor":5,"turns":4},{"damage":26,"enemies":"Looter","floor":7,"turns":4},{"damage":9,"enemies":"Red Slaver","floor":8,"turns":5},{"damage":14,"enemies":"Blue Slaver","floor":11,"turns":6},{"damage":0,"enemies":"Exordium Wildlife","floor":12,"turns":2},{"damage":16,"enemies":"3 Louse","floor":14,"turns":4},{"damage":48,"enemies":"Hexaghost","floor":16,"turns":9}],"event_choices":[{"event_name":"Golden Shrine","player_choice":"Pray","floor":4,"damage_taken":0},{"event_name":"Big Fish","player_choice":"Donut","floor":13,"damage_taken":0}],"boss_relics":[],"potions_floor_spawned":[1,3,11,12,14],"seed_played":"-4800901800942676920","killed_by":"Hexaghost","ascension_level":11,"is_trial":false}