{"path_per_floor":["M","M","?","M","M","R","E","R","T","R","M","E","$","E","R","B",null,"M","?","M","M","?","R","M","E","T","E","M","M","?","E","R"],"character_chosen":"IRONCLAD","items_purchased":["Offering"],"gold_per_floor":[117,129,79,90,106,106,140,140,140,140,160,189,28,61,61,135,135,118,118,129,149,49,49,60,91,91,125,143,153,253,282,282,282],"floor_reached":33,"campfire_rested":1,"playtime":1216,"current_hp_per_floor":[70,72,72,68,72,72,46,46,46,46,51,44,44,46,46,25,63,65,65,66,68,68,75,62,52,52,48,43,42,42,8,38,0],"items_purged":[],"gold":282,"score":641,"play_id":"8a801739-c255-4c5f-add6-bc3940206355","local_time":"20180406002015","is_prod":false,"is_daily":false,"is_ascension_mode":true,"campfire_upgraded":5,"timestamp":1522966815,"path_taken":["M","M","?","?","M","R","E","R","T","R","M","E","$","E","R","BOSS","M","?","M","?","?","R","M","E","T","E","M","M","?","E","R","BOSS"],"build_version":"2018-03-29v2","purchased_purges":0,"victory":false,"master_deck":["Strike_R","Strike_R","Strike_R","Strike_R","Defend_R","Defend_R","Defend_R","Defend_R","Bash","AscendersBane","Battle Trance","Iron Wave+1","Dual Wield+1","Cleave+1","Inflame","Seeing Red+1","Intimidate","Offering","Clash","Limit Break+1","Clash","Heavy Blade","J.A.X.","Bloodletting"],"max_hp_per_floor":[75,75,75,75,75,75,75,75,75,75,75,75,75,75,75,75,75,75,75,75,75,75,75,75,75,75,75,75,75,75,75,75,75],"relics":["Burning Blood","Lantern","Ice Cream","Gambling Chip","Bag of Preparation","Matryoshka","Eternal Feather","Vajra","Pen Nib","Shovel","Happy Flower","Question Card"],"card_choices":[{"not_picked":["True Grit","Twin Strike"],"picked":"Battle Trance","floor":1},{"not_picked":["Combust","Sword Boomerang"],"picked":"Iron Wave","floor":2},{"not_picked":["Infernal Blade","Pommel Strike"],"picked":"Dual Wield","floor":4},{"not_picked":["Intimidate","Thunderclap"],"picked":"Cleave","floor":5},{"not_picked":["Rupture","Clothesline"],"picked":"Inflame","floor":7},{"not_picked":["Warcry","Pommel Strike"],"picked":"Seeing Red","floor":11},{"not_picked":["Second Wind","Pommel Strike"],"picked":"Intimidate","floor":12},{"not_picked":["Combust","Feed"],"picked":"Clash","floor":14},{"not_picked":["Dark Embrace","Fiend Fire"],"picked":"Limit Break","floor":16},{"not_picked":["Warcry","Twin Strike"],"picked":"Clash","floor":18},{"not_picked":["Clothesline","Wild Strike"],"picked":"Heavy Blade","floor":21},{"not_picked":["Bludgeon","Sever Soul"],"picked":"Bloodletting","floor":25}],"player_experience":339952,"potions_floor_usage":[16,20,25,25,29,31],"damage_taken":[{"damage":4,"enemies":"2 Louse","floor":1,"turns":3},{"damage":4,"enemies":"Jaw Worm","floor":2,"turns":4},{"damage":10,"enemies":"Small Slimes","floor":4,"turns":4},{"damage":2,"enemies":"2 Fungi Beasts","floor":5,"turns":4},{"damage":32,"enemies":"Gremlin Nob","floor":7,"turns":4},{"damage":1,"enemies":"Blue Slaver","floor":11,"turns":2},{"damage":13,"enemies":"3 Sentries","floor":12,"turns":6},{"damage":4,"enemies":"Gremlin Nob","floor":14,"turns":2},{"damage":27,"enemies":"The Guardian","floor":16,"turns":7},{"damage":4,"enemies":"2 Thieves","floor":18,"turns":4},{"damage":5,"enemies":"Spheric Guardian","floor":20,"turns":3},{"damage":4,"enemies":"Centurion and Healer","floor":21,"turns":5},{"damage":19,"enemies":"Cultist and Chosen","floor":24,"turns":5},{"damage":16,"enemies":"Book of Stabbing","floor":25,"turns":3},{"damage":10,"enemies":"Slavers","floor":27,"turns":1},{"damage":11,"enemies":"Snecko","floor":28,"turns":3},{"damage":7,"enemies":"3 Cultists","floor":29,"turns":3},{"damage":40,"enemies":"Gremlin Leader","floor":31,"turns":3},{"damage":56,"enemies":"Champ","floor":33,"turns":6}],"event_choices":[{"event_name":"The Cleric","player_choice":"Card Removal","floor":3,"damage_taken":0},{"event_name":"Vampires","player_choice":"Ignored","floor":19,"damage_taken":0},{"event_name":"Drug Dealer","player_choice":"Got JAXXED","floor":22,"damage_taken":0},{"event_name":"Golden Shrine","player_choice":"Pray","floor":30,"damage_taken":0}],"boss_relics":[{"not_picked":["Runic Pyramid","Philosopher\u0027s Stone"],"picked":"Eternal Feather"}],"potions_floor_spawned":[4,5,7,12,20,21,24,27],"seed_played":"-8824089962749435513","killed_by":"Champ","ascension_level":14,"is_trial":false}