{"path_per_floor":["M","M","?","$","?","R","M","E","T","E","R","E","R","M","R","B",null,"M","?","M","?","M","R","T","E","T","$","?","R","M","M","R","B",null,"M","T","$"],"character_chosen":"IRONCLAD","items_purchased":["Shrug It Off","Corruption","Kunai"],"gold_per_floor":[115,133,133,10,10,10,21,52,52,84,84,117,117,132,132,206,206,222,167,187,187,201,201,253,287,311,241,241,241,259,272,272,343,343,358,381,43,43],"floor_reached":38,"campfire_rested":4,"playtime":1516,"current_hp_per_floor":[74,78,78,78,78,78,80,71,71,51,75,75,75,70,70,23,66,71,71,58,42,44,68,68,18,18,18,18,42,38,50,75,24,69,15,15,15,0],"items_purged":["Strike_R","Injury"],"gold":43,"score":677,"play_id":"6f6c27d3-3926-4b49-989f-1f8a9633cc56","local_time":"20180404221422","is_prod":false,"is_daily":false,"is_ascension_mode":true,"campfire_upgraded":3,"timestamp":1522872862,"path_taken":["M","M","?","$","?","R","M","E","T","E","R","E","R","M","R","BOSS","M","?","M","?","M","R","?","E","T","$","?","R","?","M","R","BOSS","M","?","$","M"],"build_version":"2018-03-29v2","purchased_purges":2,"victory":false,"master_deck":["Strike_R","Strike_R","Strike_R+1","Strike_R","Defend_R","Defend_R","Defend_R+1","Defend_R+1","Bash+1","AscendersBane","Heavy Blade+1","Armaments+1","Shrug It Off+1","Metallicize+1","Heavy Blade","True Grit","Whirlwind+1","Feed","Flex","Flex","Corruption","Feel No Pain+1","Offering"],"max_hp_per_floor":[80,80,80,80,80,80,80,80,80,80,80,80,80,80,80,80,80,80,80,80,80,80,80,80,80,80,80,80,80,80,84,84,84,84,84,84,84,84],"relics":["Burning Blood","Vajra","Bronze Scales","Whetstone","Orichalcum","Prayer Wheel","Velvet Choker","Tiny Chest","Nilry\u0027s Codex","Art of War","Blood Vial","Pen Nib","Eternal Feather","War Paint","Kunai"],"card_choices":[{"not_picked":["Bloodletting","Flame Barrier"],"picked":"Heavy Blade","floor":1},{"not_picked":["Entrench","Havoc"],"picked":"Armaments","floor":2},{"not_picked":["Rage","Clothesline"],"picked":"Metallicize","floor":7},{"not_picked":["Reaper","Havoc"],"picked":"Heavy Blade","floor":8},{"not_picked":["Sword Boomerang","Anger"],"picked":"True Grit","floor":10},{"not_picked":["Uppercut","Bloodletting"],"picked":"Whirlwind","floor":12},{"not_picked":["Bludgeon","Juggernaut"],"picked":"Feed","floor":16},{"not_picked":["Heavy Blade","Warcry"],"picked":"Flex","floor":24},{"not_picked":["Iron Wave","Havoc"],"picked":"Flex","floor":26},{"not_picked":["Twin Strike","Seeing Red"],"picked":"Feel No Pain","floor":30},{"not_picked":["Double Tap","Immolate"],"picked":"Offering","floor":33}],"player_experience":320619,"potions_floor_usage":[8,10,14,16,22,30],"damage_taken":[{"damage":4,"enemies":"Small Slimes","floor":1,"turns":4},{"damage":2,"enemies":"Jaw Worm","floor":2,"turns":3},{"damage":0,"enemies":"2 Louse","floor":7,"turns":4},{"damage":15,"enemies":"3 Sentries","floor":8,"turns":10},{"damage":26,"enemies":"Lagavulin","floor":10,"turns":7},{"damage":6,"enemies":"3 Sentries","floor":12,"turns":7},{"damage":11,"enemies":"Exordium Thugs","floor":14,"turns":5},{"damage":53,"enemies":"The Guardian","floor":16,"turns":16},{"damage":1,"enemies":"Chosen","floor":18,"turns":4},{"damage":19,"enemies":"Spheric Guardian","floor":20,"turns":6},{"damage":13,"enemies":"Snecko","floor":22,"turns":4},{"damage":56,"enemies":"Slavers","floor":25,"turns":5},{"damage":12,"enemies":"Centurion and Healer","floor":30,"turns":4},{"damage":0,"enemies":"Cultist and Chosen","floor":31,"turns":3},{"damage":59,"enemies":"Collector","floor":33,"turns":11},{"damage":62,"enemies":"3 Darklings","floor":35,"turns":9},{"damage":19,"enemies":"3 Shapes","floor":38,"turns":1}],"event_choices":[{"event_name":"Living Wall","player_choice":"Grow","floor":3,"damage_taken":0},{"event_name":"Accursed Blacksmith","player_choice":"Forge","floor":5,"damage_taken":0},{"event_name":"Addict","player_choice":"Obtained Relic","floor":19,"damage_taken":0},{"event_name":"Cursed Tome","player_choice":"Obtained Book","floor":21,"damage_taken":0},{"event_name":"Drug Dealer","player_choice":"Ignored","floor":28,"damage_taken":0}],"boss_relics":[{"not_picked":["Black Star","Cursed Key"],"picked":"Velvet Choker"},{"not_picked":["Black Blood","White Beast Statue"],"picked":"Eternal Feather"}],"potions_floor_spawned":[1,7,10,14,18,25],"seed_played":"4794501817464530827","killed_by":"3 Shapes","ascension_level":13,"is_trial":false}