{"path_per_floor":["M","$","M","?","M","R","E","R","T","$","E","R","$","?","R","B",null,"M","M","$","M","M","R","E","R","T","R","M","E","M","M","R","B",null,"M","M","$","M","M","R","?","R","T","$","R","M","E","M","R","B"],"character_chosen":"IRONCLAD","items_purchased":["Battle Trance","Dropkick","Offering"],"gold_per_floor":[117,46,56,131,141,141,174,174,174,99,154,154,54,54,54,151,151,170,181,56,75,85,85,118,118,166,166,183,210,225,237,237,341,341,361,379,229,244,257,257,257,257,257,67,67,87,117,129,129,129],"floor_reached":51,"campfire_rested":1,"playtime":1719,"current_hp_per_floor":[74,74,75,64,70,70,65,65,65,65,35,35,35,35,35,32,80,76,62,62,58,54,54,60,60,60,60,66,42,48,53,77,18,80,80,83,83,81,83,83,83,83,83,83,83,87,87,91,91,61],"items_purged":["Strike_R","Strike_R","Strike_R","Strike_R"],"gold":129,"score":777,"play_id":"29e4ee00-a915-471a-ac01-737f463f91b7","local_time":"20180328231430","is_prod":false,"is_daily":false,"is_ascension_mode":false,"campfire_upgraded":8,"timestamp":1522300470,"path_taken":["M","$","M","?","M","R","E","R","T","$","E","R","$","?","R","BOSS","M","M","$","M","M","R","E","R","T","R","M","E","M","M","R","BOSS","M","M","$","M","M","R","?","R","T","$","R","M","E","M","R","BOSS"],"build_version":"2018-03-22v2","purchased_purges":4,"victory":true,"master_deck":["Strike_R+1","Defend_R+1","Defend_R","Defend_R+1","Defend_R+1","Bash+1","Whirlwind+1","Battle Trance+1","Thunderclap+1","Shrug It Off+1","Disarm+1","Shrug It Off+1","Double Tap+1","Feed+1","Dropkick+1","Offering+1","True Grit+1"],"max_hp_per_floor":[80,80,80,80,80,80,80,80,80,80,80,80,80,80,80,80,80,80,80,80,80,80,80,80,80,80,80,80,80,80,80,80,80,80,80,83,83,83,83,83,83,83,83,83,83,87,87,91,91,91],"relics":["Burning Blood","Whetstone","Girya","Charon\u0027s Ashes","Tiny Chest","Sozu","Juzu Bracelet","Oddly Smooth Stone","Toxic Egg 2","Runic Pyramid","Gambling Chip","Meat on the Bone"],"card_choices":[{"not_picked":["Iron Wave","Thunderclap"],"picked":"Whirlwind","floor":1},{"not_picked":["Wild Strike","Twin Strike"],"picked":"Thunderclap","floor":7},{"not_picked":["Clash","Body Slam"],"picked":"Shrug It Off","floor":21},{"not_picked":["Shrug It Off","Intimidate"],"picked":"Disarm","floor":28},{"not_picked":["Headbutt","Thunderclap"],"picked":"Shrug It Off","floor":29},{"not_picked":["Disarm","Perfected Strike"],"picked":"Double Tap","floor":30},{"not_picked":["Barricade","Impervious"],"picked":"Feed","floor":33},{"not_picked":["Battle Trance","Flex"],"picked":"True Grit","floor":47}],"player_experience":587555,"potions_floor_usage":[50,50,50],"damage_taken":[{"damage":12,"enemies":"2 Louse","floor":1,"turns":2},{"damage":5,"enemies":"Jaw Worm","floor":3,"turns":4},{"damage":0,"enemies":"Small Slimes","floor":5,"turns":3},{"damage":11,"enemies":"3 Sentries","floor":7,"turns":3},{"damage":36,"enemies":"Lagavulin","floor":11,"turns":6},{"damage":9,"enemies":"Slime Boss","floor":16,"turns":5},{"damage":10,"enemies":"2 Thieves","floor":18,"turns":2},{"damage":20,"enemies":"Shell Parasite","floor":19,"turns":4},{"damage":10,"enemies":"Sentry and Sphere","floor":21,"turns":3},{"damage":10,"enemies":"Snake Plant","floor":22,"turns":2},{"damage":0,"enemies":"Slavers","floor":24,"turns":1},{"damage":0,"enemies":"Cultist and Chosen","floor":28,"turns":3},{"damage":30,"enemies":"Gremlin Leader","floor":29,"turns":6},{"damage":0,"enemies":"Chosen and Byrds","floor":30,"turns":3},{"damage":1,"enemies":"Slaver and Parasite","floor":31,"turns":3},{"damage":65,"enemies":"Champ","floor":33,"turns":9},{"damage":0,"enemies":"3 Darklings","floor":35,"turns":1},{"damage":5,"enemies":"Orb Walker","floor":36,"turns":4},{"damage":8,"enemies":"Maw","floor":38,"turns":7},{"damage":0,"enemies":"3 Darklings","floor":39,"turns":1},{"damage":4,"enemies":"Sphere and 2 Shapes","floor":46,"turns":3},{"damage":4,"enemies":"Giant Head","floor":47,"turns":5},{"damage":4,"enemies":"Maw","floor":48,"turns":6},{"damage":36,"enemies":"Donu and Deca","floor":50,"turns":4}],"event_choices":[{"event_name":"World of Goop","player_choice":"Gather Gold","floor":4,"damage_taken":0},{"event_name":"Upgrade Shrine","player_choice":"Upgraded","floor":14,"damage_taken":0},{"event_name":"Tomb of Lord Red Mask","player_choice":"Ignored","floor":41,"damage_taken":0}],"boss_relics":[{"not_picked":["Runic Dome","Calling Bell"],"picked":"Sozu"},{"not_picked":["Lizard Tail","Eternal Feather"],"picked":"Runic Pyramid"}],"potions_floor_spawned":[1,5,16,21,22,28,29,33,35,36],"seed_played":"2543288858829097923","ascension_level":0,"is_trial":false}