{"path_per_floor":["M","?","?","?","$","R","E","M","T","M","R","$","M","M","R","B",null,"M","$","?","M","$","?","R","E","T","R","E","R","?","M","R"],"character_chosen":"IRONCLAD","items_purchased":["Flash of Steel","Offering"],"gold_per_floor":[117,117,117,117,42,42,74,94,94,114,114,24,43,55,55,155,155,170,170,170,188,34,34,34,69,126,126,157,157,257,272,272,272],"floor_reached":33,"campfire_rested":3,"playtime":991,"current_hp_per_floor":[80,73,78,78,78,78,62,58,58,62,62,62,62,55,80,34,85,85,85,85,78,78,78,78,55,55,55,16,41,41,37,62,0],"items_purged":["Defend_R"],"gold":272,"score":309,"play_id":"f0b386d6-4f4b-454a-97b0-2fb2726da953","local_time":"20180331180906","is_prod":false,"is_daily":false,"is_ascension_mode":true,"campfire_upgraded":4,"timestamp":1522534146,"path_taken":["M","?","?","?","$","R","E","M","T","M","R","$","?","M","R","BOSS","M","$","?","M","$","?","R","E","T","R","E","R","?","?","R","BOSS"],"build_version":"2018-03-29v2","purchased_purges":1,"victory":false,"master_deck":["Strike_R","Strike_R","Strike_R","Defend_R","Defend_R","Defend_R","Bash","Uppercut+1","Infernal Blade+1","Battle Trance","Flash of Steel","Flex","Spot Weakness","Demon Form+1","Shrug It Off","Rage+1","Offering+1","Infernal Blade","Doubt","True Grit"],"max_hp_per_floor":[80,80,85,85,85,85,85,85,85,85,85,85,85,85,85,85,85,85,85,85,85,85,85,85,85,85,85,85,85,85,85,85,85],"relics":["Sozu","Art of War","Bag of Preparation","Cursed Key","Lantern","Tiny Chest","Bronze Scales"],"card_choices":[{"not_picked":["Shockwave","Body Slam"],"picked":"Uppercut","floor":1},{"not_picked":["Evolve","Pummel"],"picked":"Infernal Blade","floor":7},{"not_picked":["Iron Wave","True Grit"],"picked":"Battle Trance","floor":8},{"not_picked":["Twin Strike","Armaments"],"picked":"Flex","floor":13},{"not_picked":["Clothesline","Twin Strike"],"picked":"Spot Weakness","floor":14},{"not_picked":["Dark Embrace","Barricade"],"picked":"Demon Form","floor":16},{"not_picked":["Evolve","Power Through"],"picked":"Rage","floor":21},{"not_picked":["Anger","Body Slam"],"picked":"Infernal Blade","floor":25},{"not_picked":["Thunderclap","Headbutt"],"picked":"True Grit","floor":31}],"player_experience":173042,"potions_floor_usage":[],"damage_taken":[{"damage":0,"enemies":"Cultist","floor":1,"turns":3},{"damage":16,"enemies":"Lagavulin","floor":7,"turns":6},{"damage":4,"enemies":"Jaw Worm","floor":8,"turns":2},{"damage":0,"enemies":"2 Louse","floor":10,"turns":2},{"damage":0,"enemies":"Blue Slaver","floor":13,"turns":1},{"damage":7,"enemies":"2 Fungi Beasts","floor":14,"turns":2},{"damage":46,"enemies":"The Guardian","floor":16,"turns":5},{"damage":0,"enemies":"Spheric Guardian","floor":18,"turns":1},{"damage":7,"enemies":"2 Thieves","floor":21,"turns":3},{"damage":23,"enemies":"Slavers","floor":25,"turns":5},{"damage":39,"enemies":"Gremlin Leader","floor":28,"turns":5},{"damage":4,"enemies":"Snecko","floor":31,"turns":2},{"damage":66,"enemies":"Automaton","floor":33,"turns":6}],"event_choices":[{"event_name":"Golden Wing","player_choice":"Card Removal","floor":2,"damage_taken":0},{"event_name":"Big Fish","player_choice":"Donut","floor":3,"damage_taken":0},{"event_name":"Match and Keep!","player_choice":"0 cards matched","floor":4,"damage_taken":0},{"event_name":"The Library","player_choice":"Read","floor":20,"damage_taken":0},{"event_name":"Bonfire Elementals","player_choice":"BASIC","floor":23,"damage_taken":0},{"event_name":"Golden Shrine","player_choice":"Pray","floor":30,"damage_taken":0}],"boss_relics":[{"not_picked":["Philosopher\u0027s Stone","Snecko Eye"],"picked":"Cursed Key"}],"potions_floor_spawned":[1,8,13,14,16,18,25,31],"seed_played":"7608503729240436588","killed_by":"Automaton","ascension_level":2,"is_trial":false}