{"path_per_floor":["M","M","?","?","M","E","$","M","T","?","R","M","R","$","R","B",null,"M","M"],"character_chosen":"IRONCLAD","items_purchased":[],"gold_per_floor":[116,134,134,84,96,123,48,65,117,117,117,128,128,128,128,201,201,215,227,227],"floor_reached":20,"campfire_rested":1,"playtime":704,"current_hp_per_floor":[72,72,72,72,72,54,54,48,48,48,48,31,56,56,56,43,75,65,45,0],"items_purged":["Strike_R"],"gold":227,"score":287,"play_id":"827c1c4d-e06a-4ae0-9b83-e01c6e61ed30","local_time":"20180405182809","is_prod":false,"is_daily":false,"is_ascension_mode":true,"campfire_upgraded":2,"timestamp":1522945689,"path_taken":["M","?","?","?","?","E","?","M","T","?","R","M","R","$","R","BOSS","M","M","?"],"build_version":"2018-03-29v2","purchased_purges":2,"victory":false,"master_deck":["Bash","AscendersBane","Dual Wield+1","Clothesline","Uppercut+1","Blood for Blood","Demon Form","Entrench","Warcry","Feel No Pain","Inflame","Warcry","Armaments","Fire Breathing"],"max_hp_per_floor":[72,72,72,72,72,86,86,86,86,86,86,86,86,86,86,86,86,86,86,86],"relics":["Burning Blood","Sundial","Bronze Scales","Mango","Orichalcum","Pandora\u0027s Box"],"card_choices":[{"not_picked":["Cleave","Sever Soul"],"picked":"Dual Wield","floor":1},{"not_picked":["Perfected Strike","Anger"],"picked":"Clothesline","floor":5},{"not_picked":["Anger","Thunderclap"],"picked":"Blood for Blood","floor":12},{"not_picked":["Dark Embrace","Reaper"],"picked":"Demon Form","floor":16}],"player_experience":325058,"potions_floor_usage":[6,20],"damage_taken":[{"damage":6,"enemies":"Cultist","floor":1,"turns":3},{"damage":6,"enemies":"Small Slimes","floor":2,"turns":6},{"damage":1,"enemies":"2 Louse","floor":5,"turns":2},{"damage":38,"enemies":"Gremlin Nob","floor":6,"turns":5},{"damage":12,"enemies":"Red Slaver","floor":8,"turns":4},{"damage":23,"enemies":"Exordium Thugs","floor":12,"turns":6},{"damage":19,"enemies":"Hexaghost","floor":16,"turns":6},{"damage":16,"enemies":"Chosen","floor":18,"turns":6},{"damage":26,"enemies":"3 Byrds","floor":19,"turns":3},{"damage":47,"enemies":"Centurion and Healer","floor":20,"turns":5}],"event_choices":[{"event_name":"Big Fish","player_choice":"Box","floor":3,"damage_taken":0},{"event_name":"The Cleric","player_choice":"Card Removal","floor":4,"damage_taken":0},{"event_name":"Living Wall","player_choice":"Change","floor":10,"damage_taken":0}],"boss_relics":[{"not_picked":["Tiny House","Orrery"],"picked":"Pandora\u0027s Box"}],"potions_floor_spawned":[2,6,12,18],"seed_played":"-900865825724910200","killed_by":"Centurion and Healer","ascension_level":13,"is_trial":false}