{"path_per_floor":["M","?","M","M","M","R","E","M","T","E","M","M","$","?","R"],"character_chosen":"IRONCLAD","items_purchased":[],"gold_per_floor":[113,113,130,140,158,158,193,204,204,237,248,267,192,192,192,192],"floor_reached":16,"campfire_rested":1,"playtime":575,"current_hp_per_floor":[67,67,62,65,62,62,58,53,53,43,26,24,24,24,63,0],"items_purged":["Strike_R"],"gold":192,"score":194,"play_id":"4cf12498-4313-4c1a-87f2-167ffcad642a","local_time":"20180405224729","is_prod":false,"is_daily":false,"is_ascension_mode":true,"campfire_upgraded":1,"timestamp":1522961249,"path_taken":["M","?","M","M","M","R","E","M","T","E","M","?","$","?","R","BOSS"],"build_version":"2018-03-29v2","purchased_purges":1,"victory":false,"master_deck":["Strike_R","Strike_R","Strike_R","Strike_R","Defend_R","Defend_R","Defend_R","Defend_R","Bash","AscendersBane","Evolve","Double Tap","Armaments+1","Seeing Red","Shrug It Off","Rampage","Dropkick","Normality"],"max_hp_per_floor":[75,75,75,75,75,75,75,75,75,82,82,82,82,82,82,82],"relics":["Burning Blood","Regal Pillow","Bag of Preparation","Shovel","Strawberry","Vajra"],"card_choices":[{"not_picked":["Dual Wield","Twin Strike"],"picked":"Evolve","floor":1},{"not_picked":["Perfected Strike","Wild Strike"],"picked":"Armaments","floor":4},{"not_picked":["Havoc","Anger"],"picked":"Seeing Red","floor":5},{"not_picked":["Seeing Red","Exhume"],"picked":"Shrug It Off","floor":8},{"not_picked":["Searing Blow","Iron Wave"],"picked":"Rampage","floor":10},{"not_picked":["Twin Strike","Metallicize"],"picked":"Dropkick","floor":12}],"player_experience":335104,"potions_floor_usage":[7,7,16],"damage_taken":[{"damage":7,"enemies":"Small Slimes","floor":1,"turns":4},{"damage":11,"enemies":"Cultist","floor":3,"turns":4},{"damage":3,"enemies":"2 Louse","floor":4,"turns":3},{"damage":9,"enemies":"Red Slaver","floor":5,"turns":4},{"damage":34,"enemies":"3 Sentries","floor":7,"turns":9},{"damage":11,"enemies":"Looter","floor":8,"turns":3},{"damage":23,"enemies":"Gremlin Nob","floor":10,"turns":4},{"damage":23,"enemies":"Exordium Wildlife","floor":11,"turns":6},{"damage":8,"enemies":"Exordium Thugs","floor":12,"turns":4},{"damage":63,"enemies":"Hexaghost","floor":16,"turns":9}],"event_choices":[{"event_name":"Match and Keep!","player_choice":"1 cards matched","floor":2,"damage_taken":0},{"event_name":"Accursed Blacksmith","player_choice":"Rummage","floor":14,"damage_taken":0}],"boss_relics":[],"potions_floor_spawned":[1,3,5,7],"seed_played":"-3426824831595858943","killed_by":"Hexaghost","ascension_level":14,"is_trial":false}