{"path_per_floor":["M","M","?","$","?","R","E","M","T","M","M","$","R","M","R","B",null,"M","?","M","?","?","R","T","R","T","$","M","?","M","M","R","B",null,"M","M","$","?","M","R","E","M","T","?","?","R","E","M","R","B"],"character_chosen":"IRONCLAD","items_purchased":["Omamori","Armaments","Inflame","Panache","Shrug It Off"],"gold_per_floor":[119,133,208,51,51,51,78,91,91,109,126,81,81,92,92,193,193,211,211,229,229,229,229,229,229,229,15,33,33,47,61,61,158,158,174,194,67,67,87,87,112,127,127,127,227,227,252,267,267,267],"floor_reached":51,"campfire_rested":4,"playtime":3516,"current_hp_per_floor":[70,70,59,59,52,52,12,12,12,12,20,20,44,42,66,65,76,74,74,67,40,24,36,36,36,42,42,35,35,35,34,34,3,35,46,46,43,33,33,33,32,31,37,37,37,37,18,18,32,36],"items_purged":["Parasite"],"gold":267,"score":1031,"play_id":"3a296fbe-ef86-4996-a7e8-e1f5c8a89f48","local_time":"20180403221303","is_prod":false,"is_daily":false,"is_ascension_mode":true,"campfire_upgraded":2,"timestamp":1522807983,"path_taken":["M","M","?","$","?","R","E","M","T","M","?","?","R","M","R","BOSS","M","?","?","?","?","R","?","R","T","$","M","?","?","M","R","BOSS","M","M","$","?","?","R","E","M","T","?","?","R","E","M","R","BOSS"],"build_version":"2018-03-29v2","purchased_purges":1,"victory":true,"master_deck":["Bash","Shrug It Off","Infernal Blade+1","Impervious","Ghostly Armor","Corruption","Armaments","Barricade","Exhume","Uppercut","Twin Strike","Shrug It Off","Anger","Armaments","Headbutt","Wild Strike+1","Ghostly","Ghostly","Ghostly","Ghostly","Ghostly","Inflame","Panache","Armaments+1","Demon Form","Flex","Shrug It Off","Thinking Ahead","Transmutation+1","Mind Blast","Pommel Strike+1","Writhe","Shrug It Off+1","Whirlwind"],"max_hp_per_floor":[80,80,80,80,80,80,80,80,80,80,80,80,80,80,80,80,80,80,80,80,40,40,40,40,40,46,46,46,46,46,46,46,46,46,46,46,43,43,43,43,43,43,49,49,49,49,49,49,49,49],"relics":["Cursed Key","Omamori","Darkstone Periapt","Shovel","Pandora\u0027s Box","Enchiridion","Ginger","Vajra","Oddly Smooth Stone","Gambling Chip","Mark of Pain","Letter Opener","Thread and Needle","Gremlin Horn","Anchor"],"card_choices":[{"not_picked":["Clothesline","Combust"],"picked":"Shrug It Off","floor":1.0},{"not_picked":["Cleave","Headbutt"],"picked":"Infernal Blade","floor":2.0},{"not_picked":["Rupture","Entrench"],"picked":"Impervious","floor":7.0},{"not_picked":["Armaments","Bloodletting"],"picked":"Ghostly Armor","floor":8.0},{"not_picked":["Shrug It Off","Headbutt"],"picked":"Corruption","floor":11.0},{"not_picked":["Power Through","Sword Boomerang"],"picked":"Barricade","floor":14.0},{"not_picked":["Immolate","Bludgeon"],"picked":"Exhume","floor":16.0},{"not_picked":["Twin Strike","Cleave"],"picked":"Wild Strike","floor":18.0},{"not_picked":["Flame Barrier","Sword Boomerang"],"picked":"Armaments","floor":28.0},{"not_picked":["Offering","Brutality"],"picked":"Demon Form","floor":33.0},{"not_picked":["Cleave","Dual Wield"],"picked":"Flex","floor":35.0},{"not_picked":["Finesse","Purity"],"picked":"Thinking Ahead","floor":38.0},{"not_picked":["Master of Strategy","Swift Strike"],"picked":"Transmutation","floor":38.0},{"not_picked":["Deep Breath","Dramatic Entrance"],"picked":"Mind Blast","floor":38.0},{"not_picked":["Clash","Corruption"],"picked":"Pommel Strike","floor":39.0},{"not_picked":["Warcry","Burning Pact"],"picked":"Shrug It Off","floor":47.0},{"not_picked":["Rage","Flame Barrier"],"picked":"Whirlwind","floor":48.0}],"player_experience":199875,"potions_floor_usage":[50,50],"damage_taken":[{"damage":2.0,"enemies":"Jaw Worm","floor":1.0,"turns":3.0},{"damage":0.0,"enemies":"2 Louse","floor":2.0,"turns":3.0},{"damage":40.0,"enemies":"Lagavulin","floor":7.0,"turns":5.0},{"damage":0.0,"enemies":"Small Slimes","floor":8.0,"turns":2.0},{"damage":0.0,"enemies":"Blue Slaver","floor":10.0,"turns":4.0},{"damage":0.0,"enemies":"3 Louse","floor":11.0,"turns":4.0},{"damage":2.0,"enemies":"Gremlin Gang","floor":14.0,"turns":6.0},{"damage":1.0,"enemies":"The Guardian","floor":16.0,"turns":18.0},{"damage":2.0,"enemies":"Shell Parasite","floor":18.0,"turns":4.0},{"damage":7.0,"enemies":"Spheric Guardian","floor":20.0,"turns":4.0},{"damage":7.0,"enemies":"Slaver and Parasite","floor":28.0,"turns":7.0},{"damage":0.0,"enemies":"Snecko","floor":30.0,"turns":4.0},{"damage":1.0,"enemies":"Snake Plant","floor":31.0,"turns":4.0},{"damage":31.0,"enemies":"Collector","floor":33.0,"turns":12.0},{"damage":2.0,"enemies":"3 Shapes","floor":35.0,"turns":4.0},{"damage":0.0,"enemies":"Orb Walker","floor":36.0,"turns":4.0},{"damage":0.0,"enemies":"4 Shapes","floor":39.0,"turns":10.0},{"damage":1.0,"enemies":"Giant Head","floor":41.0,"turns":7.0},{"damage":1.0,"enemies":"Sphere and 2 Shapes","floor":42.0,"turns":4.0},{"damage":19.0,"enemies":"2 Orb Walkers","floor":47.0,"turns":4.0},{"damage":0.0,"enemies":"Maw","floor":48.0,"turns":7.0},{"damage":6,"enemies":"Awakened One","floor":50,"turns":12}],"event_choices":[{"event_name":"World of Goop","player_choice":"Gather Gold","floor":3.0,"damage_taken":0.0},{"event_name":"Golden Wing","player_choice":"Card Removal","floor":5.0,"damage_taken":0.0},{"event_name":"Back to Basics","player_choice":"Elegance","floor":19.0,"damage_taken":0.0},{"event_name":"Ghosts","player_choice":"Became a Ghost","floor":21.0,"damage_taken":0.0},{"event_name":"Cursed Tome","player_choice":"Obtained Book","floor":22.0,"damage_taken":0.0},{"event_name":"Purifier","player_choice":"One Purge","floor":29.0,"damage_taken":0.0},{"event_name":"SensoryStone","player_choice":"Memory 3","floor":38.0,"damage_taken":0.0},{"event_name":"Mysterious Sphere","player_choice":"Ignore","floor":44.0,"damage_taken":0.0},{"event_name":"Golden Shrine","player_choice":"Pray","floor":45.0,"damage_taken":0.0}],"boss_relics":[],"potions_floor_spawned":[7,14,16,18,30,35,36,47],"seed_played":"4509213201215101462","ascension_level":7,"is_trial":false}