{"path_per_floor":["M","?","?","M","?","E","M","R","T","M","E","M","$","M","R","B",null,"M","M","$","?","M","E","?","M","T","?","M","$","M","E","R","B",null,"M","?","$","?","T","R","$","E","T","E","R","E","$","M","R","B"],"character_chosen":"IRONCLAD","items_purchased":["Ornamental Fan","Bag of Preparation","Strawberry","Happy Flower","Flash of Steel","Darkstone Periapt","Toxic Egg 2","Sentinel","Feel No Pain","Havoc","Purity","Juzu Bracelet","Whetstone","Frozen Egg 2","Dead Branch","Master of Strategy","Finesse","Pear","Dodecahedron","Battle Trance","Bag of Marbles","Vajra","Kunai","Deep Breath","Shockwave","Metallicize","Pantograph","Bottled Flame","Mummified Hand","Flash of Steel","Burning Pact","Ghostly Armor","Secret Weapon"],"gold_per_floor":[110,110,110,126,91,153,167,167,217,236,267,282,45,56,56,151,181,200,218,95,95,115,147,147,163,163,163,182,272,288,323,323,421,421,437,437,31,79,79,79,316,343,343,377,377,409,245,264,264,264],"floor_reached":51,"campfire_rested":0,"playtime":1782,"current_hp_per_floor":[76,76,76,76,80,80,80,80,80,79,79,79,86,86,86,86,95,97,83,83,83,83,85,85,83,83,83,83,83,75,63,63,55,90,102,108,118,107,107,107,107,88,88,89,89,89,89,95,95,114],"items_purged":["Searing Blow","Limit Break","Normality"],"gold":264,"score":1692,"play_id":"d56a3874-7704-4da0-88f2-e38be8987c8f","local_time":"20180403001520","is_prod":false,"is_daily":false,"is_ascension_mode":true,"campfire_upgraded":5,"timestamp":1522728920,"path_taken":["M","?","?","M","?","E","?","R","T","M","E","M","$","M","R","BOSS","M","M","$","?","M","E","?","M","T","?","M","$","M","E","R","BOSS","M","?","$","?","?","R","?","E","T","E","R","E","$","M","R","BOSS"],"build_version":"2018-03-29v2","purchased_purges":4,"victory":true,"master_deck":["Offering+1","Offering+1","Corruption+1","Corruption+1","Limit Break+1","Limit Break+1","Limit Break+1","Flex+1","Flex+1","Havoc+1","Havoc+1","Havoc+1","Havoc+1","Havoc+1","Searing Blow+11","Sentinel+1","Feel No Pain+1","Havoc+1","Purity+1","Heavy Blade+1","Heavy Blade+1","Dark Embrace+1","Armaments+1","Brutality+1","Offering+1","Flex+1","Rage+1","Exhume+1","Reaper+1","Whirlwind+1","Sentinel+1","Sentinel+1","Dual Wield+1","Master of Strategy+1","Finesse+1","Battle Trance+1","Armaments+1","Deep Breath+1","Shockwave+1","Metallicize+1","Exhume+1","Exhume+1","Pommel Strike+1","Flash of Steel+1","Burning Pact+1","Ghostly Armor+1","Secret Weapon+1"],"max_hp_per_floor":[80,80,80,80,80,80,80,80,80,82,82,82,89,89,89,89,96,98,98,98,98,98,100,100,102,102,102,102,102,102,102,102,102,102,102,108,118,118,118,118,118,118,118,118,118,118,118,118,118,118],"relics":["Black Star","Du-Vu Doll","Tiny Chest","Pen Nib","Singing Bowl","Mercury Hourglass","Molten Egg 2","Ornamental Fan","Bag of Preparation","Strawberry","Tiny House","Happy Flower","Darkstone Periapt","Toxic Egg 2","Nloth\u0027s Gift","Anchor","Bronze Scales","Ancient Tea Set","Gremlin Horn","Juzu Bracelet","Whetstone","Frozen Egg 2","Torii","Calipers","Orrery","Letter Opener","Dead Branch","Pear","Dodecahedron","Peace Pipe","Ice Cream","Bag of Marbles","Vajra","Kunai","Unceasing Top","Charon\u0027s Ashes","Lantern","Meat on the Bone","Toolbox","Omamori","Blood Vial","Pantograph","Bottled Flame","Mummified Hand"],"card_choices":[{"not_picked":["Heavy Blade","Pommel Strike"],"picked":"Carnage","floor":1},{"not_picked":["Flex","Blood for Blood"],"picked":"Shrug It Off","floor":7},{"not_picked":["Whirlwind","Perfected Strike"],"picked":"Ghostly Armor","floor":11},{"not_picked":["Clash","Hemokinesis"],"picked":"Battle Trance","floor":12},{"not_picked":["Body Slam","Wild Strike"],"picked":"Thunderclap","floor":14},{"not_picked":["Barricade","Feed"],"picked":"Double Tap","floor":16},{"not_picked":["Metallicize","Cleave"],"picked":"Sentinel","floor":19},{"not_picked":["Reaper","Perfected Strike"],"picked":"Havoc","floor":22},{"not_picked":["Armaments","Shrug It Off"],"picked":"Havoc","floor":28},{"not_picked":["Cleave","Entrench"],"picked":"Heavy Blade","floor":30},{"not_picked":["Clash","Feed"],"picked":"Heavy Blade","floor":31},{"not_picked":["Limit Break","Bludgeon"],"picked":"Dark Embrace","floor":33},{"not_picked":["Warcry","Rage"],"picked":"Armaments","floor":34},{"not_picked":["Sword Boomerang","Warcry"],"picked":"Brutality","floor":34},{"not_picked":["Armaments","Pommel Strike"],"picked":"Offering","floor":34},{"not_picked":["Exhume","Perfected Strike"],"picked":"Flex","floor":34},{"not_picked":["Dropkick","Intimidate"],"picked":"Rage","floor":34},{"not_picked":["Body Slam","Warcry"],"picked":"Dual Wield","floor":35},{"not_picked":["Uppercut","Intimidate"],"picked":"Armaments","floor":38},{"not_picked":["Pummel","Clash"],"picked":"Exhume","floor":42},{"not_picked":["Warcry","Shrug It Off"],"picked":"Exhume","floor":44},{"not_picked":["True Grit","Clothesline"],"picked":"Pommel Strike","floor":46},{"not_picked":["Thunderclap","Clash"],"picked":"Perfected Strike","floor":48}],"player_experience":195331,"potions_floor_usage":[],"damage_taken":[{"damage":4,"enemies":"2 Louse","floor":1,"turns":3},{"damage":0,"enemies":"Cultist","floor":4,"turns":2},{"damage":0,"enemies":"Gremlin Nob","floor":6,"turns":2},{"damage":0,"enemies":"Jaw Worm","floor":7,"turns":1},{"damage":3,"enemies":"Exordium Thugs","floor":10,"turns":2},{"damage":0,"enemies":"Lagavulin","floor":11,"turns":2},{"damage":0,"enemies":"Large Slime","floor":12,"turns":2},{"damage":0,"enemies":"3 Louse","floor":14,"turns":2},{"damage":0,"enemies":"Hexaghost","floor":16,"turns":1},{"damage":0,"enemies":"Chosen","floor":18,"turns":1},{"damage":14,"enemies":"Shell Parasite","floor":19,"turns":2},{"damage":0,"enemies":"Centurion and Healer","floor":22,"turns":2},{"damage":0,"enemies":"Gremlin Leader","floor":23,"turns":1},{"damage":4,"enemies":"Snake Plant","floor":25,"turns":2},{"damage":0,"enemies":"3 Cultists","floor":28,"turns":2},{"damage":8,"enemies":"Cultist and Chosen","floor":30,"turns":2},{"damage":12,"enemies":"Book of Stabbing","floor":31,"turns":3},{"damage":8,"enemies":"Collector","floor":33,"turns":2},{"damage":12,"enemies":"3 Shapes","floor":35,"turns":1},{"damage":11,"enemies":"Mysterious Sphere","floor":38,"turns":1},{"damage":19,"enemies":"Nemesis","floor":42,"turns":3},{"damage":8,"enemies":"2 Orb Walkers","floor":44,"turns":1},{"damage":0,"enemies":"Giant Head","floor":46,"turns":2},{"damage":0,"enemies":"Orb Walker","floor":48,"turns":1},{"damage":4,"enemies":"Donu and Deca","floor":50,"turns":1}],"event_choices":[{"event_name":"Living Wall","player_choice":"Forget","floor":2,"damage_taken":0},{"event_name":"Big Fish","player_choice":"Box","floor":3,"damage_taken":0},{"event_name":"The Cleric","player_choice":"Healed","floor":5,"damage_taken":0},{"event_name":"N\u0027loth","player_choice":"Traded a Vajra","floor":21,"damage_taken":0},{"event_name":"Back to Basics","player_choice":"Elegance","floor":24,"damage_taken":0},{"event_name":"Purifier","player_choice":"One Purge","floor":27,"damage_taken":0},{"event_name":"Accursed Blacksmith","player_choice":"Rummage","floor":36,"damage_taken":0},{"event_name":"Mysterious Sphere","player_choice":"Fight","floor":38,"damage_taken":0}],"boss_relics":[{"not_picked":["Runic Cube","Ectoplasm"],"picked":"Tiny House"},{"not_picked":["Runic Dome","Philosopher\u0027s Stone"],"picked":"Orrery"}],"potions_floor_spawned":[4,7,12,14,16,19,22,25,28,35,38],"seed_played":"-3487627207435096863","ascension_level":5,"is_trial":false}