{"path_per_floor":["M","M","?","?","$","R","M","M","T","R","M","M","E","$","R","B",null,"M","?","M","M","M","R","E","R","T","M","R","M","?","M","R","B",null,"M","?","?","?","$","R","E","R","T","M","M","M","?","$","R","B"],"character_chosen":"IRONCLAD","items_purchased":["Pummel","Inflame","Whirlwind","Pen Nib","Feel No Pain","Apotheosis","Centennial Puzzle"],"gold_per_floor":[113,126,301,301,116,116,127,144,144,144,156,169,195,13,13,86,86,106,106,117,135,152,152,182,182,205,219,219,235,235,246,246,325,325,336,336,336,388,314,314,346,346,400,411,430,443,443,17,17,17],"floor_reached":51,"campfire_rested":2,"playtime":1705,"current_hp_per_floor":[80,76,76,73,73,73,79,77,77,77,82,80,76,76,76,28,73,83,83,68,70,67,67,17,43,43,43,69,77,77,80,80,76,87,80,70,70,70,70,70,103,103,103,105,102,105,105,105,105,87],"items_purged":["Doubt"],"gold":17,"score":1228,"play_id":"0635c76d-08a8-43cf-87d5-717b997378d3","local_time":"20180401154355","is_prod":false,"is_daily":false,"is_ascension_mode":true,"campfire_upgraded":6,"timestamp":1522615435,"path_taken":["M","M","?","?","$","R","M","M","T","R","M","M","E","$","R","BOSS","M","?","M","M","M","R","E","R","T","?","R","M","?","M","R","BOSS","M","?","?","?","$","R","E","R","T","M","?","M","?","$","R","BOSS"],"build_version":"2018-03-29v2","purchased_purges":4,"victory":true,"master_deck":["Strike_R","Strike_R","Strike_R","Strike_R+1","Strike_R","Defend_R","Defend_R","Defend_R","Bash","AscendersBane","Spot Weakness+1","Clash+1","Pummel+1","Inflame+1","Sword Boomerang","Ghostly Armor","Dual Wield","Inflame","Whirlwind+1","Fiend Fire+1","Inflame+1","Exhume","Bash","Sword Boomerang","Impervious","Corruption+1","Reaper","Blind","Dark Shackles","Master of Strategy","Shrug It Off","Feel No Pain+1","Battle Trance+1","Apotheosis"],"max_hp_per_floor":[88,88,88,88,88,88,88,88,88,88,88,88,88,88,88,88,88,88,88,88,88,88,88,88,88,88,88,88,91,91,91,91,91,91,91,91,91,91,91,91,105,105,105,105,105,105,105,105,105,105],"relics":["Burning Blood","Oddly Smooth Stone","Dead Branch","Bird Faced Urn","Pen Nib","Runic Dome","Whetstone","Omamori","Cursed Key","Shovel","Smiling Mask","Mango","Tiny Chest","Centennial Puzzle","Dream Catcher"],"card_choices":[{"not_picked":["Sword Boomerang","Disarm"],"picked":"Spot Weakness","floor":1},{"not_picked":["Twin Strike","Flex"],"picked":"Clash","floor":2},{"not_picked":["Twin Strike","Armaments"],"picked":"Sword Boomerang","floor":7},{"not_picked":["Headbutt","Rampage"],"picked":"Ghostly Armor","floor":8},{"not_picked":["Anger","Thunderclap"],"picked":"Dual Wield","floor":11},{"not_picked":["Iron Wave","Bludgeon"],"picked":"Inflame","floor":13},{"not_picked":["Dark Embrace","Double Tap"],"picked":"Fiend Fire","floor":16},{"not_picked":["Warcry","Perfected Strike"],"picked":"Inflame","floor":18},{"not_picked":["Anger","Clothesline"],"picked":"Sword Boomerang","floor":20},{"not_picked":["Flex","Armaments"],"picked":"Impervious","floor":21},{"not_picked":["Wild Strike","Rage"],"picked":"Corruption","floor":24},{"not_picked":["Feed","Double Tap"],"picked":"Reaper","floor":33},{"not_picked":["Deep Breath","Good Instincts"],"picked":"Blind","floor":36},{"not_picked":["Trip","Transmutation"],"picked":"Dark Shackles","floor":36},{"not_picked":["Madness","Dramatic Entrance"],"picked":"Master of Strategy","floor":36},{"not_picked":["Twin Strike","Clash"],"picked":"Shrug It Off","floor":38},{"not_picked":["Anger","Uppercut"],"picked":"Battle Trance","floor":41}],"player_experience":399500,"potions_floor_usage":[11,13,16,20,22,50,50,50],"damage_taken":[{"damage":6,"enemies":"Small Slimes","floor":1,"turns":3},{"damage":10,"enemies":"2 Louse","floor":2,"turns":4},{"damage":0,"enemies":"Cultist","floor":7,"turns":3},{"damage":8,"enemies":"3 Louse","floor":8,"turns":3},{"damage":1,"enemies":"Exordium Wildlife","floor":11,"turns":4},{"damage":8,"enemies":"Red Slaver","floor":12,"turns":2},{"damage":10,"enemies":"Lagavulin","floor":13,"turns":5},{"damage":58,"enemies":"The Guardian","floor":16,"turns":8},{"damage":0,"enemies":"Shell Parasite","floor":18,"turns":2},{"damage":27,"enemies":"2 Thieves","floor":20,"turns":3},{"damage":6,"enemies":"Chosen and Byrds","floor":21,"turns":3},{"damage":11,"enemies":"Sentry and Sphere","floor":22,"turns":3},{"damage":60,"enemies":"Gremlin Leader","floor":24,"turns":4},{"damage":12,"enemies":"Snake Plant","floor":27,"turns":4},{"damage":7,"enemies":"3 Cultists","floor":29,"turns":3},{"damage":9,"enemies":"Centurion and Healer","floor":31,"turns":3},{"damage":22,"enemies":"Champ","floor":33,"turns":7},{"damage":31,"enemies":"3 Shapes","floor":35,"turns":3},{"damage":10,"enemies":"Mysterious Sphere","floor":38,"turns":4},{"damage":1,"enemies":"Nemesis","floor":41,"turns":3},{"damage":2,"enemies":"3 Darklings","floor":44,"turns":4},{"damage":11,"enemies":"Sphere and 2 Shapes","floor":45,"turns":3},{"damage":2,"enemies":"Maw","floor":46,"turns":4},{"damage":40,"enemies":"Awakened One","floor":50,"turns":8}],"event_choices":[{"event_name":"Liars Game","player_choice":"agreed","floor":3,"damage_taken":0},{"event_name":"Scrap Ooze","player_choice":"success","floor":4,"damage_taken":3},{"event_name":"Match and Keep!","player_choice":"2 cards matched","floor":19,"damage_taken":0},{"event_name":"Vampires","player_choice":"Ignored","floor":30,"damage_taken":0},{"event_name":"SensoryStone","player_choice":"Memory 3","floor":36,"damage_taken":0},{"event_name":"Tomb of Lord Red Mask","player_choice":"Ignored","floor":37,"damage_taken":0},{"event_name":"Mysterious Sphere","player_choice":"Fight","floor":38,"damage_taken":0}],"boss_relics":[{"not_picked":["Tiny House","Runic Pyramid"],"picked":"Runic Dome"},{"not_picked":["White Beast Statue","Black Star"],"picked":"Cursed Key"}],"potions_floor_spawned":[7,8,12,16,18,20,24,29,41,44,46],"seed_played":"7642275332601829024","ascension_level":13,"is_trial":false}