{"path_per_floor":["M","$","M","?","M","M","R","?","T","M","R","E","?","$","R","B",null,"M","M","?","M","M","R","M","M","T","R","?","M","M","M","R"],"character_chosen":"IRONCLAD","items_purchased":["Spot Weakness"],"gold_per_floor":[99,19,19,19,19,19,19,19,19,19,19,19,19,19,19,19,19,19,19,19,19,19,19,19,19,19,19,19,19,19,19,19,19],"floor_reached":33,"campfire_rested":5,"playtime":1205,"current_hp_per_floor":[59,59,58,58,56,56,56,49,49,48,70,60,46,46,68,18,61,54,39,39,39,20,42,21,21,21,43,43,28,26,20,42,0],"items_purged":[],"gold":19,"score":430,"play_id":"bb9bbb3f-0067-4f52-8591-f8dea43003f0","local_time":"20180402174112","is_prod":false,"is_daily":false,"is_ascension_mode":true,"campfire_upgraded":1,"timestamp":1522708872,"path_taken":["M","$","M","?","M","M","R","?","T","?","R","E","?","?","R","BOSS","M","M","?","M","M","R","M","M","T","R","?","M","M","?","R","BOSS"],"build_version":"2018-03-29v2","purchased_purges":0,"victory":false,"master_deck":["Strike_R+1","Strike_R+1","Defend_R","Defend_R","Defend_R","Bash","AscendersBane","Intimidate","Spot Weakness","Pommel Strike+1","Cleave","Metallicize","Rage","Barricade","Power Through+1","Pummel+1","Juggernaut+1","Flame Barrier","Entrench","Sword Boomerang","Metallicize","True Grit","Metallicize","Burning Pact"],"max_hp_per_floor":[75,75,75,75,75,75,75,75,75,75,75,75,75,75,75,75,75,75,75,75,75,75,75,75,75,75,75,75,75,75,75,75,75],"relics":["Ectoplasm","Mercury Hourglass","Prayer Wheel","Letter Opener","Old Coin","Astrolabe","Whetstone"],"card_choices":[{"not_picked":["Clothesline","Twin Strike"],"picked":"Intimidate","floor":1},{"not_picked":["Body Slam","Shrug It Off"],"picked":"Pommel Strike","floor":6},{"not_picked":["Clash","Armaments"],"picked":"Cleave","floor":10},{"not_picked":["Heavy Blade","Perfected Strike"],"picked":"Metallicize","floor":12},{"not_picked":["Twin Strike","Body Slam"],"picked":"Rage","floor":13},{"not_picked":["Dark Embrace","Brutality"],"picked":"Barricade","floor":16},{"not_picked":["Perfected Strike","Power Through"],"picked":"Flame Barrier","floor":19},{"not_picked":["Inflame","Heavy Blade"],"picked":"Entrench","floor":21},{"not_picked":["Warcry","Perfected Strike"],"picked":"Sword Boomerang","floor":22},{"not_picked":["Sever Soul","Anger"],"picked":"Metallicize","floor":25},{"not_picked":["Wild Strike","Fiend Fire"],"picked":"True Grit","floor":26},{"not_picked":["Sever Soul","Havoc"],"picked":"Metallicize","floor":30},{"not_picked":["Combust","Rupture"],"picked":"Burning Pact","floor":31}],"player_experience":407919,"potions_floor_usage":[12,16,16,22,25,33,33,33],"damage_taken":[{"damage":9,"enemies":"2 Louse","floor":1,"turns":2},{"damage":1,"enemies":"Cultist","floor":3,"turns":3},{"damage":2,"enemies":"Small Slimes","floor":5,"turns":3},{"damage":0,"enemies":"2 Fungi Beasts","floor":6,"turns":3},{"damage":1,"enemies":"Gremlin Gang","floor":10,"turns":3},{"damage":10,"enemies":"Gremlin Nob","floor":12,"turns":3},{"damage":14,"enemies":"Gremlin Nob","floor":13,"turns":4},{"damage":50,"enemies":"Hexaghost","floor":16,"turns":10},{"damage":7,"enemies":"3 Byrds","floor":18,"turns":3},{"damage":15,"enemies":"Spheric Guardian","floor":19,"turns":5},{"damage":0,"enemies":"Cultist and Chosen","floor":21,"turns":7},{"damage":19,"enemies":"3 Cultists","floor":22,"turns":5},{"damage":21,"enemies":"Snake Plant","floor":24,"turns":6},{"damage":0,"enemies":"Centurion and Healer","floor":25,"turns":7},{"damage":15,"enemies":"Sentry and Sphere","floor":29,"turns":6},{"damage":2,"enemies":"Cultist and Chosen","floor":30,"turns":7},{"damage":6,"enemies":"Centurion and Healer","floor":31,"turns":8},{"damage":51,"enemies":"Automaton","floor":33,"turns":6}],"event_choices":[{"event_name":"The Cleric","player_choice":"Leave","floor":4,"damage_taken":0},{"event_name":"Scrap Ooze","player_choice":"success","floor":8,"damage_taken":7},{"event_name":"Dead Adventurer","player_choice":"Searched \u00271\u0027 times","floor":13,"damage_taken":0},{"event_name":"Purifier","player_choice":"One Purge","floor":20,"damage_taken":0},{"event_name":"Cursed Tome","player_choice":"Ignored","floor":28,"damage_taken":0}],"boss_relics":[{"not_picked":["Velvet Choker","Runic Pyramid"],"picked":"Astrolabe"}],"potions_floor_spawned":[1,10,13,16,18,19,22,31],"seed_played":"-4874329017756874138","killed_by":"Automaton","ascension_level":14,"is_trial":false}