{"path_per_floor":["M","M","?","?","M","R","E","M","T","E","R","M","M","M","R","B",null,"M","M","?","M","$","R","?","M","T","E","R","$","M","?","R","B",null,"M","?","M","?","$","R","E","R","T","R","T","M","M","M","R","B"],"character_chosen":"IRONCLAD","items_purchased":["Flash of Steel","Ornamental Fan","Whirlwind"],"gold_per_floor":[18,30,30,30,47,47,75,91,91,424,424,436,449,460,460,563,563,563,563,563,563,124,124,124,124,124,124,124,47,47,47,47,47,47,47,0,0,0,0,0,0,0,0,0,0,0,0,0,0,0],"floor_reached":51,"campfire_rested":3,"playtime":2412,"current_hp_per_floor":[80,79,79,79,78,78,65,66,66,67,67,60,64,60,60,27,80,80,80,65,50,50,50,50,36,36,26,51,51,27,11,36,13,85,78,78,46,46,46,46,47,47,47,47,47,55,54,55,80,11],"items_purged":["Strike_R"],"gold":0,"score":733,"play_id":"c871de28-8662-407f-9480-45ad311479fa","local_time":"20180327192932","is_prod":false,"is_daily":false,"is_ascension_mode":false,"campfire_upgraded":7,"timestamp":1522200572,"path_taken":["M","M","?","?","M","R","E","M","T","E","R","M","M","M","R","BOSS","M","M","?","M","$","R","?","M","T","E","R","$","M","?","R","BOSS","M","?","M","?","$","R","E","R","T","R","?","M","?","M","R","BOSS"],"build_version":"2018-03-22v2","purchased_purges":1,"victory":true,"master_deck":["Strike_R","Strike_R","Strike_R","Defend_R+1","Defend_R","Defend_R+1","Defend_R","Bash+1","Demon Form+1","Flame Barrier+1","Heavy Blade+1","Warcry","Dropkick","Dropkick","Shrug It Off+1","Burning Pact","Spot Weakness","Flash of Steel","Evolve+1","Whirlwind+1","Feed","Thunderclap+1","Sword Boomerang+1","Havoc+1","True Grit+1"],"max_hp_per_floor":[80,80,80,80,80,80,80,80,80,80,80,80,80,80,80,80,80,80,80,85,85,85,85,85,85,85,85,85,85,85,85,85,85,85,85,85,85,85,85,85,85,85,85,85,85,85,85,85,85,85],"relics":["Burning Blood","War Paint","Spirit Poop","Vajra","Dodecahedron","Old Coin","Ectoplasm","Ornamental Fan","Art of War","Bag of Marbles","Nilry\u0027s Codex","Black Star","Red Mask","Omamori","Orichalcum","Blood Vial","Torii"],"card_choices":[{"not_picked":["Barricade","Juggernaut"],"picked":"Demon Form","floor":0.0},{"not_picked":["Flex","Warcry"],"picked":"Flame Barrier","floor":1.0},{"not_picked":["Cleave","Warcry"],"picked":"Heavy Blade","floor":2.0},{"not_picked":["Hemokinesis","Inflame"],"picked":"Warcry","floor":5.0},{"not_picked":["Body Slam","Clash"],"picked":"Dropkick","floor":8.0},{"not_picked":["Havoc","Body Slam"],"picked":"Dropkick","floor":12.0},{"not_picked":["Reckless Charge","Clothesline"],"picked":"Shrug It Off","floor":13.0},{"not_picked":["Warcry","Berserk"],"picked":"Burning Pact","floor":14.0},{"not_picked":["Body Slam","Headbutt"],"picked":"Spot Weakness","floor":21.0},{"not_picked":["Pommel Strike","Spot Weakness"],"picked":"Evolve","floor":25.0},{"not_picked":["Barricade","Fiend Fire"],"picked":"Feed","floor":33.0},{"not_picked":["Searing Blow","Headbutt"],"picked":"Thunderclap","floor":35},{"not_picked":["Carnage","True Grit"],"picked":"Sword Boomerang","floor":37},{"not_picked":["Corruption","Body Slam"],"picked":"Havoc","floor":46},{"not_picked":["Dual Wield","Body Slam"],"picked":"True Grit","floor":48}],"player_experience":583193,"potions_floor_usage":[48,50],"damage_taken":[{"damage":0.0,"enemies":"2 Louse","floor":1.0,"turns":2.0},{"damage":7.0,"enemies":"Cultist","floor":2.0,"turns":5.0},{"damage":7.0,"enemies":"Small Slimes","floor":5.0,"turns":4.0},{"damage":19.0,"enemies":"3 Sentries","floor":7.0,"turns":7.0},{"damage":5.0,"enemies":"2 Fungi Beasts","floor":8.0,"turns":4.0},{"damage":5.0,"enemies":"Lagavulin","floor":10.0,"turns":5.0},{"damage":13.0,"enemies":"Lots of Slimes","floor":12.0,"turns":5.0},{"damage":2.0,"enemies":"3 Louse","floor":13.0,"turns":4.0},{"damage":10.0,"enemies":"Exordium Thugs","floor":14.0,"turns":3.0},{"damage":39.0,"enemies":"Slime Boss","floor":16.0,"turns":5.0},{"damage":3.0,"enemies":"Shell Parasite","floor":18.0,"turns":6.0},{"damage":0.0,"enemies":"Spheric Guardian","floor":19.0,"turns":3.0},{"damage":21.0,"enemies":"Cultist and Chosen","floor":21.0,"turns":5.0},{"damage":20.0,"enemies":"Centurion and Healer","floor":25.0,"turns":4.0},{"damage":16.0,"enemies":"Gremlin Leader","floor":27.0,"turns":5.0},{"damage":30.0,"enemies":"3 Cultists","floor":30.0,"turns":5.0},{"damage":29.0,"enemies":"Automaton","floor":33.0,"turns":6.0},{"damage":13,"enemies":"3 Darklings","floor":35,"turns":8},{"damage":38,"enemies":"Orb Walker","floor":37,"turns":5},{"damage":5,"enemies":"Nemesis","floor":41,"turns":3},{"damage":0,"enemies":"3 Darklings","floor":46,"turns":1},{"damage":9,"enemies":"Maw","floor":47,"turns":6},{"damage":7,"enemies":"4 Shapes","floor":48,"turns":4},{"damage":105,"enemies":"Donu and Deca","floor":50,"turns":7}],"event_choices":[{"event_name":"Accursed Blacksmith","player_choice":"Rummage","floor":3.0,"damage_taken":0.0},{"event_name":"Bonfire Elementals","player_choice":"CURSE","floor":4.0,"damage_taken":0.0},{"event_name":"Forgotten Altar","player_choice":"Shed Blood","floor":20.0,"damage_taken":0.0},{"event_name":"Golden Shrine","player_choice":"Pray","floor":24.0,"damage_taken":0.0},{"event_name":"Cursed Tome","player_choice":"Obtained Book","floor":31.0,"damage_taken":0.0},{"event_name":"Tomb of Lord Red Mask","player_choice":"Paid","floor":36,"damage_taken":0},{"event_name":"Purifier","player_choice":"One Purge","floor":38,"damage_taken":0}],"boss_relics":[],"potions_floor_spawned":[7,8,12,13,14,21,30,37,41],"seed_played":"8789158794147552691","ascension_level":0,"is_trial":false}