{"path_per_floor":["M","?","?","$","M","E","R","E","T","M","M","E","T","$","R","B",null,"M","?","?","M","M","R","E","?","T","E","?","R","E","?","R","B",null,"M","?","?","$","$","E","M","E","T","M","R","E","?","M","R","B"],"character_chosen":"IRONCLAD","items_purchased":["Feel No Pain","Purity","Seeing Red","Finesse"],"gold_per_floor":[116,116,116,41,51,84,84,113,136,149,161,188,188,11,11,88,88,104,104,104,121,135,135,166,66,66,97,97,97,131,131,131,203,203,214,214,214,45,45,79,91,122,193,205,205,235,287,304,304,304],"floor_reached":51,"campfire_rested":1,"playtime":3129,"current_hp_per_floor":[59,59,59,59,59,35,59,45,45,58,57,52,52,52,52,56,74,62,62,72,84,90,90,90,90,90,94,91,91,93,93,93,95,95,95,83,73,73,73,91,97,99,99,89,89,101,103,105,105,91],"items_purged":["Regret"],"gold":304,"score":1654,"play_id":"27257286-f4a8-4827-aa7d-fed99ebea253","local_time":"20180405222335","is_prod":false,"is_daily":false,"is_ascension_mode":true,"campfire_upgraded":0,"timestamp":1522959815,"path_taken":["M","?","?","?","M","E","R","E","T","?","M","E","?","?","R","BOSS","M","?","?","?","M","R","E","?","T","E","?","R","E","?","R","BOSS","M","?","?","?","$","E","M","E","T","M","R","E","?","M","R","BOSS"],"build_version":"2018-03-29v2","purchased_purges":1,"victory":true,"master_deck":["Strike_R","Defend_R","Defend_R","Defend_R","Defend_R","Bash","AscendersBane","Spot Weakness","Blood for Blood","Body Slam","Battle Trance","Corruption","Armaments","Feel No Pain","Purity","Demon Form","Spot Weakness+1","Decay","Writhe","Rage","J.A.X.","Pummel+1","Dropkick","Body Slam","Madness","Madness","Transmutation","Jack Of All Trades","Purity","Seeing Red","Finesse","Burning Pact","Sentinel","Rupture"],"max_hp_per_floor":[80,80,80,80,80,80,80,80,80,80,80,80,80,80,80,80,80,80,80,90,90,90,90,90,90,90,94,91,91,93,93,93,95,95,95,95,95,95,95,95,97,99,99,101,101,101,103,105,105,105],"relics":["Burning Blood","Peace Pipe","Meat on the Bone","Bird Faced Urn","Bag of Marbles","Prayer Wheel","Centennial Puzzle","Dead Branch","Snecko Eye","Pear","Girya","Juzu Bracelet","Shuriken","Singing Bowl","Mark of Pain","Thread and Needle","Ancient Tea Set","Toolbox","Red Skull","Du-Vu Doll"],"card_choices":[{"not_picked":["Burning Pact","Evolve"],"picked":"Spot Weakness","floor":1},{"not_picked":["Headbutt","Warcry"],"picked":"Body Slam","floor":6},{"not_picked":["Exhume","Hemokinesis"],"picked":"Battle Trance","floor":8},{"not_picked":["Clothesline","Sever Soul"],"picked":"Corruption","floor":10},{"not_picked":["Clothesline","Headbutt"],"picked":"Armaments","floor":13},{"not_picked":["Feed","Dark Embrace"],"picked":"Demon Form","floor":16},{"not_picked":["Shrug It Off","Iron Wave"],"picked":"Spot Weakness","floor":18},{"not_picked":["Uppercut","Corruption"],"picked":"Rage","floor":21},{"not_picked":["Shrug It Off","Flex"],"picked":"Pummel","floor":26},{"not_picked":["Sword Boomerang","Anger"],"picked":"Dropkick","floor":27},{"not_picked":["Rampage","Clash"],"picked":"Body Slam","floor":35},{"not_picked":["Flash of Steel","Trip"],"picked":"Transmutation","floor":37},{"not_picked":["Blind","Panacea"],"picked":"Jack Of All Trades","floor":37},{"not_picked":["Enlightenment","Sadistic Nature"],"picked":"Purity","floor":37},{"not_picked":["Iron Wave","Flame Barrier"],"picked":"Burning Pact","floor":40},{"not_picked":["Iron Wave","Brutality"],"picked":"Sentinel","floor":43},{"not_picked":["Anger","Brutality"],"picked":"Rupture","floor":46}],"player_experience":331975,"potions_floor_usage":[6,24,50,50,50],"damage_taken":[{"damage":19,"enemies":"Jaw Worm","floor":1,"turns":5},{"damage":6,"enemies":"Cultist","floor":5,"turns":3},{"damage":42,"enemies":"Gremlin Nob","floor":6,"turns":5},{"damage":32,"enemies":"3 Sentries","floor":8,"turns":9},{"damage":5,"enemies":"Small Slimes","floor":10,"turns":4},{"damage":7,"enemies":"2 Fungi Beasts","floor":11,"turns":3},{"damage":25,"enemies":"Lagavulin","floor":12,"turns":6},{"damage":20,"enemies":"Hexaghost","floor":16,"turns":3},{"damage":22,"enemies":"2 Thieves","floor":18,"turns":3},{"damage":4,"enemies":"Chosen","floor":21,"turns":4},{"damage":4,"enemies":"Snecko","floor":22,"turns":3},{"damage":4,"enemies":"Book of Stabbing","floor":24,"turns":3},{"damage":27,"enemies":"Gremlin Leader","floor":27,"turns":4},{"damage":6,"enemies":"Slavers","floor":30,"turns":2},{"damage":7,"enemies":"Automaton","floor":33,"turns":3},{"damage":7,"enemies":"Orb Walker","floor":35,"turns":2},{"damage":0,"enemies":"Giant Head","floor":40,"turns":6},{"damage":8,"enemies":"3 Darklings","floor":41,"turns":3},{"damage":37,"enemies":"Nemesis","floor":42,"turns":5},{"damage":30,"enemies":"Maw","floor":44,"turns":5},{"damage":0,"enemies":"2 Orb Walkers","floor":46,"turns":1},{"damage":22,"enemies":"Mysterious Sphere","floor":47,"turns":4},{"damage":6,"enemies":"4 Shapes","floor":48,"turns":5},{"damage":54,"enemies":"Donu and Deca","floor":50,"turns":4}],"event_choices":[{"event_name":"Big Fish","player_choice":"Box","floor":2,"damage_taken":0},{"event_name":"Living Wall","player_choice":"Change","floor":3,"damage_taken":0},{"event_name":"Wheel of Change","player_choice":"Curse","floor":19,"damage_taken":0},{"event_name":"The Mausoleum","player_choice":"Yes","floor":20,"damage_taken":0},{"event_name":"Drug Dealer","player_choice":"Got JAXXED","floor":25,"damage_taken":0},{"event_name":"Back to Basics","player_choice":"Elegance","floor":28,"damage_taken":0},{"event_name":"Vampires","player_choice":"Ignored","floor":31,"damage_taken":0},{"event_name":"Winding Halls","player_choice":"Embrace Madness","floor":36,"damage_taken":0},{"event_name":"SensoryStone","player_choice":"Memory 3","floor":37,"damage_taken":0},{"event_name":"Mysterious Sphere","player_choice":"Fight","floor":47,"damage_taken":0}],"boss_relics":[{"not_picked":["Runic Dome","Tiny House"],"picked":"Snecko Eye"},{"not_picked":["Sozu","White Beast Statue"],"picked":"Mark of Pain"}],"potions_floor_spawned":[1,8,21,30,33,40,41,48],"seed_played":"-4448862813320057839","ascension_level":13,"is_trial":false}