{"path_per_floor":["M","M","$","M","M","R","M","R","T","?","R","?","M","M","R","B",null,"M","?","?","M","?","R","M","R","T","M","?"],"character_chosen":"IRONCLAD","items_purchased":[],"gold_per_floor":[114,131,56,75,86,86,101,101,101,101,101,101,116,134,134,211,211,211,211,211,211,136,136,136,136,136,136,136,136],"floor_reached":29,"campfire_rested":2,"playtime":815,"current_hp_per_floor":[68,63,63,52,49,49,48,48,48,48,48,48,45,46,68,39,66,51,51,51,55,55,55,25,47,47,50,34,0],"items_purged":["Strike_R"],"gold":136,"score":369,"play_id":"a35729eb-d0b0-4a42-8cd1-cfb65b9bd172","local_time":"20180405073158","is_prod":false,"is_daily":false,"is_ascension_mode":true,"campfire_upgraded":4,"timestamp":1522931518,"path_taken":["M","M","$","?","M","R","M","R","T","?","R","?","M","M","R","BOSS","M","?","?","M","?","R","M","R","T","?","?","M"],"build_version":"2018-03-29v2","purchased_purges":2,"victory":false,"master_deck":["Strike_R","Strike_R","Strike_R","Defend_R","Defend_R","Defend_R","Defend_R","Bash+1","AscendersBane","Cleave+1","Rampage+1","Warcry","Headbutt","Bash+1","Body Slam+1","Iron Wave+1","Battle Trance","Double Tap","Flame Barrier+1","Clothesline+1","Shrug It Off+1","Necronomicurse"],"max_hp_per_floor":[75,75,75,75,75,75,75,75,75,75,75,75,75,75,75,75,75,75,75,75,75,75,75,75,75,75,75,75,75],"relics":["Burning Blood","Pen Nib","Molten Egg 2","Ectoplasm","Art of War","Necronomicon"],"card_choices":[{"not_picked":["Shockwave","Infernal Blade"],"picked":"Cleave","floor":1.0},{"not_picked":["Sword Boomerang","Sever Soul"],"picked":"Rampage","floor":2.0},{"not_picked":["True Grit","Feel No Pain"],"picked":"Warcry","floor":5.0},{"not_picked":["Twin Strike","Uppercut"],"picked":"Headbutt","floor":7.0},{"not_picked":["Pommel Strike","Wild Strike"],"picked":"Iron Wave","floor":13.0},{"not_picked":["Sever Soul","Flex"],"picked":"Battle Trance","floor":14.0},{"not_picked":["Exhume","Impervious"],"picked":"Double Tap","floor":16.0},{"not_picked":["Wild Strike","Headbutt"],"picked":"Flame Barrier","floor":21},{"not_picked":["Dropkick","Infernal Blade"],"picked":"Clothesline","floor":24},{"not_picked":["Flex","Armaments"],"picked":"Shrug It Off","floor":27}],"player_experience":414838,"potions_floor_usage":[27],"damage_taken":[{"damage":6.0,"enemies":"Cultist","floor":1.0,"turns":4.0},{"damage":11.0,"enemies":"Jaw Worm","floor":2.0,"turns":4.0},{"damage":17.0,"enemies":"Small Slimes","floor":4.0,"turns":4.0},{"damage":9.0,"enemies":"Exordium Wildlife","floor":5.0,"turns":4.0},{"damage":7.0,"enemies":"Looter","floor":7.0,"turns":3.0},{"damage":9.0,"enemies":"Blue Slaver","floor":13.0,"turns":4.0},{"damage":5.0,"enemies":"Exordium Thugs","floor":14.0,"turns":4.0},{"damage":35.0,"enemies":"Hexaghost","floor":16.0,"turns":9.0},{"damage":21,"enemies":"Shell Parasite","floor":18,"turns":3},{"damage":2,"enemies":"3 Byrds","floor":21,"turns":4},{"damage":36,"enemies":"Sentry and Sphere","floor":24,"turns":6},{"damage":3,"enemies":"Snecko","floor":27,"turns":4},{"damage":34,"enemies":"Slaver and Parasite","floor":29,"turns":5}],"event_choices":[{"event_name":"Match and Keep!","player_choice":"1 cards matched","floor":10.0,"damage_taken":0.0},{"event_name":"Living Wall","player_choice":"Change","floor":12.0,"damage_taken":0.0},{"event_name":"Vampires","player_choice":"Ignored","floor":19,"damage_taken":0},{"event_name":"Forgotten Altar","player_choice":"Smashed Altar","floor":20,"damage_taken":0},{"event_name":"Beggar","player_choice":"Gave Gold","floor":22,"damage_taken":0},{"event_name":"Cursed Tome","player_choice":"Obtained Book","floor":28,"damage_taken":0}],"boss_relics":[],"potions_floor_spawned":[5,7,13,16,21],"seed_played":"-525918728963560421","killed_by":"Slaver and Parasite","ascension_level":14,"is_trial":false}