{"path_per_floor":["M","$","?","?","$","?","$","R","T","M","M","R","E","M","R","B",null,"M","M","?","M","$"],"character_chosen":"IRONCLAD","items_purchased":["Armaments","Membership Card","Spot Weakness"],"gold_per_floor":[117,67,67,67,67,17,17,17,44,68,84,84,127,142,142,262,262,278,302,302,315,28,28],"floor_reached":23,"campfire_rested":1,"playtime":739,"current_hp_per_floor":[80,80,74,59,59,59,59,59,59,59,59,59,44,31,53,31,77,58,43,43,22,22,0],"items_purged":["Decay"],"gold":28,"score":217,"play_id":"33eb03fd-5221-4648-8c09-d9a662372d5c","local_time":"20180402204022","is_prod":false,"is_daily":false,"is_ascension_mode":true,"campfire_upgraded":2,"timestamp":1522716022,"path_taken":["M","$","?","?","?","?","?","R","T","M","?","R","E","?","R","BOSS","M","M","?","M","$","E"],"build_version":"2018-03-29v2","purchased_purges":1,"victory":false,"master_deck":["Strike_R","Strike_R","Strike_R","Strike_R","Strike_R","Defend_R","Defend_R","Defend_R","Bash+1","Clothesline+1","Armaments+1","Flex+1","Rupture","Feed","Inflame","Barricade","Pain","Rupture","Shockwave","Writhe","Thunderclap","Spot Weakness"],"max_hp_per_floor":[80,80,74,74,74,74,74,74,74,74,74,74,74,74,74,77,77,77,81,81,81,81,81],"relics":["Snecko Eye","Golden Idol","Vajra","Oddly Smooth Stone","Calling Bell","Regal Pillow","Bag of Preparation","Matryoshka","Membership Card"],"card_choices":[{"not_picked":["Carnage","Armaments"],"picked":"Clothesline","floor":1},{"not_picked":["Perfected Strike","Shrug It Off"],"picked":"Flex","floor":10},{"not_picked":["Hemokinesis","Anger"],"picked":"Rupture","floor":11},{"not_picked":["Power Through","Wild Strike"],"picked":"Feed","floor":13},{"not_picked":["Clothesline","Pommel Strike"],"picked":"Inflame","floor":14},{"not_picked":["Exhume","Reaper"],"picked":"Barricade","floor":16},{"not_picked":["Warcry","Headbutt"],"picked":"Rupture","floor":18},{"not_picked":["Clash","Second Wind"],"picked":"Shockwave","floor":19},{"not_picked":["Shrug It Off","Iron Wave"],"picked":"Thunderclap","floor":21}],"player_experience":187168,"potions_floor_usage":[16,23,23],"damage_taken":[{"damage":0,"enemies":"2 Louse","floor":1,"turns":2},{"damage":0,"enemies":"Jaw Worm","floor":10,"turns":2},{"damage":0,"enemies":"Cultist","floor":11,"turns":2},{"damage":15,"enemies":"Lagavulin","floor":13,"turns":5},{"damage":13,"enemies":"Looter","floor":14,"turns":3},{"damage":25,"enemies":"Hexaghost","floor":16,"turns":9},{"damage":19,"enemies":"Shell Parasite","floor":18,"turns":5},{"damage":19,"enemies":"Chosen","floor":19,"turns":4},{"damage":21,"enemies":"Snecko","floor":21,"turns":5},{"damage":24,"enemies":"Gremlin Leader","floor":23,"turns":3}],"event_choices":[{"event_name":"Golden Idol","player_choice":"Lose Max HP","floor":3,"damage_taken":0},{"event_name":"Shining Light","player_choice":"Entered Light","floor":4,"damage_taken":0},{"event_name":"The Cleric","player_choice":"Card Removal","floor":6,"damage_taken":0},{"event_name":"Transmorgrifier","player_choice":"Transform","floor":20,"damage_taken":0}],"boss_relics":[{"not_picked":["Cursed Key","Ectoplasm"],"picked":"Calling Bell"}],"potions_floor_spawned":[1,14,21],"seed_played":"103109516416211927","killed_by":"Gremlin Leader","ascension_level":3,"is_trial":false}