{"path_per_floor":["M","?","M","M","$","R","E","M","T","?","R","M","R","M","R","B",null,"M","?","?","M","M","R"],"character_chosen":"IRONCLAD","items_purchased":["Inflame"],"gold_per_floor":[113,113,129,142,63,63,93,104,130,205,205,215,215,234,234,329,329,345,345,315,328,347,347,347],"floor_reached":24,"campfire_rested":1,"playtime":786,"current_hp_per_floor":[68,68,73,79,79,79,68,66,66,55,55,54,54,60,60,23,70,58,58,58,39,29,56,0],"items_purged":[],"gold":347,"score":267,"play_id":"de78de5b-e68b-4486-8b91-1e03cb95e76d","local_time":"20180403182610","is_prod":false,"is_daily":false,"is_ascension_mode":true,"campfire_upgraded":4,"timestamp":1522794370,"path_taken":["M","?","M","?","$","R","E","M","T","?","R","?","R","M","R","BOSS","M","?","?","M","?","R","E"],"build_version":"2018-03-29v2","purchased_purges":0,"victory":false,"master_deck":["Strike_R","Strike_R","Strike_R","Strike_R","Strike_R","Defend_R","Defend_R","Defend_R","Defend_R","Bash+1","Battle Trance","Infernal Blade+1","Inflame+1","Flex+1","Shrug It Off+1","Impervious+1","Limit Break"],"max_hp_per_floor":[80,80,80,80,80,80,80,83,83,83,83,85,85,85,85,85,85,87,87,87,89,91,91,91],"relics":["Burning Blood","Singing Bowl","War Paint","Black Star"],"card_choices":[{"not_picked":["Anger","Blood for Blood"],"picked":"Battle Trance","floor":1},{"not_picked":["Perfected Strike","Burning Pact"],"picked":"Infernal Blade","floor":3},{"not_picked":["Combust","Warcry"],"picked":"Flex","floor":7},{"not_picked":["Dropkick","Blood for Blood"],"picked":"Shrug It Off","floor":8},{"not_picked":["Bloodletting","Flame Barrier"],"picked":"Impervious","floor":14},{"not_picked":["Offering","Bludgeon"],"picked":"Limit Break","floor":16}],"player_experience":199089,"potions_floor_usage":[7,16,16,18,21,21,24],"damage_taken":[{"damage":10,"enemies":"Small Slimes","floor":1,"turns":3},{"damage":1,"enemies":"Cultist","floor":3,"turns":3},{"damage":0,"enemies":"2 Louse","floor":4,"turns":2},{"damage":17,"enemies":"3 Sentries","floor":7,"turns":6},{"damage":11,"enemies":"2 Fungi Beasts","floor":8,"turns":3},{"damage":9,"enemies":"Red Slaver","floor":12,"turns":3},{"damage":0,"enemies":"3 Louse","floor":14,"turns":2},{"damage":43,"enemies":"Hexaghost","floor":16,"turns":10},{"damage":29,"enemies":"3 Byrds","floor":18,"turns":5},{"damage":27,"enemies":"2 Thieves","floor":21,"turns":3},{"damage":18,"enemies":"Snecko","floor":22,"turns":3},{"damage":66,"enemies":"Gremlin Leader","floor":24,"turns":7}],"event_choices":[{"event_name":"Liars Game","player_choice":"disagreed","floor":2,"damage_taken":0},{"event_name":"World of Goop","player_choice":"Gather Gold","floor":10,"damage_taken":0},{"event_name":"Vampires","player_choice":"Ignored","floor":19,"damage_taken":0},{"event_name":"The Woman in Blue","player_choice":"Bought 2 Potions","floor":20,"damage_taken":0}],"boss_relics":[{"not_picked":["Tiny House","Runic Pyramid"],"picked":"Black Star"}],"potions_floor_spawned":[1,12,14,16,22],"seed_played":"-4199785606663214599","killed_by":"Gremlin Leader","ascension_level":7,"is_trial":false}