{"path_per_floor":["M","?","M","M","$","E","R","M","T","$","?","E","R","M","R","B",null,"M","?","$","M","M"],"character_chosen":"IRONCLAD","items_purchased":["Double Tap","Block Potion","Inflame"],"gold_per_floor":[110,110,125,135,9,34,34,46,46,8,8,35,35,55,55,134,134,144,44,44,55,69,69],"floor_reached":23,"campfire_rested":1,"playtime":669,"current_hp_per_floor":[67,67,67,69,69,42,42,41,41,41,41,14,38,39,39,18,65,71,71,71,70,56,0],"items_purged":[],"gold":69,"score":332,"play_id":"805deb64-724e-40c3-a9e0-08772576ee21","local_time":"20180405181607","is_prod":false,"is_daily":false,"is_ascension_mode":true,"campfire_upgraded":2,"timestamp":1522944967,"path_taken":["M","?","M","M","?","E","R","M","T","$","?","E","R","M","R","BOSS","M","?","$","M","M","E"],"build_version":"2018-03-29v2","purchased_purges":0,"victory":false,"master_deck":["Strike_R","Strike_R+1","Strike_R","Strike_R+1","Strike_R","Defend_R","Defend_R","Defend_R","Defend_R","Bash","AscendersBane","Shrug It Off","Regret","Whirlwind+1","Double Tap","Uppercut+1","Offering","Inflame","Battle Trance","Barricade","J.A.X.","Blood for Blood+1"],"max_hp_per_floor":[80,80,80,80,80,80,80,80,80,80,80,80,80,80,80,80,80,80,80,80,80,80,80],"relics":["Burning Blood","Whetstone","Pantograph","Pen Nib","Sundial","Anchor","Eternal Feather"],"card_choices":[{"not_picked":["Sever Soul","Cleave"],"picked":"Shrug It Off","floor":1},{"not_picked":["Sever Soul","Perfected Strike"],"picked":"Whirlwind","floor":3},{"not_picked":["Cleave","Pommel Strike"],"picked":"Uppercut","floor":6},{"not_picked":["Dual Wield","Blood for Blood"],"picked":"Offering","floor":8},{"not_picked":["Clothesline","Carnage"],"picked":"Battle Trance","floor":12},{"not_picked":["Fiend Fire","Immolate"],"picked":"Barricade","floor":16},{"not_picked":["Pommel Strike","Searing Blow"],"picked":"Blood for Blood","floor":22}],"player_experience":324389,"potions_floor_usage":[6,6,8,12,16,22],"damage_taken":[{"damage":11,"enemies":"2 Louse","floor":1,"turns":3},{"damage":6,"enemies":"Jaw Worm","floor":3,"turns":3},{"damage":4,"enemies":"Cultist","floor":4,"turns":3},{"damage":33,"enemies":"Gremlin Nob","floor":6,"turns":5},{"damage":7,"enemies":"3 Louse","floor":8,"turns":4},{"damage":33,"enemies":"Lagavulin","floor":12,"turns":4},{"damage":5,"enemies":"Looter","floor":14,"turns":2},{"damage":52,"enemies":"Hexaghost","floor":16,"turns":8},{"damage":0,"enemies":"2 Thieves","floor":18,"turns":2},{"damage":7,"enemies":"Spheric Guardian","floor":21,"turns":2},{"damage":20,"enemies":"Cultist and Chosen","floor":22,"turns":4},{"damage":58,"enemies":"Book of Stabbing","floor":23,"turns":5}],"event_choices":[{"event_name":"Big Fish","player_choice":"Box","floor":2,"damage_taken":0},{"event_name":"The Cleric","player_choice":"Leave","floor":11,"damage_taken":0},{"event_name":"Drug Dealer","player_choice":"Got JAXXED","floor":19,"damage_taken":0}],"boss_relics":[{"not_picked":["White Beast Statue","Calling Bell"],"picked":"Eternal Feather"}],"potions_floor_spawned":[1,6,8,14,16,18,21],"seed_played":"2609720338079550424","killed_by":"Book of Stabbing","ascension_level":13,"is_trial":false}