{"path_per_floor":["M","M","M","$","M","R","M","R","T","?","E","R","?","E","R","B",null,"M","M","?","?","M","R","E","R","T","R","M","M","$","M","R","B",null,"M","M","?","$","M","R","T","M","T","M","M","R","?","M","R"],"character_chosen":"IRONCLAD","items_purchased":["Molten Egg 2","Offering","Metallicize","Whirlwind","Block Potion"],"gold_per_floor":[218,237,256,10,29,29,47,47,47,47,72,72,129,155,155,233,233,252,264,264,179,194,194,223,223,223,223,237,255,33,45,45,119,119,133,147,147,18,30,30,30,47,73,85,96,96,96,113,113,113],"floor_reached":50,"campfire_rested":0,"playtime":2106,"current_hp_per_floor":[63,67,66,66,60,60,66,66,66,71,64,64,59,62,62,11,63,67,69,69,69,76,76,53,53,67,67,61,69,69,80,80,40,81,92,64,64,64,71,71,71,94,94,93,92,92,80,89,89,0],"items_purged":[],"gold":113,"score":809,"play_id":"c18084f4-1d70-49fd-9b2e-180fcbb6f820","local_time":"20180402094411","is_prod":false,"is_daily":false,"is_ascension_mode":true,"campfire_upgraded":11,"timestamp":1522680251,"path_taken":["M","?","M","$","?","R","?","R","T","?","E","R","?","E","R","BOSS","M","M","?","?","M","R","E","R","T","R","M","M","$","M","R","BOSS","M","M","?","$","?","R","?","M","T","M","M","R","?","M","R","BOSS"],"build_version":"2018-03-29v2","purchased_purges":1,"victory":false,"master_deck":["Strike_R","Strike_R","Defend_R","Defend_R","Defend_R","Defend_R","Bash+1","AscendersBane","Cleave+1","Clash+1","Double Tap+1","Sever Soul+1","Thunderclap+1","Reaper+1","Battle Trance+1","Offering+1","Shrug It Off+1","Flame Barrier+1","Clash+1","Spot Weakness+1","Offering","Metallicize+1","Clash+1","Offering","Disarm+1","Infernal Blade+1","Impervious+1","Inflame+1","Whirlwind+1","Flex+1","Pummel+1","Madness","Madness","Shockwave+1"],"max_hp_per_floor":[75,75,75,75,75,75,75,75,75,80,80,80,80,80,80,80,80,80,80,80,80,80,80,80,80,94,94,94,94,94,94,94,94,94,94,94,94,94,94,94,94,94,94,94,94,94,94,94,94,94],"relics":["Burning Blood","Molten Egg 2","Calipers","Gremlin Horn","Happy Flower","Omamori","Lizard Tail","Oddly Smooth Stone","Meat on the Bone","Mango","Astrolabe","Red Skull","Bag of Marbles"],"card_choices":[{"not_picked":["Hemokinesis","Clothesline"],"picked":"Cleave","floor":1},{"not_picked":["Warcry","Wild Strike"],"picked":"Clash","floor":2},{"not_picked":["Shrug It Off","Clothesline"],"picked":"Double Tap","floor":3},{"not_picked":["Thunderclap","Twin Strike"],"picked":"Sever Soul","floor":5},{"not_picked":["True Grit","Warcry"],"picked":"Thunderclap","floor":7},{"not_picked":["Thunderclap","Shrug It Off"],"picked":"Reaper","floor":11},{"not_picked":["Infernal Blade","True Grit"],"picked":"Battle Trance","floor":13},{"not_picked":["Juggernaut","Brutality"],"picked":"Offering","floor":16},{"not_picked":["Thunderclap","Flex"],"picked":"Shrug It Off","floor":18},{"not_picked":["Heavy Blade","Iron Wave"],"picked":"Clash","floor":28},{"not_picked":["Flex","Havoc"],"picked":"Spot Weakness","floor":29},{"not_picked":["Havoc","Spot Weakness"],"picked":"Clash","floor":31},{"not_picked":["Berserk","Juggernaut"],"picked":"Offering","floor":33},{"not_picked":["Havoc","Sentinel"],"picked":"Inflame","floor":35},{"not_picked":["Evolve","Searing Blow"],"picked":"Flex","floor":42},{"not_picked":["Blood for Blood","Rampage"],"picked":"Pummel","floor":44},{"not_picked":["Headbutt","Iron Wave"],"picked":"Shockwave","floor":48}],"player_experience":404372,"potions_floor_usage":[5,7,14,16,18,31,33,33,36,39,50],"damage_taken":[{"damage":11,"enemies":"Cultist","floor":1,"turns":4},{"damage":2,"enemies":"2 Louse","floor":2,"turns":3},{"damage":7,"enemies":"Small Slimes","floor":3,"turns":3},{"damage":12,"enemies":"Looter","floor":5,"turns":4},{"damage":0,"enemies":"2 Fungi Beasts","floor":7,"turns":2},{"damage":13,"enemies":"3 Sentries","floor":11,"turns":4},{"damage":26,"enemies":"3 Sentries","floor":13,"turns":5},{"damage":3,"enemies":"Gremlin Nob","floor":14,"turns":3},{"damage":62,"enemies":"The Guardian","floor":16,"turns":10},{"damage":11,"enemies":"3 Byrds","floor":18,"turns":4},{"damage":4,"enemies":"2 Thieves","floor":19,"turns":1},{"damage":10,"enemies":"3 Cultists","floor":22,"turns":4},{"damage":36,"enemies":"Book of Stabbing","floor":24,"turns":4},{"damage":24,"enemies":"Snake Plant","floor":28,"turns":4},{"damage":12,"enemies":"Centurion and Healer","floor":29,"turns":3},{"damage":9,"enemies":"Cultist and Chosen","floor":31,"turns":6},{"damage":109,"enemies":"Automaton","floor":33,"turns":11},{"damage":8,"enemies":"3 Shapes","floor":35,"turns":3},{"damage":57,"enemies":"3 Darklings","floor":36,"turns":5},{"damage":21,"enemies":"Maw","floor":39,"turns":7},{"damage":8,"enemies":"4 Shapes","floor":42,"turns":2},{"damage":8,"enemies":"3 Darklings","floor":44,"turns":1},{"damage":22,"enemies":"Maw","floor":45,"turns":7},{"damage":8,"enemies":"Sphere and 2 Shapes","floor":48,"turns":3},{"damage":143,"enemies":"Time Eater","floor":50,"turns":12}],"event_choices":[{"event_name":"Big Fish","player_choice":"Donut","floor":10,"damage_taken":0},{"event_name":"Dead Adventurer","player_choice":"Searched \u00271\u0027 times","floor":13,"damage_taken":0},{"event_name":"The Library","player_choice":"Read","floor":20,"damage_taken":0},{"event_name":"Addict","player_choice":"Obtained Relic","floor":21,"damage_taken":0},{"event_name":"Tomb of Lord Red Mask","player_choice":"Ignored","floor":37,"damage_taken":0},{"event_name":"Winding Halls","player_choice":"Embrace Madness","floor":47,"damage_taken":0}],"boss_relics":[{"not_picked":["Pandora\u0027s Box","Black Star"],"picked":"Lizard Tail"},{"not_picked":["Orrery","Runic Pyramid"],"picked":"Astrolabe"}],"potions_floor_spawned":[1,5,13,13,14,16,24,29,31,33,35,42,45,48],"seed_played":"-6945628129255087210","killed_by":"Time Eater","ascension_level":14,"is_trial":false}