{"path_per_floor":["M","?","M","$","M","R","E","R","T","$","?","M","M","$","R","B",null,"M","M","$","?","M","R","M","M","T","E","T","M","?","E","R","B",null,"M","?","T","?","M","E","M","$","T","R","T","M","?","?","R","B"],"character_chosen":"IRONCLAD","items_purchased":["Dropkick","Regen Potion","Pen Nib","Singing Bowl"],"gold_per_floor":[110,60,73,73,90,90,118,118,191,45,45,59,70,22,22,117,117,137,148,48,48,65,65,84,104,153,181,234,246,246,277,277,373,373,385,385,440,440,454,482,497,65,65,65,65,81,81,126,126,126],"floor_reached":51,"campfire_rested":1,"playtime":1416,"current_hp_per_floor":[80,80,71,71,72,72,51,51,51,51,35,39,45,45,69,65,80,80,80,80,80,79,79,65,61,61,62,62,56,85,87,87,65,87,87,87,87,87,87,73,75,75,75,75,89,99,99,101,101,59],"items_purged":["Strike_R","Strike_R","Strike_R"],"gold":126,"score":815,"play_id":"a04fa443-279a-416d-83bc-bcc64ae87c00","local_time":"20180326220618","is_prod":false,"is_daily":false,"is_ascension_mode":false,"campfire_upgraded":6,"timestamp":1522116378,"path_taken":["M","?","M","$","M","R","E","R","T","$","?","M","?","?","R","BOSS","M","M","$","?","M","R","M","M","T","E","?","M","?","E","R","BOSS","M","?","?","?","M","E","M","?","T","R","?","?","?","?","R","BOSS"],"build_version":"2018-03-22v2","purchased_purges":3,"victory":true,"master_deck":["Defend_R","Defend_R","Bash+1","Spot Weakness+1","Limit Break+1","Dropkick+1","Offering+1","Flex+1","Heavy Blade+1","Pummel+1","Heavy Blade+1","Dropkick+1","Offering","Seeing Red+1","Whirlwind+1","Inflame","Seeing Red+1"],"max_hp_per_floor":[80,80,80,80,80,80,80,80,80,80,80,80,80,80,80,80,80,80,80,80,80,80,80,80,80,80,87,87,87,87,87,87,87,87,87,87,87,87,87,87,87,87,87,87,101,101,101,101,101,101],"relics":["Black Blood","Bag of Preparation","Happy Flower","Ornamental Fan","Whetstone","Strawberry","Regal Pillow","Ancient Tea Set","Sozu","Tiny Chest","Omamori","Pen Nib","Singing Bowl","Vajra","Mango","Calipers"],"card_choices":[{"not_picked":["Clothesline","Rupture"],"picked":"Spot Weakness","floor":5},{"not_picked":["Inflame","Reckless Charge"],"picked":"Limit Break","floor":7},{"not_picked":["Pommel Strike","Second Wind"],"picked":"Inflame","floor":13},{"not_picked":["Fiend Fire","Limit Break"],"picked":"Offering","floor":16},{"not_picked":["True Grit","Clothesline"],"picked":"Flex","floor":18},{"not_picked":["Shrug It Off","Hemokinesis"],"picked":"Heavy Blade","floor":19},{"not_picked":["Heavy Blade","Battle Trance"],"picked":"Pummel","floor":25},{"not_picked":["Rupture","Warcry"],"picked":"Heavy Blade","floor":27},{"not_picked":["Intimidate","True Grit"],"picked":"Dropkick","floor":29},{"not_picked":["Immolate","Dark Embrace"],"picked":"Offering","floor":33},{"not_picked":["Cleave","Iron Wave"],"picked":"Seeing Red","floor":39},{"not_picked":["Uppercut","Dark Embrace"],"picked":"Whirlwind","floor":40},{"not_picked":["Pommel Strike","Metallicize"],"picked":"Inflame","floor":46},{"not_picked":["Twin Strike","Flame Barrier"],"picked":"Seeing Red","floor":48}],"player_experience":143154,"potions_floor_usage":[12,13,16,27,27,31],"damage_taken":[{"damage":0,"enemies":"Small Slimes","floor":1,"turns":3},{"damage":15,"enemies":"Jaw Worm","floor":3,"turns":4},{"damage":5,"enemies":"Cultist","floor":5,"turns":4},{"damage":27,"enemies":"3 Sentries","floor":7,"turns":6},{"damage":2,"enemies":"3 Louse","floor":12,"turns":2},{"damage":0,"enemies":"Looter","floor":13,"turns":2},{"damage":22,"enemies":"The Guardian","floor":16,"turns":6},{"damage":9,"enemies":"Spheric Guardian","floor":18,"turns":3},{"damage":10,"enemies":"2 Thieves","floor":19,"turns":3},{"damage":11,"enemies":"3 Cultists","floor":22,"turns":3},{"damage":24,"enemies":"Centurion and Healer","floor":24,"turns":2},{"damage":14,"enemies":"Chosen and Byrds","floor":25,"turns":3},{"damage":16,"enemies":"Book of Stabbing","floor":27,"turns":2},{"damage":16,"enemies":"Slaver and Parasite","floor":29,"turns":2},{"damage":4,"enemies":"Gremlin Leader","floor":31,"turns":2},{"damage":32,"enemies":"Collector","floor":33,"turns":3},{"damage":8,"enemies":"3 Darklings","floor":35,"turns":1},{"damage":8,"enemies":"3 Shapes","floor":39,"turns":1},{"damage":24,"enemies":"Nemesis","floor":40,"turns":3},{"damage":8,"enemies":"Sphere and 2 Shapes","floor":41,"turns":1},{"damage":0,"enemies":"3 Darklings","floor":46,"turns":1},{"damage":8,"enemies":"Mysterious Sphere","floor":48,"turns":1},{"damage":52,"enemies":"Time Eater","floor":50,"turns":3}],"event_choices":[{"event_name":"The Cleric","player_choice":"Card Removal","floor":2,"damage_taken":0},{"event_name":"Shining Light","player_choice":"Entered Light","floor":11,"damage_taken":0},{"event_name":"Back to Basics","player_choice":"Elegance","floor":21,"damage_taken":0},{"event_name":"The Library","player_choice":"Heal","floor":30,"damage_taken":0},{"event_name":"Purifier","player_choice":"One Purge","floor":38,"damage_taken":0},{"event_name":"Bonfire Elementals","player_choice":"BASIC","floor":47,"damage_taken":0},{"event_name":"Mysterious Sphere","player_choice":"Fight","floor":48,"damage_taken":0}],"boss_relics":[{"not_picked":["Philosopher\u0027s Stone","Pandora\u0027s Box"],"picked":"Black Blood"},{"not_picked":["Snecko Eye","Lizard Tail"],"picked":"Sozu"}],"potions_floor_spawned":[3,5,19,22,25,33,35,48],"seed_played":"-3313926227575828752","ascension_level":0,"is_trial":false}