{"path_per_floor":["M","M","?","?","?","R","E","R","T","E","M","M","$","E","R","B",null,"M","M","$","?","?","R","M","E","T","M","E","$","R","M","R"],"character_chosen":"IRONCLAD","items_purchased":["Offering","Whetstone"],"gold_per_floor":[109,129,129,129,129,129,154,154,154,184,198,208,46,80,80,184,184,195,210,60,60,60,60,72,104,104,114,146,71,71,87,87,87],"floor_reached":33,"campfire_rested":5,"playtime":2942,"current_hp_per_floor":[76,70,70,54,47,47,37,61,61,39,42,47,47,36,61,11,84,61,66,66,66,50,77,79,52,62,58,41,41,73,74,106,0],"items_purged":["Strike_R"],"gold":87,"score":358,"play_id":"3d63c0ac-1f9f-49cc-9f5d-042fed890528","local_time":"20180401173102","is_prod":false,"is_daily":false,"is_ascension_mode":true,"campfire_upgraded":1,"timestamp":1522618262,"path_taken":["M","M","?","?","?","R","E","R","T","E","M","M","$","E","R","BOSS","M","M","$","?","?","R","?","E","T","M","E","$","R","M","R","BOSS"],"build_version":"2018-03-29v2","purchased_purges":1,"victory":false,"master_deck":["Strike_R","Strike_R+1","Strike_R+1","Strike_R+1","Defend_R+1","Defend_R","Defend_R+1","Bash","Flex","Battle Trance+1","Pummel","Flex+1","Offering","Second Wind","Feed","Shrug It Off+1","Spot Weakness","Inflame+1","Heavy Blade","Flex","Shrug It Off+1"],"max_hp_per_floor":[80,80,80,80,80,80,80,80,80,82,82,84,84,84,84,84,84,89,92,92,92,92,92,92,94,104,104,109,109,109,109,109,109],"relics":["Burning Blood","Singing Bowl","Prayer Wheel","Gambling Chip","War Paint","White Beast Statue","Whetstone","Enchiridion","Sundial","Pear","Omamori"],"card_choices":[{"not_picked":["Pommel Strike","Clothesline"],"picked":"Flex","floor":1},{"not_picked":["Iron Wave","Cleave"],"picked":"Battle Trance","floor":2},{"not_picked":["Ghostly Armor","Heavy Blade"],"picked":"Pummel","floor":7},{"not_picked":["True Grit","Corruption"],"picked":"Flex","floor":11},{"not_picked":["Clash","Sever Soul"],"picked":"Second Wind","floor":14},{"not_picked":["Fiend Fire","Immolate"],"picked":"Feed","floor":16},{"not_picked":["Warcry","Blood for Blood"],"picked":"Shrug It Off","floor":19},{"not_picked":["Carnage","Havoc"],"picked":"Inflame","floor":24},{"not_picked":["Thunderclap","Pommel Strike"],"picked":"Heavy Blade","floor":26},{"not_picked":["Heavy Blade","Carnage"],"picked":"Flex","floor":27},{"not_picked":["Evolve","Twin Strike"],"picked":"Shrug It Off","floor":31}],"player_experience":175009,"potions_floor_usage":[7,14,25,27,31,31],"damage_taken":[{"damage":10,"enemies":"2 Louse","floor":1,"turns":4},{"damage":12,"enemies":"Jaw Worm","floor":2,"turns":2},{"damage":16,"enemies":"3 Sentries","floor":7,"turns":6},{"damage":30,"enemies":"Gremlin Nob","floor":10,"turns":4},{"damage":3,"enemies":"Small Slimes","floor":11,"turns":2},{"damage":3,"enemies":"Looter","floor":12,"turns":2},{"damage":17,"enemies":"Lagavulin","floor":14,"turns":3},{"damage":56,"enemies":"Hexaghost","floor":16,"turns":13},{"damage":34,"enemies":"3 Byrds","floor":18,"turns":6},{"damage":4,"enemies":"Shell Parasite","floor":19,"turns":1},{"damage":4,"enemies":"Snecko","floor":24,"turns":2},{"damage":35,"enemies":"Gremlin Leader","floor":25,"turns":3},{"damage":10,"enemies":"Centurion and Healer","floor":27,"turns":3},{"damage":28,"enemies":"Slavers","floor":28,"turns":5},{"damage":5,"enemies":"Cultist and Chosen","floor":31,"turns":4},{"damage":134,"enemies":"Automaton","floor":33,"turns":12}],"event_choices":[{"event_name":"Liars Game","player_choice":"disagreed","floor":3,"damage_taken":0},{"event_name":"Shining Light","player_choice":"Entered Light","floor":4,"damage_taken":0},{"event_name":"Golden Wing","player_choice":"Card Removal","floor":5,"damage_taken":0},{"event_name":"The Library","player_choice":"Read","floor":21,"damage_taken":0},{"event_name":"Cursed Tome","player_choice":"Obtained Book","floor":22,"damage_taken":0}],"boss_relics":[{"not_picked":["Runic Pyramid","Ectoplasm"],"picked":"White Beast Statue"}],"potions_floor_spawned":[1,11,12,16,18,19,24,25,27,28,31],"seed_played":"-2533989090798347819","killed_by":"Automaton","ascension_level":2,"is_trial":false}