{"path_per_floor":["M","M","M","?","M","R","E","R","T","E","?","$","?","?","R"],"character_chosen":"IRONCLAD","items_purchased":[],"gold_per_floor":[116,133,143,143,163,163,197,197,197,223,298,223,223,245,245,245],"floor_reached":16,"campfire_rested":1,"playtime":483,"current_hp_per_floor":[63,64,64,64,60,60,46,46,46,32,21,21,21,16,38,0],"items_purged":["Strike_R"],"gold":245,"score":184,"play_id":"08f64003-b508-4484-b4bc-fad64c5b71d0","local_time":"20180405235947","is_prod":false,"is_daily":false,"is_ascension_mode":true,"campfire_upgraded":2,"timestamp":1522965587,"path_taken":["M","M","M","?","M","R","E","R","T","E","?","$","?","?","R","BOSS"],"build_version":"2018-03-29v2","purchased_purges":1,"victory":false,"master_deck":["Strike_R","Strike_R","Strike_R","Defend_R","Defend_R","Defend_R","Defend_R","Bash+1","AscendersBane","Flex","Offering","Flex","Flame Barrier","Shrug It Off","Uppercut+1","Metallicize","Regret","Offering"],"max_hp_per_floor":[75,75,75,75,75,75,75,75,75,75,75,75,75,75,75,75],"relics":["Burning Blood","Orichalcum","Anchor","Juzu Bracelet","Lantern","Odd Mushroom"],"card_choices":[{"not_picked":["Flame Barrier","Shrug It Off"],"picked":"Offering","floor":1},{"not_picked":["Spot Weakness","Thunderclap"],"picked":"Flex","floor":2},{"not_picked":["Pommel Strike","Warcry"],"picked":"Flame Barrier","floor":3},{"not_picked":["Wild Strike","Pommel Strike"],"picked":"Shrug It Off","floor":5},{"not_picked":["Pummel","Hemokinesis"],"picked":"Uppercut","floor":7},{"not_picked":["Pommel Strike","Body Slam"],"picked":"Metallicize","floor":10},{"not_picked":["True Grit","Infernal Blade"],"picked":"Offering","floor":14}],"player_experience":339469,"potions_floor_usage":[7,7,7,16],"damage_taken":[{"damage":11,"enemies":"Jaw Worm","floor":1,"turns":4},{"damage":5,"enemies":"Cultist","floor":2,"turns":3},{"damage":6,"enemies":"2 Louse","floor":3,"turns":3},{"damage":10,"enemies":"Looter","floor":5,"turns":3},{"damage":20,"enemies":"Gremlin Nob","floor":7,"turns":4},{"damage":20,"enemies":"3 Sentries","floor":10,"turns":11},{"damage":11,"enemies":"The Mushroom Lair","floor":14,"turns":5},{"damage":43,"enemies":"Hexaghost","floor":16,"turns":9}],"event_choices":[{"event_name":"Shining Light","player_choice":"Ignored","floor":4,"damage_taken":0},{"event_name":"World of Goop","player_choice":"Gather Gold","floor":11,"damage_taken":0},{"event_name":"Big Fish","player_choice":"Box","floor":13,"damage_taken":0},{"event_name":"Mushrooms","player_choice":"Fought Mushrooms","floor":14,"damage_taken":0}],"boss_relics":[],"potions_floor_spawned":[1,3,5,10],"seed_played":"-7070751862314729021","killed_by":"Hexaghost","ascension_level":14,"is_trial":false}