{"path_per_floor":["M","?","$","?","M","R","M","R","T","?","E","M","R","E","R","B",null,"M","?","$","M","M","?","R","E","T","?","R","$","M","M","R","B",null,"M","M","?","?","$","R","$","R","T","M","M","R","M","?","R","B"],"character_chosen":"IRONCLAD","items_purchased":["Corruption","Seeing Red","Flex","Kunai","Limit Break","Rupture","Inflame"],"gold_per_floor":[113,113,38,113,131,131,151,151,151,151,182,197,197,224,224,323,323,343,343,102,117,130,130,130,161,161,61,61,11,22,42,42,138,138,157,176,176,527,92,92,51,51,76,90,108,108,125,125,125,125],"floor_reached":51,"campfire_rested":2,"playtime":2121,"current_hp_per_floor":[75,63,63,52,53,53,49,49,49,42,21,31,72,68,68,36,93,97,97,97,97,101,81,81,32,32,32,78,78,79,98,98,114,114,118,118,118,122,122,122,122,122,122,111,114,114,126,116,116,113],"items_purged":["Strike_R","Defend_R","Defend_R"],"gold":125,"score":823,"play_id":"1b2439d9-f83a-4439-bd69-09a62278c36e","local_time":"20180404221725","is_prod":false,"is_daily":false,"is_ascension_mode":false,"campfire_upgraded":9,"timestamp":1522901845,"path_taken":["M","?","$","?","M","R","?","R","T","?","E","M","R","E","R","BOSS","M","?","$","M","M","?","R","E","T","?","R","$","M","?","R","BOSS","M","M","?","?","$","R","$","R","T","?","M","R","M","?","R","BOSS"],"build_version":"2018-03-29v2","purchased_purges":4,"victory":true,"master_deck":["Bash+1","Feed+1","Headbutt","Dropkick","Disarm+1","Limit Break+1","Spot Weakness","Corruption+1","Seeing Red+1","Flex","Shrug It Off+1","Disarm","Burning Pact","J.A.X.+1","Disarm","Battle Trance","Limit Break+1","Bloodletting+1","Burning Pact+1","Limit Break+1","Rupture","Inflame+1","Seeing Red+1","Offering","Cleave","Pummel","Dark Shackles","Finesse","Deep Breath"],"max_hp_per_floor":[75,75,75,75,78,78,81,81,81,81,85,89,89,93,93,93,93,97,97,97,97,101,106,106,106,106,106,106,106,110,114,114,114,114,118,118,118,122,122,122,122,122,122,126,126,126,126,126,126,126],"relics":["Burning Blood","Regal Pillow","Smiling Mask","Lantern","Dead Branch","Runic Dome","Oddly Smooth Stone","Prayer Wheel","Astrolabe","Old Coin","Kunai","Bag of Preparation"],"card_choices":[{"not_picked":["Body Slam","Burning Pact"],"picked":"Dropkick","floor":5},{"not_picked":["Havoc","Shrug It Off"],"picked":"Disarm","floor":14},{"not_picked":["Demon Form","Feed"],"picked":"Limit Break","floor":16},{"not_picked":["Body Slam","Shrug It Off"],"picked":"Spot Weakness","floor":18},{"not_picked":["Wild Strike","Second Wind"],"picked":"Shrug It Off","floor":21},{"not_picked":["Whirlwind","Body Slam"],"picked":"Disarm","floor":22},{"not_picked":["Inflame","Twin Strike"],"picked":"Burning Pact","floor":25},{"not_picked":["Heavy Blade","Combust"],"picked":"Disarm","floor":30},{"not_picked":["True Grit","Rupture"],"picked":"Battle Trance","floor":31},{"not_picked":["Flame Barrier","Twin Strike"],"picked":"Seeing Red","floor":43},{"not_picked":["Body Slam","Havoc"],"picked":"Offering","floor":44},{"not_picked":["Twin Strike","Blood for Blood"],"picked":"Cleave","floor":45},{"not_picked":["Burning Pact","Sword Boomerang"],"picked":"Pummel","floor":47},{"not_picked":["Transmutation","Bandage Up"],"picked":"Dark Shackles","floor":48},{"not_picked":["Jack Of All Trades","Purity"],"picked":"Finesse","floor":48},{"not_picked":["Secret Weapon","Bandage Up"],"picked":"Deep Breath","floor":48}],"player_experience":608646,"potions_floor_usage":[14,50],"damage_taken":[{"damage":1,"enemies":"2 Louse","floor":1,"turns":4},{"damage":8,"enemies":"Small Slimes","floor":5,"turns":4},{"damage":13,"enemies":"Jaw Worm","floor":7,"turns":3},{"damage":31,"enemies":"Lagavulin","floor":11,"turns":4},{"damage":0,"enemies":"2 Fungi Beasts","floor":12,"turns":2},{"damage":14,"enemies":"Gremlin Nob","floor":14,"turns":3},{"damage":38,"enemies":"The Guardian","floor":16,"turns":12},{"damage":0,"enemies":"Chosen","floor":18,"turns":4},{"damage":6,"enemies":"3 Byrds","floor":21,"turns":2},{"damage":3,"enemies":"Slaver and Parasite","floor":22,"turns":2},{"damage":55,"enemies":"Slavers","floor":25,"turns":5},{"damage":24,"enemies":"Snake Plant","floor":30,"turns":4},{"damage":15,"enemies":"Centurion and Healer","floor":31,"turns":9},{"damage":24,"enemies":"Collector","floor":33,"turns":5},{"damage":3,"enemies":"3 Shapes","floor":35,"turns":2},{"damage":6,"enemies":"Orb Walker","floor":36,"turns":2},{"damage":6,"enemies":"Mysterious Sphere","floor":38,"turns":2},{"damage":21,"enemies":"Maw","floor":44,"turns":5},{"damage":3,"enemies":"3 Darklings","floor":45,"turns":3},{"damage":6,"enemies":"Sphere and 2 Shapes","floor":47,"turns":2},{"damage":9,"enemies":"Awakened One","floor":50,"turns":3}],"event_choices":[{"event_name":"Scrap Ooze","player_choice":"success","floor":2,"damage_taken":12},{"event_name":"World of Goop","player_choice":"Gather Gold","floor":4,"damage_taken":0},{"event_name":"Golden Wing","player_choice":"Card Removal","floor":10,"damage_taken":0},{"event_name":"The Library","player_choice":"Read","floor":19,"damage_taken":0},{"event_name":"Forgotten Altar","player_choice":"Shed Blood","floor":23,"damage_taken":0},{"event_name":"Drug Dealer","player_choice":"Got JAXXED","floor":27,"damage_taken":0},{"event_name":"Mysterious Sphere","player_choice":"Fight","floor":38,"damage_taken":0},{"event_name":"SensoryStone","player_choice":"Memory 3","floor":48,"damage_taken":0}],"boss_relics":[{"not_picked":["Calling Bell","Velvet Choker"],"picked":"Runic Dome"},{"not_picked":["Runic Pyramid","Black Star"],"picked":"Astrolabe"}],"potions_floor_spawned":[5,7,11,16,21,22,30,31,35],"seed_played":"2909728940691893640","ascension_level":0,"is_trial":false}