{"path_per_floor":["M","?","M","?","M","E","R","M","T","R","$","E","$","M","R","B",null,"M","$","M","?","?","E","M","R","T","M","R","E","R","M","R","B",null,"M","?","$","M","?","R","M","R","T","R","M","T","?","M","R","B"],"character_chosen":"IRONCLAD","items_purchased":["Limit Break"],"gold_per_floor":[109,109,128,128,143,168,168,181,207,207,62,97,22,32,32,136,136,136,36,36,36,36,36,36,36,36,36,36,36,36,36,36,36,36,36,0,0,0,0,0,0,0,0,0,0,0,0,0,0,0],"floor_reached":51,"campfire_rested":2,"playtime":1781,"current_hp_per_floor":[80,80,80,73,71,53,53,59,59,59,59,55,55,46,46,23,80,56,56,58,58,58,43,46,46,46,45,45,34,59,52,77,34,86,88,88,88,90,90,90,92,92,92,92,92,92,80,81,81,78],"items_purged":["Strike_R","Strike_R"],"gold":0,"score":720,"play_id":"5e66c48a-ca43-437f-94fc-19603f9f6ace","local_time":"20180329212507","is_prod":false,"is_daily":false,"is_ascension_mode":false,"campfire_upgraded":9,"timestamp":1522380307,"path_taken":["M","?","M","?","M","E","R","M","T","R","$","E","$","M","R","BOSS","M","$","M","?","?","E","M","R","T","?","R","E","R","M","R","BOSS","M","?","$","?","?","R","M","R","T","R","M","?","?","?","R","BOSS"],"build_version":"2018-03-29","purchased_purges":2,"victory":true,"master_deck":["Strike_R","Defend_R","Defend_R","Bash+1","Spot Weakness+1","Pommel Strike+1","Rampage+1","Limit Break+1","Shrug It Off+1","Searing Blow+2","Headbutt","Offering+1","Battle Trance+1","Madness","Madness+1"],"max_hp_per_floor":[80,80,80,80,80,80,80,80,80,80,80,80,80,80,80,80,80,80,80,80,80,80,80,80,80,80,82,82,84,84,86,86,86,86,88,88,88,90,90,90,92,92,92,92,92,92,92,94,94,94],"relics":["Burning Blood","Orichalcum","Oddly Smooth Stone","Anchor","Ectoplasm","Bag of Preparation","Singing Bowl","Ancient Tea Set","White Beast Statue","Red Mask","Omamori","Regal Pillow"],"card_choices":[{"not_picked":["Wild Strike","Infernal Blade"],"picked":"Spot Weakness","floor":1},{"not_picked":["Clash","Seeing Red"],"picked":"Rampage","floor":3},{"not_picked":["Flex","Second Wind"],"picked":"Shrug It Off","floor":20},{"not_picked":["Pommel Strike","Blood for Blood"],"picked":"Thunderclap","floor":23},{"not_picked":["Shrug It Off","Seeing Red"],"picked":"Headbutt","floor":24},{"not_picked":["Brutality","Demon Form"],"picked":"Offering","floor":33},{"not_picked":["Ghostly Armor","Combust"],"picked":"Battle Trance","floor":45}],"player_experience":589274,"potions_floor_usage":[6,12,38,41,45,50,50,50],"damage_taken":[{"damage":5,"enemies":"Small Slimes","floor":1,"turns":3},{"damage":6,"enemies":"Cultist","floor":3,"turns":3},{"damage":8,"enemies":"Jaw Worm","floor":5,"turns":4},{"damage":24,"enemies":"Lagavulin","floor":6,"turns":6},{"damage":0,"enemies":"3 Louse","floor":8,"turns":2},{"damage":10,"enemies":"3 Sentries","floor":12,"turns":7},{"damage":15,"enemies":"Large Slime","floor":14,"turns":4},{"damage":29,"enemies":"Slime Boss","floor":16,"turns":6},{"damage":30,"enemies":"3 Byrds","floor":18,"turns":5},{"damage":4,"enemies":"Shell Parasite","floor":20,"turns":3},{"damage":21,"enemies":"Book of Stabbing","floor":23,"turns":4},{"damage":3,"enemies":"Centurion and Healer","floor":24,"turns":6},{"damage":9,"enemies":"Snecko","floor":27,"turns":5},{"damage":19,"enemies":"Slavers","floor":29,"turns":3},{"damage":15,"enemies":"Snake Plant","floor":31,"turns":3},{"damage":49,"enemies":"Collector","floor":33,"turns":7},{"damage":4,"enemies":"Orb Walker","floor":35,"turns":2},{"damage":4,"enemies":"3 Darklings","floor":38,"turns":3},{"damage":4,"enemies":"Sphere and 2 Shapes","floor":41,"turns":3},{"damage":4,"enemies":"4 Shapes","floor":45,"turns":3},{"damage":7,"enemies":"3 Darklings","floor":48,"turns":4},{"damage":9,"enemies":"Awakened One","floor":50,"turns":4}],"event_choices":[{"event_name":"Transmorgrifier","player_choice":"Transform","floor":2,"damage_taken":0},{"event_name":"Golden Wing","player_choice":"Card Removal","floor":4,"damage_taken":0},{"event_name":"Vampires","player_choice":"Ignored","floor":21,"damage_taken":0},{"event_name":"Transmorgrifier","player_choice":"Transform","floor":22,"damage_taken":0},{"event_name":"Tomb of Lord Red Mask","player_choice":"Paid","floor":36,"damage_taken":0},{"event_name":"Winding Halls","player_choice":"Embrace Madness","floor":47,"damage_taken":0}],"boss_relics":[{"not_picked":["Mark of Pain","Black Blood"],"picked":"Ectoplasm"},{"not_picked":["Orrery","Runic Dome"],"picked":"White Beast Statue"}],"potions_floor_spawned":[1,3,5,18,23,29,35,38,41,45,48],"seed_played":"1416803944974975274","ascension_level":0,"is_trial":false}