{"path_per_floor":["M","$","M","$","M","R","E","R","T","M","E","R","E","?","R","B",null,"M","$","?","?","M","R","E","?","T","$","R","M","M","$","R","B",null,"M","?","$","M","?","R","E","R","T","?","M","E","?","M","R"],"character_chosen":"IRONCLAD","items_purchased":["Flex","Metallicize","Battle Trance","Omamori","Shockwave","Heavy Blade","Flash of Steel","True Grit"],"gold_per_floor":[146,93,112,44,62,62,88,88,88,108,134,134,161,217,217,291,291,302,38,38,38,57,57,89,89,136,109,109,120,139,40,40,111,111,128,128,80,96,96,96,160,160,183,183,198,228,280,294,294,294],"floor_reached":50,"campfire_rested":5,"playtime":1614,"current_hp_per_floor":[72,72,71,71,59,59,35,59,59,56,52,52,40,22,46,27,67,58,58,58,80,71,71,49,49,49,49,49,47,36,36,75,68,77,69,69,69,62,86,86,36,76,82,82,68,62,46,35,77,0],"items_purged":[],"gold":294,"score":975,"play_id":"37537089-5f86-47e5-ade1-a357bea7acc1","local_time":"20180402184944","is_prod":false,"is_daily":false,"is_ascension_mode":true,"campfire_upgraded":5,"timestamp":1522712984,"path_taken":["M","$","?","$","M","R","E","R","T","M","E","R","E","?","R","BOSS","M","$","?","?","M","R","E","?","T","?","R","M","M","?","R","BOSS","M","?","$","M","?","R","E","R","T","?","M","E","?","?","R","BOSS"],"build_version":"2018-03-29v2","purchased_purges":0,"victory":false,"master_deck":["Strike_R","Strike_R","Strike_R","Strike_R","Defend_R+1","Defend_R","Defend_R+1","Defend_R+1","Bash","AscendersBane","Carnage","Sword Boomerang","Flex","Spot Weakness","Metallicize","Limit Break+1","Whirlwind+1","Flex","Whirlwind","Demon Form+1","Double Tap","Battle Trance","Shockwave","Uppercut+1","Berserk","Heavy Blade+1","Flash of Steel","Brutality","Flame Barrier","Iron Wave+1","True Grit","True Grit+1","Writhe","Parasite","Shrug It Off","Havoc+1"],"max_hp_per_floor":[80,80,80,80,80,80,80,80,80,80,80,80,80,80,80,80,80,80,80,80,80,80,80,80,80,80,80,80,80,80,80,80,80,80,80,80,80,80,86,86,86,86,92,92,92,92,92,92,92,92],"relics":["Tiny House","War Paint","Thread and Needle","Ice Cream","Bronze Scales","Mummified Hand","Cursed Key","Omamori","Darkstone Periapt","Torii","Regal Pillow","Orrery","Tiny Chest","Prayer Wheel","Bag of Preparation","Girya"],"card_choices":[{"not_picked":["Bloodletting","True Grit"],"picked":"Carnage","floor":0},{"not_picked":["Anger","Heavy Blade"],"picked":"Sword Boomerang","floor":1},{"not_picked":["Disarm","Infernal Blade"],"picked":"Spot Weakness","floor":3},{"not_picked":["Dual Wield","Dropkick"],"picked":"Limit Break","floor":5},{"not_picked":["Rupture","Flex"],"picked":"Whirlwind","floor":7},{"not_picked":["Rupture","Clash"],"picked":"Flex","floor":10},{"not_picked":["Heavy Blade","Anger"],"picked":"Whirlwind","floor":11},{"not_picked":["Anger","Rupture"],"picked":"Demon Form","floor":13},{"not_picked":["Barricade","Bludgeon"],"picked":"Double Tap","floor":16},{"not_picked":["Intimidate","Twin Strike"],"picked":"Uppercut","floor":22},{"not_picked":["True Grit","Inflame"],"picked":"Berserk","floor":24},{"not_picked":["Dark Embrace","Barricade"],"picked":"Brutality","floor":33},{"not_picked":["Thunderclap","Searing Blow"],"picked":"Flame Barrier","floor":34},{"not_picked":["Clothesline","Wild Strike"],"picked":"Iron Wave","floor":34},{"not_picked":["Intimidate","Armaments"],"picked":"True Grit","floor":38},{"not_picked":["Havoc","Fire Breathing"],"picked":"Shrug It Off","floor":47},{"not_picked":["Thunderclap","Dropkick"],"picked":"Havoc","floor":48}],"player_experience":411287,"potions_floor_usage":[13,13,14,16,18,41,46,46,47,50,50,50],"damage_taken":[{"damage":1,"enemies":"Cultist","floor":1,"turns":3},{"damage":1,"enemies":"2 Louse","floor":3,"turns":3},{"damage":12,"enemies":"Small Slimes","floor":5,"turns":2},{"damage":24,"enemies":"Gremlin Nob","floor":7,"turns":4},{"damage":3,"enemies":"3 Louse","floor":10,"turns":4},{"damage":4,"enemies":"3 Sentries","floor":11,"turns":7},{"damage":12,"enemies":"Lagavulin","floor":13,"turns":5},{"damage":18,"enemies":"Lagavulin Event","floor":14,"turns":5},{"damage":19,"enemies":"Hexaghost","floor":16,"turns":6},{"damage":9,"enemies":"2 Thieves","floor":18,"turns":3},{"damage":9,"enemies":"Shell Parasite","floor":22,"turns":3},{"damage":22,"enemies":"Book of Stabbing","floor":24,"turns":5},{"damage":2,"enemies":"3 Cultists","floor":29,"turns":5},{"damage":11,"enemies":"Centurion and Healer","floor":30,"turns":3},{"damage":7,"enemies":"Champ","floor":33,"turns":8},{"damage":8,"enemies":"Orb Walker","floor":35,"turns":4},{"damage":7,"enemies":"3 Shapes","floor":38,"turns":5},{"damage":50,"enemies":"2 Orb Walkers","floor":41,"turns":6},{"damage":14,"enemies":"Maw","floor":45,"turns":5},{"damage":18,"enemies":"Nemesis","floor":46,"turns":5},{"damage":25,"enemies":"Mysterious Sphere","floor":47,"turns":4},{"damage":11,"enemies":"3 Darklings","floor":48,"turns":4},{"damage":82,"enemies":"Awakened One","floor":50,"turns":6}],"event_choices":[{"event_name":"Dead Adventurer","player_choice":"Searched \u00272\u0027 times","floor":14,"damage_taken":0},{"event_name":"Forgotten Altar","player_choice":"Smashed Altar","floor":20,"damage_taken":0},{"event_name":"The Library","player_choice":"Heal","floor":21,"damage_taken":0},{"event_name":"The Mausoleum","player_choice":"Yes","floor":25,"damage_taken":0},{"event_name":"Tomb of Lord Red Mask","player_choice":"Ignored","floor":36,"damage_taken":0},{"event_name":"Winding Halls","player_choice":"Writhe","floor":39,"damage_taken":0},{"event_name":"Bonfire Elementals","player_choice":"BASIC","floor":44,"damage_taken":0},{"event_name":"Mysterious Sphere","player_choice":"Fight","floor":47,"damage_taken":0}],"boss_relics":[{"not_picked":["Lizard Tail","Philosopher\u0027s Stone"],"picked":"Cursed Key"},{"not_picked":["Pandora\u0027s Box","Calling Bell"],"picked":"Orrery"}],"potions_floor_spawned":[1,10,14,16,29,30,33,41,46,47,48],"seed_played":"-9182772393082869515","killed_by":"Awakened One","ascension_level":14,"is_trial":false}