{"path_per_floor":["M","?","$","M","M","R","E","R","T","?","E","M","M","E","R","B",null,"M","M","?","?","M","R","M","?","T","R","M","M","?","$","R"],"character_chosen":"IRONCLAD","items_purchased":["Purity","Offering"],"gold_per_floor":[148,148,52,66,76,76,103,103,103,103,136,147,158,185,185,264,264,283,293,293,293,308,308,325,325,397,397,416,430,345,156,156,156],"floor_reached":33,"campfire_rested":3,"playtime":1300,"current_hp_per_floor":[71,71,71,75,75,75,29,51,51,51,30,9,8,19,41,19,61,53,45,29,29,18,40,48,48,48,48,50,52,52,52,52,0],"items_purged":["Strike_R"],"gold":156,"score":454,"play_id":"80339fb1-9366-4c1c-9bc1-13d3ae6ad170","local_time":"20180405235132","is_prod":false,"is_daily":false,"is_ascension_mode":true,"campfire_upgraded":3,"timestamp":1522965092,"path_taken":["M","?","?","M","?","R","E","R","T","?","E","M","M","E","R","BOSS","M","?","?","?","M","R","M","?","T","R","M","M","?","$","R","BOSS"],"build_version":"2018-03-29v2","purchased_purges":1,"victory":false,"master_deck":["Defend_R","Defend_R","Defend_R","Bash","AscendersBane","Pommel Strike+1","Purity","Cleave","Shockwave","Disarm","Limit Break","Offering+1","Havoc+1","Feel No Pain+1","Barricade+1","Corruption+1","Normality","Thunderclap+1","Body Slam+1","Offering"],"max_hp_per_floor":[75,75,75,75,75,75,75,75,75,75,75,75,75,75,75,75,75,75,75,75,75,75,75,75,75,75,75,75,75,75,75,75,75],"relics":["Burning Blood","Tiny Chest","Charon\u0027s Ashes","Bottled Flame","Molten Egg 2","Mercury Hourglass","Astrolabe","Nilry\u0027s Codex","Orichalcum","Smiling Mask","Art of War"],"card_choices":[{"not_picked":["Wild Strike","Shockwave"],"picked":"Pommel Strike","floor":1},{"not_picked":["Burning Pact","Sword Boomerang"],"picked":"Cleave","floor":5},{"not_picked":["Immolate","Whirlwind"],"picked":"Shockwave","floor":7},{"not_picked":["Burning Pact","Seeing Red"],"picked":"Disarm","floor":12},{"not_picked":["Power Through","Anger"],"picked":"Limit Break","floor":14},{"not_picked":["Juggernaut","Berserk"],"picked":"Offering","floor":16},{"not_picked":["Hemokinesis","Fire Breathing"],"picked":"Corruption","floor":18},{"not_picked":["True Grit","Warcry"],"picked":"Body Slam","floor":28}],"player_experience":338169,"potions_floor_usage":[14,14,16,16,22,24,33,33],"damage_taken":[{"damage":3,"enemies":"2 Louse","floor":1,"turns":2},{"damage":0,"enemies":"Small Slimes","floor":4,"turns":3},{"damage":6,"enemies":"Cultist","floor":5,"turns":3},{"damage":52,"enemies":"3 Sentries","floor":7,"turns":10},{"damage":27,"enemies":"Gremlin Nob","floor":11,"turns":4},{"damage":27,"enemies":"Exordium Thugs","floor":12,"turns":5},{"damage":7,"enemies":"Blue Slaver","floor":13,"turns":4},{"damage":7,"enemies":"3 Sentries","floor":14,"turns":4},{"damage":28,"enemies":"Slime Boss","floor":16,"turns":9},{"damage":14,"enemies":"Spheric Guardian","floor":18,"turns":4},{"damage":14,"enemies":"Shell Parasite","floor":19,"turns":4},{"damage":17,"enemies":"Snake Plant","floor":22,"turns":5},{"damage":10,"enemies":"Centurion and Healer","floor":24,"turns":7},{"damage":4,"enemies":"Cultist and Chosen","floor":28,"turns":6},{"damage":4,"enemies":"Snecko","floor":29,"turns":4},{"damage":67,"enemies":"Champ","floor":33,"turns":8}],"event_choices":[{"event_name":"Liars Game","player_choice":"disagreed","floor":2,"damage_taken":0},{"event_name":"Purifier","player_choice":"One Purge","floor":10,"damage_taken":0},{"event_name":"Cursed Tome","player_choice":"Obtained Book","floor":20,"damage_taken":0},{"event_name":"Accursed Blacksmith","player_choice":"Rummage","floor":21,"damage_taken":0},{"event_name":"Transmorgrifier","player_choice":"Transform","floor":25,"damage_taken":0},{"event_name":"Addict","player_choice":"Obtained Relic","floor":30,"damage_taken":0}],"boss_relics":[{"not_picked":["Lizard Tail","Sozu"],"picked":"Astrolabe"}],"potions_floor_spawned":[4,11,12,14,19,22,28,29],"seed_played":"-1141995556669686532","killed_by":"Champ","ascension_level":14,"is_trial":false}