{"path_per_floor":["M","?","$","?","M","R","M","M","T","M","R","$","M","$","R","B",null,"M","M"],"character_chosen":"IRONCLAD","items_purchased":["Rampage"],"gold_per_floor":[110,110,35,35,54,54,75,90,169,185,185,85,106,35,35,161,161,152,175,175],"floor_reached":20,"campfire_rested":1,"playtime":550,"current_hp_per_floor":[59,59,59,39,36,36,39,33,33,23,47,47,29,29,29,24,80,46,7,0],"items_purged":["Regret","Normality"],"gold":175,"score":166,"play_id":"cffab01a-e85e-40b2-b866-b1dc259f950c","local_time":"20180329231228","is_prod":false,"is_daily":false,"is_ascension_mode":false,"campfire_upgraded":2,"timestamp":1522386748,"path_taken":["M","?","$","?","M","R","M","M","T","M","R","$","?","?","R","BOSS","M","M","M"],"build_version":"2018-03-29","purchased_purges":2,"victory":false,"master_deck":["Strike_R","Strike_R","Strike_R","Strike_R","Strike_R","Defend_R","Defend_R","Bash","Evolve","Pommel Strike+1","Entrench","Entrench","Shrug It Off","Rampage+1","Double Tap","Thunderclap"],"max_hp_per_floor":[80,80,80,80,80,80,80,80,80,80,80,80,80,80,80,80,80,80,80,80],"relics":["Burning Blood","Oddly Smooth Stone","Golden Idol","Bottled Tornado","Black Star"],"card_choices":[{"not_picked":["Bloodletting","Sever Soul"],"picked":"Entrench","floor":7},{"not_picked":["Heavy Blade","Second Wind"],"picked":"Entrench","floor":8},{"not_picked":["Warcry","Burning Pact"],"picked":"Shrug It Off","floor":13},{"not_picked":["Impervious","Immolate"],"picked":"Double Tap","floor":16},{"not_picked":["Flex","Armaments"],"picked":"Thunderclap","floor":18}],"player_experience":591055,"potions_floor_usage":[13,16,16],"damage_taken":[{"damage":27,"enemies":"Jaw Worm","floor":1,"turns":5},{"damage":9,"enemies":"Cultist","floor":5,"turns":4},{"damage":3,"enemies":"2 Louse","floor":7,"turns":3},{"damage":12,"enemies":"Blue Slaver","floor":8,"turns":2},{"damage":16,"enemies":"3 Louse","floor":10,"turns":4},{"damage":24,"enemies":"Gremlin Gang","floor":13,"turns":5},{"damage":11,"enemies":"Slime Boss","floor":16,"turns":8},{"damage":40,"enemies":"2 Thieves","floor":18,"turns":4},{"damage":45,"enemies":"Shell Parasite","floor":19,"turns":7},{"damage":33,"enemies":"Chosen and Byrds","floor":20,"turns":3}],"event_choices":[{"event_name":"Accursed Blacksmith","player_choice":"Rummage","floor":2,"damage_taken":0},{"event_name":"Golden Idol","player_choice":"Take Damage","floor":4,"damage_taken":0}],"boss_relics":[{"not_picked":["Eternal Feather","Calling Bell"],"picked":"Black Star"}],"potions_floor_spawned":[7,8,10,19],"seed_played":"1243945976483453891","killed_by":"Chosen and Byrds","ascension_level":0,"is_trial":false}