{"path_per_floor":["M","?","M","$","$","R","?","E","T","R","M","E","R","M","R","B",null,"M","?","?","$","?","R","E","R","T","E","M","M","M","M","R"],"character_chosen":"IRONCLAD","items_purchased":["Dual Wield","Madness","Feel No Pain"],"gold_per_floor":[112,112,124,44,44,44,44,69,69,69,80,110,110,120,120,199,199,210,210,210,18,18,18,53,53,53,80,91,109,129,147,147,147],"floor_reached":33,"campfire_rested":2,"playtime":1296,"current_hp_per_floor":[71,59,63,63,63,63,63,43,43,43,49,34,58,60,60,13,63,45,45,51,51,41,68,47,47,47,23,41,56,55,61,61,0],"items_purged":["Normality"],"gold":147,"score":583,"play_id":"e91a1d28-17e1-4546-95bc-25f562a71a51","local_time":"20180401204843","is_prod":false,"is_daily":false,"is_ascension_mode":true,"campfire_upgraded":5,"timestamp":1522608523,"path_taken":["M","?","?","?","$","R","?","E","T","R","M","E","R","M","R","BOSS","M","?","?","$","?","R","E","R","T","E","M","?","M","M","R","BOSS"],"build_version":"2018-03-29v2","purchased_purges":1,"victory":false,"master_deck":["Strike_R","Strike_R","Strike_R","Strike_R","Defend_R","Defend_R","Defend_R","Defend_R","Bash","AscendersBane","Thunderclap","Seeing Red","Cleave+1","Dual Wield+1","Metallicize","Uppercut+1","Offering+1","Seeing Red","Fiend Fire+1","Regret","Clumsy","Blood for Blood+1","Writhe","Madness","Feel No Pain","Necronomicurse","Disarm","Sentinel","Disarm"],"max_hp_per_floor":[80,80,80,80,80,80,80,80,80,80,80,80,80,80,80,80,80,80,80,86,86,92,92,92,92,92,92,92,92,92,92,92,92],"relics":["Burning Blood","Shuriken","Ice Cream","Calipers","Orichalcum","Calling Bell","Darkstone Periapt","Smiling Mask","Gremlin Horn","Centennial Puzzle","Necronomicon","Meat on the Bone","Ginger","Matryoshka"],"card_choices":[{"not_picked":["Corruption","Infernal Blade"],"picked":"Seeing Red","floor":1},{"not_picked":["Perfected Strike","Wild Strike"],"picked":"Cleave","floor":3},{"not_picked":["Havoc","Impervious"],"picked":"Metallicize","floor":8},{"not_picked":["Sword Boomerang","Bloodletting"],"picked":"Uppercut","floor":11},{"not_picked":["Armaments","Heavy Blade"],"picked":"Offering","floor":12},{"not_picked":["Pommel Strike","Cleave"],"picked":"Seeing Red","floor":14},{"not_picked":["Juggernaut","Immolate"],"picked":"Fiend Fire","floor":16},{"not_picked":["Bloodletting","Spot Weakness"],"picked":"Blood for Blood","floor":18},{"not_picked":["Clash","Pommel Strike"],"picked":"Disarm","floor":24},{"not_picked":["Flex","Burning Pact"],"picked":"Sentinel","floor":27},{"not_picked":["Shockwave","Iron Wave"],"picked":"Disarm","floor":31}],"player_experience":316328,"potions_floor_usage":[18,18,27,29,33],"damage_taken":[{"damage":7,"enemies":"Jaw Worm","floor":1,"turns":3},{"damage":2,"enemies":"Small Slimes","floor":3,"turns":5},{"damage":26,"enemies":"3 Sentries","floor":8,"turns":6},{"damage":0,"enemies":"Cultist","floor":11,"turns":2},{"damage":21,"enemies":"Gremlin Nob","floor":12,"turns":5},{"damage":4,"enemies":"Red Slaver","floor":14,"turns":3},{"damage":53,"enemies":"The Guardian","floor":16,"turns":12},{"damage":24,"enemies":"Shell Parasite","floor":18,"turns":5},{"damage":27,"enemies":"Book of Stabbing","floor":24,"turns":4},{"damage":42,"enemies":"Gremlin Leader","floor":27,"turns":5},{"damage":0,"enemies":"Chosen","floor":28,"turns":3},{"damage":3,"enemies":"3 Cultists","floor":29,"turns":3},{"damage":7,"enemies":"Centurion and Healer","floor":30,"turns":5},{"damage":12,"enemies":"Snecko","floor":31,"turns":3},{"damage":80,"enemies":"Champ","floor":33,"turns":10}],"event_choices":[{"event_name":"Scrap Ooze","player_choice":"success","floor":2,"damage_taken":12},{"event_name":"Liars Game","player_choice":"disagreed","floor":7,"damage_taken":0},{"event_name":"Vampires","player_choice":"Ignored","floor":19,"damage_taken":0},{"event_name":"The Mausoleum","player_choice":"Yes","floor":20,"damage_taken":0},{"event_name":"Cursed Tome","player_choice":"Obtained Book","floor":22,"damage_taken":0}],"boss_relics":[{"not_picked":["Astrolabe","Black Star"],"picked":"Calling Bell"}],"potions_floor_spawned":[1,3,16,28,31],"seed_played":"128900855728258749","killed_by":"Champ","ascension_level":13,"is_trial":false}