{"path_per_floor":["M","?","?","?","M","R","E","R","T","M","M","E","M","$","R"],"character_chosen":"IRONCLAD","items_purchased":["Mummified Hand","Seeing Red"],"gold_per_floor":[213,213,288,288,300,300,326,326,350,366,381,411,425,30,30,30],"floor_reached":16,"campfire_rested":2,"playtime":558,"current_hp_per_floor":[67,67,56,49,50,50,12,36,36,25,41,15,21,21,45,0],"items_purged":["Regret"],"gold":30,"score":182,"play_id":"8d674f6d-5870-4b2b-8c7f-232bb7df9535","local_time":"20180404223943","is_prod":false,"is_daily":false,"is_ascension_mode":true,"campfire_upgraded":1,"timestamp":1522874383,"path_taken":["M","?","?","?","?","R","E","R","T","M","M","E","M","?","R","BOSS"],"build_version":"2018-03-29v2","purchased_purges":1,"victory":false,"master_deck":["Strike_R","Strike_R","Strike_R","Strike_R","Defend_R","Defend_R","Defend_R","Defend_R","Bash","AscendersBane","Corruption","True Grit+1","Shrug It Off","Feel No Pain","Whirlwind","Shrug It Off","Seeing Red"],"max_hp_per_floor":[80,80,80,80,80,80,80,80,80,80,80,80,80,80,80,80],"relics":["Burning Blood","Lantern","Omamori","Bag of Preparation","Happy Flower","Mummified Hand"],"card_choices":[{"not_picked":["Second Wind","Wild Strike"],"picked":"Corruption","floor":1},{"not_picked":["Headbutt","Evolve"],"picked":"True Grit","floor":5},{"not_picked":["Burning Pact","Warcry"],"picked":"Shrug It Off","floor":7},{"not_picked":["Pommel Strike","Flex"],"picked":"Feel No Pain","floor":10},{"not_picked":["Immolate","Shrug It Off"],"picked":"Whirlwind","floor":11},{"not_picked":["Perfected Strike","Body Slam"],"picked":"Shrug It Off","floor":12}],"player_experience":323038,"potions_floor_usage":[7,11],"damage_taken":[{"damage":11,"enemies":"Small Slimes","floor":1,"turns":4},{"damage":5,"enemies":"2 Louse","floor":5,"turns":4},{"damage":56,"enemies":"Gremlin Nob","floor":7,"turns":6},{"damage":17,"enemies":"Jaw Worm","floor":10,"turns":5},{"damage":2,"enemies":"2 Fungi Beasts","floor":11,"turns":6},{"damage":32,"enemies":"3 Sentries","floor":12,"turns":11},{"damage":0,"enemies":"Lots of Slimes","floor":13,"turns":1},{"damage":52,"enemies":"Slime Boss","floor":16,"turns":12}],"event_choices":[{"event_name":"Big Fish","player_choice":"Box","floor":2,"damage_taken":0},{"event_name":"World of Goop","player_choice":"Gather Gold","floor":3,"damage_taken":0},{"event_name":"Golden Wing","player_choice":"Card Removal","floor":4,"damage_taken":0}],"boss_relics":[],"potions_floor_spawned":[1,7,10],"seed_played":"8178417156108420703","killed_by":"Slime Boss","ascension_level":13,"is_trial":false}