{"path_per_floor":["M","?","?","$","M","R","M","R","T","E","R","M","M","?","R","B",null,"M","?","?","M","M","M","$","R","T","M","?","R","E","M","R","B",null,"M","$","M","?","$","R","T","R","T","R","$","M","M","M","R","B"],"character_chosen":"IRONCLAD","items_purchased":["Flex","Enlightenment","Lantern","Happy Flower","Thunderclap"],"gold_per_floor":[18,18,18,18,32,32,42,42,42,69,69,80,90,165,165,265,265,277,277,277,290,303,314,214,214,214,230,430,430,458,477,477,582,582,596,18,31,31,31,31,57,57,84,84,35,47,60,74,74,74],"floor_reached":51,"campfire_rested":0,"playtime":1665,"current_hp_per_floor":[79,79,79,79,80,80,80,80,80,68,68,63,69,58,58,33,80,80,64,64,73,20,45,45,45,45,61,61,61,65,74,74,52,80,80,80,80,80,80,80,80,80,80,80,80,80,80,80,80,42],"items_purged":["Injury","Strike_R"],"gold":74,"score":692,"play_id":"672586c1-c811-4ded-a1f5-55d3599b9775","local_time":"20180331221641","is_prod":false,"is_daily":false,"is_ascension_mode":false,"campfire_upgraded":11,"timestamp":1522556201,"path_taken":["M","?","?","$","M","R","M","R","T","E","R","M","M","?","R","BOSS","M","?","?","M","M","M","$","R","T","M","?","R","E","M","R","BOSS","M","?","M","?","$","R","?","R","T","R","?","M","M","M","R","BOSS"],"build_version":"2018-03-29v2","purchased_purges":3,"victory":true,"master_deck":["Strike_R","Strike_R","Strike_R","Defend_R","Defend_R","Bash+1","Cleave+1","Shockwave","Shrug It Off+1","Dropkick","Twin Strike+1","Reaper+1","Dropkick+1","Battle Trance+1","Dual Wield+1","Spot Weakness+1","Flex+1","Seeing Red+1","Berserk+1","Pommel Strike+1","Enlightenment+1","Heavy Blade+1","Thunderclap","Dual Wield+1"],"max_hp_per_floor":[80,80,80,80,80,80,80,80,80,80,80,80,80,80,80,80,80,80,80,80,80,80,80,80,80,80,80,80,80,80,80,80,80,80,80,80,80,80,80,80,80,80,80,80,80,80,80,80,80,80],"relics":["Burning Blood","Bird Faced Urn","Vajra","Philosopher\u0027s Stone","Enchiridion","Red Skull","Anchor","Snecko Eye","Lantern","Happy Flower","Bag of Marbles","Juzu Bracelet"],"card_choices":[{"not_picked":["Armaments","Perfected Strike"],"picked":"Cleave","floor":1.0},{"not_picked":["Pummel","Clothesline"],"picked":"Shrug It Off","floor":5.0},{"not_picked":["Shrug It Off","Twin Strike"],"picked":"Dropkick","floor":7.0},{"not_picked":["Rupture","Searing Blow"],"picked":"Twin Strike","floor":12.0},{"not_picked":["Juggernaut","Dark Embrace"],"picked":"Reaper","floor":16.0},{"not_picked":["Heavy Blade","Iron Wave"],"picked":"Dropkick","floor":18.0},{"not_picked":["Iron Wave","Sword Boomerang"],"picked":"Battle Trance","floor":21.0},{"not_picked":["Uppercut","Twin Strike"],"picked":"Dual Wield","floor":22.0},{"not_picked":["True Grit","Rupture"],"picked":"Spot Weakness","floor":23.0},{"not_picked":["True Grit","Carnage"],"picked":"Seeing Red","floor":27.0},{"not_picked":["Barricade","Fiend Fire"],"picked":"Berserk","floor":33},{"not_picked":["Warcry","Perfected Strike"],"picked":"Pommel Strike","floor":35},{"not_picked":["Warcry","Anger"],"picked":"Heavy Blade","floor":37},{"not_picked":["Thunderclap","Whirlwind"],"picked":"Dual Wield","floor":48}],"player_experience":606981,"potions_floor_usage":[33],"damage_taken":[{"damage":7.0,"enemies":"Small Slimes","floor":1.0,"turns":3.0},{"damage":3.0,"enemies":"Jaw Worm","floor":5.0,"turns":3.0},{"damage":0.0,"enemies":"Cultist","floor":7.0,"turns":2.0},{"damage":18.0,"enemies":"Lagavulin","floor":10.0,"turns":6.0},{"damage":11.0,"enemies":"Large Slime","floor":12.0,"turns":4.0},{"damage":0.0,"enemies":"3 Louse","floor":13.0,"turns":1.0},{"damage":31.0,"enemies":"Hexaghost","floor":16.0,"turns":6.0},{"damage":0.0,"enemies":"Chosen","floor":18.0,"turns":3.0},{"damage":11.0,"enemies":"3 Byrds","floor":21.0,"turns":4.0},{"damage":66.0,"enemies":"Sentry and Sphere","floor":22.0,"turns":6.0},{"damage":13.0,"enemies":"Centurion and Healer","floor":23.0,"turns":5.0},{"damage":14.0,"enemies":"3 Cultists","floor":27.0,"turns":3.0},{"damage":22,"enemies":"Slavers","floor":30,"turns":3},{"damage":12,"enemies":"Cultist and Chosen","floor":31,"turns":3},{"damage":49,"enemies":"Collector","floor":33,"turns":6},{"damage":2,"enemies":"Orb Walker","floor":35,"turns":2},{"damage":0,"enemies":"3 Shapes","floor":37,"turns":2},{"damage":0,"enemies":"3 Darklings","floor":46,"turns":1},{"damage":6,"enemies":"Maw","floor":47,"turns":5},{"damage":0,"enemies":"4 Shapes","floor":48,"turns":2},{"damage":108,"enemies":"Awakened One","floor":50,"turns":8}],"event_choices":[{"event_name":"The Cleric","player_choice":"Leave","floor":2.0,"damage_taken":0.0},{"event_name":"Living Wall","player_choice":"Change","floor":3.0,"damage_taken":0.0},{"event_name":"World of Goop","player_choice":"Gather Gold","floor":14.0,"damage_taken":0.0},{"event_name":"Cursed Tome","player_choice":"Obtained Book","floor":19.0,"damage_taken":0.0},{"event_name":"Accursed Blacksmith","player_choice":"Forge","floor":20.0,"damage_taken":0.0},{"event_name":"The Joust","player_choice":"Bet on Owner","floor":28.0,"damage_taken":0.0},{"event_name":"Upgrade Shrine","player_choice":"Upgraded","floor":38,"damage_taken":0}],"boss_relics":[{"not_picked":["Black Star","Velvet Choker"],"picked":"Snecko Eye"}],"potions_floor_spawned":[5,7,13,22,23,27,35,48],"seed_played":"1365109260834073720","ascension_level":0,"is_trial":false}