{"path_per_floor":["M","?","M","T","M","R","M","R","T","M","R","M","?","E","R","B",null,"M","?","$","$","M","R","?"],"character_chosen":"IRONCLAD","items_purchased":["Frozen Egg 2","Dropkick"],"gold_per_floor":[114,84,100,100,120,120,130,130,130,144,144,160,160,186,186,282,282,299,299,55,20,40,40,40,40],"floor_reached":25,"campfire_rested":1,"playtime":815,"current_hp_per_floor":[71,71,76,86,90,90,73,73,73,67,67,64,57,40,67,15,71,48,45,45,45,35,35,35,0],"items_purged":[],"gold":40,"score":347,"play_id":"1ffffda9-cd51-4892-909b-2990dad4aaa2","local_time":"20180414123308","is_prod":false,"is_daily":false,"chose_seed":false,"is_ascension_mode":true,"campfire_upgraded":4,"timestamp":1523723588,"path_taken":["M","?","?","?","M","R","M","R","T","M","R","M","?","E","R","BOSS","M","?","?","$","M","R","?","E"],"build_version":"2018-04-12","seed_source_timestamp":310189237764984,"purchased_purges":0,"victory":false,"master_deck":["Strike_R","Strike_R","Strike_R","Strike_R","Strike_R","Defend_R","Defend_R","Defend_R","Bash+1","AscendersBane","Clumsy","Evolve","Headbutt","Whirlwind+1","Dropkick","Flex+1","Immolate","Double Tap+1","Burning Pact+1","Ghostly","Ghostly","Ghostly","Ghostly","Ghostly","Dropkick","Thunderclap"],"max_hp_per_floor":[80,80,80,90,90,90,90,90,90,90,90,90,90,90,90,90,90,90,45,45,45,45,45,45,45],"relics":["Black Blood","Calipers","Pear","Kunai","Lantern","Dodecahedron","Frozen Egg 2"],"card_choices":[{"not_picked":["Perfected Strike","Clothesline"],"picked":"Evolve","floor":1},{"not_picked":["Perfected Strike","Rage"],"picked":"Headbutt","floor":3},{"not_picked":["Flex","Second Wind"],"picked":"Whirlwind","floor":5},{"not_picked":["Armaments","Second Wind"],"picked":"Dropkick","floor":7},{"not_picked":["Warcry","Whirlwind"],"picked":"Flex","floor":10},{"not_picked":["Entrench","Sever Soul"],"picked":"Immolate","floor":12},{"not_picked":["Bludgeon","Juggernaut"],"picked":"Double Tap","floor":16},{"not_picked":["Sentinel","Anger"],"picked":"Burning Pact","floor":18},{"not_picked":["Body Slam","Evolve"],"picked":"Thunderclap","floor":22}],"player_experience":286325,"potions_floor_usage":[3,7,14,14,14,18,25],"damage_taken":[{"damage":7,"enemies":"Jaw Worm","floor":1,"turns":3},{"damage":1,"enemies":"Cultist","floor":3,"turns":3},{"damage":2,"enemies":"Small Slimes","floor":5,"turns":4},{"damage":23,"enemies":"Exordium Thugs","floor":7,"turns":5},{"damage":12,"enemies":"Large Slime","floor":10,"turns":3},{"damage":9,"enemies":"2 Fungi Beasts","floor":12,"turns":2},{"damage":35,"enemies":"Lagavulin","floor":14,"turns":6},{"damage":58,"enemies":"Slime Boss","floor":16,"turns":8},{"damage":33,"enemies":"2 Thieves","floor":18,"turns":3},{"damage":20,"enemies":"3 Byrds","floor":22,"turns":7},{"damage":36,"enemies":"Slavers","floor":25,"turns":7}],"event_choices":[{"event_name":"The Woman in Blue","player_choice":"Bought 2 Potions","floor":2,"damage_taken":0},{"event_name":"Scrap Ooze","player_choice":"success","floor":13,"damage_taken":7},{"event_name":"Ghosts","player_choice":"Became a Ghost","floor":19,"damage_taken":0},{"event_name":"Purifier","player_choice":"One Purge","floor":24,"damage_taken":0}],"boss_relics":[{"not_picked":["Velvet Choker","Philosopher\u0027s Stone"],"picked":"Black Blood"}],"potions_floor_spawned":[1,5,7,12,16,22],"seed_played":"3230448377082935458","killed_by":"Slavers","ascension_level":12,"is_trial":false}