{"path_per_floor":["M","?","M","$","M","R","M","M","T","$","?","M","R","M","R","B",null,"M","?","M","$","M","R"],"character_chosen":"IRONCLAD","items_purchased":["Ice Cream","Feel No Pain","Sever Soul"],"gold_per_floor":[211,461,471,30,40,40,60,73,73,73,73,83,83,97,97,197,197,216,131,150,116,133,133,133],"floor_reached":24,"campfire_rested":1,"playtime":1610,"current_hp_per_floor":[80,80,78,78,72,72,65,71,71,71,64,68,68,68,68,29,80,59,59,57,57,38,62,0],"items_purged":["Regret"],"gold":133,"score":190,"play_id":"2b647ddb-151d-4ece-9890-5fa222326ff0","local_time":"20180414063402","is_prod":false,"is_daily":false,"chose_seed":false,"is_ascension_mode":false,"campfire_upgraded":3,"timestamp":1523702042,"path_taken":["M","?","M","$","M","R","M","M","T","$","?","M","R","M","R","BOSS","M","?","M","$","M","R","E"],"build_version":"2018-04-12","seed_source_timestamp":718908996968,"purchased_purges":1,"victory":false,"master_deck":["Strike_R","Strike_R","Strike_R","Strike_R","Defend_R+1","Defend_R+1","Defend_R","Defend_R","Bash","Shrug It Off+1","Inflame","Feel No Pain","Rupture+1","Flex","Shrug It Off+1","Dark Embrace","Infernal Blade+1","Sever Soul"],"max_hp_per_floor":[80,80,80,80,80,80,80,80,80,80,80,80,80,80,80,80,80,80,80,80,80,80,80,80],"relics":["Burning Blood","Ice Cream","Mercury Hourglass","Cursed Key","War Paint"],"card_choices":[{"not_picked":["Perfected Strike","Seeing Red"],"picked":"Shrug It Off","floor":1},{"not_picked":["Perfected Strike","Clash"],"picked":"Inflame","floor":3},{"not_picked":["Warcry","Armaments"],"picked":"Rupture","floor":5},{"not_picked":["Reckless Charge","Heavy Blade"],"picked":"Flex","floor":8},{"not_picked":["Cleave","Armaments"],"picked":"Shrug It Off","floor":12},{"not_picked":["Limit Break","Reaper"],"picked":"Dark Embrace","floor":16},{"not_picked":["Warcry","Cleave"],"picked":"Infernal Blade","floor":20}],"player_experience":18940,"potions_floor_usage":[16],"damage_taken":[{"damage":1,"enemies":"Cultist","floor":1,"turns":3},{"damage":8,"enemies":"Jaw Worm","floor":3,"turns":3},{"damage":12,"enemies":"2 Louse","floor":5,"turns":3},{"damage":13,"enemies":"2 Fungi Beasts","floor":7,"turns":3},{"damage":0,"enemies":"Large Slime","floor":8,"turns":5},{"damage":2,"enemies":"Blue Slaver","floor":12,"turns":3},{"damage":6,"enemies":"3 Louse","floor":14,"turns":4},{"damage":45,"enemies":"Slime Boss","floor":16,"turns":15},{"damage":27,"enemies":"Spheric Guardian","floor":18,"turns":6},{"damage":8,"enemies":"Shell Parasite","floor":20,"turns":8},{"damage":25,"enemies":"Snake Plant","floor":22,"turns":5},{"damage":68,"enemies":"Slavers","floor":24,"turns":5}],"event_choices":[{"event_name":"Golden Shrine","player_choice":"Desecrate","floor":2,"damage_taken":0},{"event_name":"Golden Wing","player_choice":"Card Removal","floor":11,"damage_taken":0},{"event_name":"Addict","player_choice":"Obtained Relic","floor":19,"damage_taken":0}],"boss_relics":[{"not_picked":["Runic Dome","Philosopher\u0027s Stone"],"picked":"Cursed Key"}],"potions_floor_spawned":[5,12,16,22],"seed_played":"-7600153585319346467","killed_by":"Slavers","ascension_level":0,"is_trial":false}