{"path_per_floor":["M","?","?","M","$","R","M","R","T","M","M","E","R","M","R","B",null,"M","M","?","?","$","R","E","$","T"],"character_chosen":"IRONCLAD","items_purchased":["True Grit","Battle Trance","Shrug It Off"],"gold_per_floor":[114,114,114,124,49,49,65,65,65,81,95,129,129,145,145,249,249,262,273,273,273,150,150,178,55,55,55],"floor_reached":27,"campfire_rested":4,"playtime":786,"current_hp_per_floor":[71,59,59,52,52,52,52,76,76,78,67,30,56,47,73,10,68,50,34,34,34,34,60,17,17,17,0],"items_purged":["Strike_R","Evolve"],"gold":55,"score":347,"play_id":"553f2fd4-026f-403b-8ae2-afc4ae58aabe","local_time":"20180406221607","is_prod":false,"is_daily":false,"is_ascension_mode":true,"campfire_upgraded":1,"timestamp":1523067367,"path_taken":["M","?","?","M","$","R","?","R","T","?","M","E","R","M","R","BOSS","M","?","?","?","?","R","E","$","T","M"],"build_version":"2018-04-05v2","purchased_purges":2,"victory":false,"master_deck":["Strike_R","Strike_R","Strike_R","Defend_R","Bash+1","AscendersBane","Headbutt","Seeing Red","Disarm","Heavy Blade","Double Tap","Rampage+1","Sentinel+1","Thunderclap+1","Rampage+1","Cleave","True Grit","Battle Trance","Shrug It Off"],"max_hp_per_floor":[80,80,80,80,80,80,80,80,80,80,80,87,87,87,87,87,87,87,87,87,87,87,87,87,87,87,87],"relics":["Sozu","Ancient Tea Set","Blood Vial","Strawberry","Astrolabe","Omamori","Dream Catcher","Mummified Hand"],"card_choices":[{"not_picked":["Combust","Warcry"],"picked":"Headbutt","floor":1},{"not_picked":["Thunderclap","Clothesline"],"picked":"Seeing Red","floor":4},{"not_picked":["Evolve","Dark Embrace"],"picked":"Disarm","floor":7},{"not_picked":["Burning Pact","Perfected Strike"],"picked":"Heavy Blade","floor":10},{"not_picked":["Sever Soul","Hemokinesis"],"picked":"Evolve","floor":14},{"not_picked":["Barricade","Impervious"],"picked":"Double Tap","floor":16},{"not_picked":["Pommel Strike","Anger"],"picked":"Rampage","floor":19}],"player_experience":222300,"potions_floor_usage":[],"damage_taken":[{"damage":1,"enemies":"Cultist","floor":1,"turns":3},{"damage":7,"enemies":"Jaw Worm","floor":4,"turns":3},{"damage":0,"enemies":"Small Slimes","floor":7,"turns":2},{"damage":0,"enemies":"Blue Slaver","floor":10,"turns":2},{"damage":13,"enemies":"Exordium Thugs","floor":11,"turns":3},{"damage":46,"enemies":"Lagavulin","floor":12,"turns":6},{"damage":11,"enemies":"Gremlin Gang","floor":14,"turns":6},{"damage":65,"enemies":"Hexaghost","floor":16,"turns":10},{"damage":20,"enemies":"Shell Parasite","floor":18,"turns":4},{"damage":18,"enemies":"3 Byrds","floor":19,"turns":4},{"damage":45,"enemies":"Gremlin Leader","floor":24,"turns":7},{"damage":23,"enemies":"Cultist and Chosen","floor":27,"turns":3}],"event_choices":[{"event_name":"Scrap Ooze","player_choice":"success","floor":2,"damage_taken":12},{"event_name":"Accursed Blacksmith","player_choice":"Ignore","floor":3,"damage_taken":0},{"event_name":"The Mausoleum","player_choice":"Yes","floor":20,"damage_taken":0},{"event_name":"Transmorgrifier","player_choice":"Transform","floor":21,"damage_taken":0}],"boss_relics":[{"not_picked":["Runic Dome","Orrery"],"picked":"Astrolabe"}],"potions_floor_spawned":[1,10,11,14,19,24],"seed_played":"7786010717231210426","killed_by":"Cultist and Chosen","ascension_level":10,"is_trial":false}