{"path_per_floor":["M","?","M","M","$","R","?","?","T","M","E","R","$","E","R"],"character_chosen":"IRONCLAD","items_purchased":["Impervious","Flash of Steel"],"gold_per_floor":[118,118,129,149,7,7,32,32,80,95,130,130,41,74,74,74],"floor_reached":16,"campfire_rested":1,"playtime":870,"current_hp_per_floor":[70,59,59,63,63,63,23,75,75,41,30,52,52,69,69,0],"items_purged":["Strike_R"],"gold":74,"score":189,"play_id":"c0f67536-6889-4ef4-80ae-ba084ecddf4d","local_time":"20180410235317","is_prod":false,"is_daily":false,"is_ascension_mode":true,"campfire_upgraded":1,"timestamp":1523397197,"path_taken":["M","?","M","?","$","R","?","?","T","M","E","R","$","E","R","BOSS"],"build_version":"2018-04-05v2","purchased_purges":1,"victory":false,"master_deck":["Strike_R","Strike_R","Defend_R","Defend_R","Defend_R","Defend_R","Bash+1","AscendersBane","Feel No Pain","Burning Pact","Feel No Pain","Impervious","Dual Wield","Clash","Fiend Fire","Flash of Steel","Barricade"],"max_hp_per_floor":[75,75,75,75,75,75,75,75,75,75,75,75,75,75,75,75],"relics":["Burning Blood","Pen Nib","Odd Mushroom","Happy Flower","Bag of Preparation","Peace Pipe"],"card_choices":[{"not_picked":["Twin Strike","Shrug It Off"],"picked":"Feel No Pain","floor":1},{"not_picked":["Shockwave","Thunderclap"],"picked":"Burning Pact","floor":3},{"not_picked":["Thunderclap","Combust"],"picked":"Feel No Pain","floor":4},{"not_picked":["Wild Strike","Hemokinesis"],"picked":"Dual Wield","floor":7},{"not_picked":["Thunderclap","Fire Breathing"],"picked":"Clash","floor":10},{"not_picked":["Evolve","Twin Strike"],"picked":"Fiend Fire","floor":11},{"not_picked":["Warcry","Flex"],"picked":"Barricade","floor":14}],"player_experience":380681,"potions_floor_usage":[7,11,14],"damage_taken":[{"damage":4,"enemies":"2 Louse","floor":1,"turns":4},{"damage":6,"enemies":"Jaw Worm","floor":3,"turns":5},{"damage":2,"enemies":"Cultist","floor":4,"turns":4},{"damage":46,"enemies":"The Mushroom Lair","floor":7,"turns":7},{"damage":40,"enemies":"Gremlin Gang","floor":10,"turns":8},{"damage":17,"enemies":"Gremlin Nob","floor":11,"turns":5},{"damage":1,"enemies":"3 Sentries","floor":14,"turns":15},{"damage":78,"enemies":"Hexaghost","floor":16,"turns":15}],"event_choices":[{"event_name":"Scrap Ooze","player_choice":"success","floor":2,"damage_taken":11},{"event_name":"Mushrooms","player_choice":"Fought Mushrooms","floor":7,"damage_taken":0},{"event_name":"Wheel of Change","player_choice":"Full Heal","floor":8,"damage_taken":0}],"boss_relics":[],"potions_floor_spawned":[3,10,11],"seed_played":"-8830960180529584533","killed_by":"Hexaghost","ascension_level":15,"is_trial":false}