{"path_per_floor":["M","$","M","?","?","E","R","M","T","M","R","M","E","M","R","B",null,"M","M","?","T","M","E","M"],"character_chosen":"IRONCLAD","items_purchased":[],"gold_per_floor":[116,41,57,57,57,84,84,95,95,113,113,130,155,175,175,274,274,292,307,307,307,327,355,374,374],"floor_reached":25,"campfire_rested":2,"playtime":1061,"current_hp_per_floor":[59,59,47,47,73,33,57,55,55,44,68,66,49,49,49,24,71,66,66,66,66,56,1,1,0],"items_purged":["Defend_R"],"gold":374,"score":353,"play_id":"b19dcccb-cdfd-44b7-ba64-74dad3f02143","local_time":"20180406161335","is_prod":false,"is_daily":false,"is_ascension_mode":true,"campfire_upgraded":1,"timestamp":1523045615,"path_taken":["M","$","M","?","?","E","R","M","T","?","R","M","E","M","R","BOSS","M","M","?","?","M","E","?","M"],"build_version":"2018-04-05v2","purchased_purges":1,"victory":false,"master_deck":["Bash","AscendersBane","Flex","Metallicize","Uppercut+1","Headbutt","Double Tap","True Grit","Reckless Charge","Sword Boomerang","Pommel Strike","Iron Wave","Heavy Blade","Uppercut","Rampage","Cleave+1","Armaments","Shrug It Off+1","Flex+1"],"max_hp_per_floor":[80,80,80,80,80,80,80,80,80,80,80,80,87,87,87,87,87,87,87,87,87,87,87,87,87],"relics":["Lizard Tail","Vajra","Question Card","Strawberry","Pandora\u0027s Box","Bottled Tornado","Gremlin Horn"],"card_choices":[{"not_picked":["Thunderclap","Anger"],"picked":"Flex","floor":1},{"not_picked":["Heavy Blade","Fire Breathing"],"picked":"Uppercut","floor":8},{"not_picked":["Shockwave","Twin Strike","Cleave"],"picked":"Headbutt","floor":10},{"not_picked":["Dark Embrace","Juggernaut","Feed"],"picked":"Double Tap","floor":16},{"not_picked":["True Grit","Seeing Red","Power Through"],"picked":"Rampage","floor":18},{"not_picked":["Ghostly Armor","Twin Strike","Sword Boomerang"],"picked":"Cleave","floor":19},{"not_picked":["Clash","Havoc","Reckless Charge"],"picked":"Armaments","floor":22},{"not_picked":["Warcry","Havoc","Clothesline"],"picked":"Shrug It Off","floor":23},{"not_picked":["Armaments","Heavy Blade","Immolate"],"picked":"Flex","floor":24}],"player_experience":211344,"potions_floor_usage":[12,14,14],"damage_taken":[{"damage":13,"enemies":"Jaw Worm","floor":1,"turns":4},{"damage":12,"enemies":"Small Slimes","floor":3,"turns":4},{"damage":40,"enemies":"3 Sentries","floor":6,"turns":12},{"damage":2,"enemies":"2 Louse","floor":8,"turns":4},{"damage":11,"enemies":"Looter","floor":10,"turns":2},{"damage":5,"enemies":"Blue Slaver","floor":12,"turns":4},{"damage":24,"enemies":"Lagavulin","floor":13,"turns":5},{"damage":0,"enemies":"Lots of Slimes","floor":14,"turns":3},{"damage":76,"enemies":"Slime Boss","floor":16,"turns":17},{"damage":5,"enemies":"Spheric Guardian","floor":18,"turns":3},{"damage":0,"enemies":"Chosen","floor":19,"turns":3},{"damage":10,"enemies":"Snecko","floor":22,"turns":3},{"damage":55,"enemies":"Book of Stabbing","floor":23,"turns":6},{"damage":0,"enemies":"Centurion and Healer","floor":24,"turns":8},{"damage":1,"enemies":"Snake Plant","floor":25,"turns":1}],"event_choices":[{"event_name":"Living Wall","player_choice":"Change","floor":4,"damage_taken":0},{"event_name":"Big Fish","player_choice":"Banana","floor":5,"damage_taken":0},{"event_name":"Vampires","player_choice":"Ignored","floor":20,"damage_taken":0}],"boss_relics":[{"not_picked":["Black Star","Ectoplasm"],"picked":"Pandora\u0027s Box"}],"potions_floor_spawned":[6,10,13,16,18,22],"seed_played":"-5672129541098645312","killed_by":"Snake Plant","ascension_level":10,"is_trial":false}