{"path_per_floor":["M","M","?","?","M","R","M","M","T","R","?","M","M","M","R"],"character_chosen":"IRONCLAD","items_purchased":[],"gold_per_floor":[109,127,127,127,138,138,150,165,190,190,115,135,155,170,170,170],"floor_reached":16,"campfire_rested":1,"playtime":420,"current_hp_per_floor":[66,70,70,25,31,53,56,58,58,58,58,58,48,53,53,0],"items_purged":[],"gold":170,"score":168,"play_id":"d292450b-fb61-4caf-a3ea-e8e869bc4491","local_time":"20180413003327","is_prod":false,"is_daily":false,"is_ascension_mode":true,"campfire_upgraded":2,"timestamp":1523572407,"path_taken":["M","M","?","?","M","R","M","M","T","R","?","M","M","M","R","BOSS"],"build_version":"2018-04-05v2","purchased_purges":0,"victory":false,"master_deck":["Strike_R","Strike_R","Strike_R","Defend_R","Defend_R","Defend_R","Defend_R","Bash","AscendersBane","Shockwave","Clash","Flame Barrier+1","Uppercut+1","Battle Trance","Flex","Second Wind"],"max_hp_per_floor":[75,75,75,75,75,75,75,75,75,75,75,75,75,75,75,75],"relics":["Burning Blood","Mercury Hourglass","Bag of Preparation"],"card_choices":[{"not_picked":["Intimidate","Perfected Strike"],"picked":"Shockwave","floor":1},{"not_picked":["Reckless Charge","Heavy Blade"],"picked":"Clash","floor":2},{"not_picked":["Body Slam","Sword Boomerang"],"picked":"Uppercut","floor":5},{"not_picked":["Perfected Strike","Ghostly Armor"],"picked":"Battle Trance","floor":7},{"not_picked":["Thunderclap","Headbutt"],"picked":"Flex","floor":12},{"not_picked":["Armaments","Perfected Strike"],"picked":"Second Wind","floor":13}],"player_experience":398816,"potions_floor_usage":[],"damage_taken":[{"damage":8,"enemies":"2 Louse","floor":1,"turns":4},{"damage":2,"enemies":"Cultist","floor":2,"turns":4},{"damage":0,"enemies":"Small Slimes","floor":5,"turns":4},{"damage":3,"enemies":"Exordium Wildlife","floor":7,"turns":3},{"damage":4,"enemies":"3 Louse","floor":8,"turns":3},{"damage":6,"enemies":"Exordium Thugs","floor":12,"turns":3},{"damage":16,"enemies":"Large Slime","floor":13,"turns":6},{"damage":1,"enemies":"3 Louse","floor":14,"turns":3},{"damage":56,"enemies":"Hexaghost","floor":16,"turns":10}],"event_choices":[{"event_name":"Transmorgrifier","player_choice":"Transform","floor":3,"damage_taken":0},{"event_name":"Scrap Ooze","player_choice":"success","floor":4,"damage_taken":45},{"event_name":"The Cleric","player_choice":"Card Removal","floor":11,"damage_taken":0}],"boss_relics":[],"potions_floor_spawned":[1,5,12,13],"seed_played":"-8143294188330399181","killed_by":"Hexaghost","ascension_level":15,"is_trial":false}