{"path_per_floor":["M","?","M","?","?","R","E","?","T","E","R","T","$","M","R","B",null,"M","M","$","M","?","E","R","M","T","R","?","M","R","M","R"],"character_chosen":"IRONCLAD","items_purchased":["True Grit","Bag of Preparation","Inflame","Trip"],"gold_per_floor":[118,193,206,279,279,279,313,313,313,341,341,367,22,37,37,109,109,121,141,48,61,61,88,88,104,131,131,131,141,141,158,158,158],"floor_reached":33,"campfire_rested":5,"playtime":1063,"current_hp_per_floor":[67,56,58,58,75,75,27,27,27,15,37,37,37,43,65,7,58,53,50,50,45,45,12,35,21,21,45,45,34,58,50,50,0],"items_purged":["Strike_R"],"gold":158,"score":478,"play_id":"8d717ce2-c073-4bad-be5d-74248f4e845f","local_time":"20180412200524","is_prod":false,"is_daily":false,"is_ascension_mode":true,"campfire_upgraded":2,"timestamp":1523556324,"path_taken":["M","?","M","?","?","R","E","?","T","E","R","?","$","M","R","BOSS","M","?","$","M","?","E","R","M","T","R","?","M","R","M","R","BOSS"],"build_version":"2018-04-05v2","purchased_purges":1,"victory":false,"master_deck":["Strike_R+1","Strike_R+1","Strike_R","Strike_R","Defend_R","Defend_R+1","Defend_R","Defend_R+1","Bash+1","AscendersBane","Blood for Blood","Thunderclap","Feel No Pain+1","Power Through","True Grit+1","Inflame","Battle Trance","Feed","Metallicize","Inflame","Trip","Spot Weakness","Shockwave+1"],"max_hp_per_floor":[75,75,75,75,75,75,75,75,75,75,75,75,75,75,75,75,75,75,75,75,78,78,78,78,81,81,81,81,81,81,81,81,81],"relics":["Burning Blood","Whetstone","Peace Pipe","War Paint","Pen Nib","Bag of Preparation","Sozu","Omamori","Vajra"],"card_choices":[{"not_picked":["Perfected Strike","Impervious"],"picked":"Blood for Blood","floor":1},{"not_picked":["Sword Boomerang","Clothesline"],"picked":"Thunderclap","floor":3},{"not_picked":["Bloodletting","Battle Trance"],"picked":"Feel No Pain","floor":7},{"not_picked":["Headbutt","Clothesline"],"picked":"Power Through","floor":10},{"not_picked":["Sentinel","Warcry"],"picked":"Battle Trance","floor":14},{"not_picked":["Impervious","Exhume"],"picked":"Feed","floor":16},{"not_picked":["Thunderclap","Body Slam"],"picked":"Metallicize","floor":18},{"not_picked":["Dropkick","Havoc"],"picked":"Inflame","floor":19},{"not_picked":["Rage","Barricade"],"picked":"Spot Weakness","floor":25},{"not_picked":["Twin Strike","Clash"],"picked":"Shockwave","floor":31}],"player_experience":389917,"potions_floor_usage":[10,10,18,29],"damage_taken":[{"damage":7,"enemies":"Jaw Worm","floor":1,"turns":3},{"damage":4,"enemies":"Small Slimes","floor":3,"turns":4},{"damage":54,"enemies":"Gremlin Nob","floor":7,"turns":5},{"damage":30,"enemies":"Lagavulin","floor":10,"turns":7},{"damage":0,"enemies":"2 Louse","floor":14,"turns":3},{"damage":64,"enemies":"Hexaghost","floor":16,"turns":15},{"damage":11,"enemies":"2 Thieves","floor":18,"turns":4},{"damage":9,"enemies":"Spheric Guardian","floor":19,"turns":5},{"damage":14,"enemies":"Centurion and Healer","floor":21,"turns":6},{"damage":39,"enemies":"Book of Stabbing","floor":23,"turns":6},{"damage":23,"enemies":"Snake Plant","floor":25,"turns":4},{"damage":17,"enemies":"Slaver and Parasite","floor":29,"turns":6},{"damage":14,"enemies":"Centurion and Healer","floor":31,"turns":8},{"damage":70,"enemies":"Collector","floor":33,"turns":7}],"event_choices":[{"event_name":"World of Goop","player_choice":"Gather Gold","floor":2,"damage_taken":0},{"event_name":"Golden Wing","player_choice":"Gained Gold","floor":4,"damage_taken":0},{"event_name":"Wheel of Change","player_choice":"Full Heal","floor":5,"damage_taken":0},{"event_name":"Shining Light","player_choice":"Ignored","floor":8,"damage_taken":0},{"event_name":"The Mausoleum","player_choice":"No","floor":22,"damage_taken":0},{"event_name":"Upgrade Shrine","player_choice":"Upgraded","floor":28,"damage_taken":0}],"boss_relics":[{"not_picked":["Runic Cube","Tiny House"],"picked":"Sozu"}],"potions_floor_spawned":[7,10,21,23,25,29],"seed_played":"5095832706097723950","killed_by":"Collector","ascension_level":15,"is_trial":false}