{"path_per_floor":["M","?","$","?","M","E","M","R","T","M","R","$","?","M","R","B",null,"M","?","?","?","M","R","E","M","T","R","$","M","R","M","R"],"character_chosen":"IRONCLAD","items_purchased":["Battle Trance","Inflame","Happy Flower","Inflame"],"gold_per_floor":[115,265,79,79,99,132,144,144,144,164,164,9,9,27,27,98,98,116,41,41,41,51,51,85,97,150,150,13,33,33,53,53,53],"floor_reached":33,"campfire_rested":4,"playtime":760,"current_hp_per_floor":[74,74,74,74,75,75,75,75,75,50,50,50,50,56,56,31,64,60,60,60,60,47,69,31,11,11,33,33,21,43,12,34,0],"items_purged":["Doubt","Strike_R"],"gold":53,"score":508,"play_id":"a5f473b7-3a10-4b38-91c3-3e473bbbab14","local_time":"20180414102722","is_prod":false,"is_daily":false,"chose_seed":false,"is_ascension_mode":true,"campfire_upgraded":3,"timestamp":1523719642,"path_taken":["M","?","$","?","M","E","M","R","T","?","R","$","?","M","R","BOSS","M","?","?","?","M","R","E","M","T","R","?","M","R","?","R","BOSS"],"build_version":"2018-04-12","seed_source_timestamp":310414596162141,"purchased_purges":2,"victory":false,"master_deck":["Strike_R","Strike_R","Strike_R","Strike_R","Defend_R","Defend_R","Defend_R","Defend_R","Bash+1","AscendersBane","Infernal Blade","Battle Trance","Inflame+1","Flex+1","Sword Boomerang","Rage+1","Offering","True Grit","Anger","Pummel","Inflame","Shrug It Off"],"max_hp_per_floor":[75,75,75,75,75,75,75,75,75,75,75,75,75,75,75,75,75,75,75,75,75,75,75,75,75,75,75,75,75,75,75,75,75],"relics":["Burning Blood","NeowsBlessing","Shuriken","Gremlin Horn","Happy Flower","Sozu","Oddly Smooth Stone","Anchor"],"card_choices":[{"not_picked":["Twin Strike","Clash"],"picked":"Infernal Blade","floor":1},{"not_picked":["Havoc","Thunderclap"],"picked":"Flex","floor":5},{"not_picked":["Headbutt","Havoc"],"picked":"Sword Boomerang","floor":6},{"not_picked":["Flex","Uppercut"],"picked":"Rage","floor":10},{"not_picked":["Dark Embrace","Barricade"],"picked":"Offering","floor":16},{"not_picked":["Second Wind","Sword Boomerang"],"picked":"True Grit","floor":18},{"not_picked":["Perfected Strike","Sever Soul"],"picked":"Anger","floor":24},{"not_picked":["Iron Wave","Thunderclap"],"picked":"Pummel","floor":25},{"not_picked":["Dropkick","Evolve"],"picked":"Shrug It Off","floor":31}],"player_experience":455307,"potions_floor_usage":[16,16,22],"damage_taken":[{"damage":0,"enemies":"Jaw Worm","floor":1,"turns":1},{"damage":0,"enemies":"2 Louse","floor":5,"turns":1},{"damage":0,"enemies":"Gremlin Nob","floor":6,"turns":1},{"damage":0,"enemies":"Small Slimes","floor":7,"turns":2},{"damage":31,"enemies":"Exordium Thugs","floor":10,"turns":5},{"damage":0,"enemies":"3 Louse","floor":14,"turns":1},{"damage":31,"enemies":"Hexaghost","floor":16,"turns":8},{"damage":10,"enemies":"Spheric Guardian","floor":18,"turns":3},{"damage":19,"enemies":"Chosen","floor":22,"turns":4},{"damage":44,"enemies":"Gremlin Leader","floor":24,"turns":5},{"damage":26,"enemies":"Snake Plant","floor":25,"turns":3},{"damage":18,"enemies":"Snecko","floor":29,"turns":3},{"damage":37,"enemies":"Cultist and Chosen","floor":31,"turns":6},{"damage":38,"enemies":"Automaton","floor":33,"turns":6}],"event_choices":[{"event_name":"Liars Game","player_choice":"agreed","floor":2,"damage_taken":0},{"event_name":"Accursed Blacksmith","player_choice":"Forge","floor":4,"damage_taken":0},{"event_name":"Wheel of Change","player_choice":"Curse","floor":13,"damage_taken":0},{"event_name":"Beggar","player_choice":"Gave Gold","floor":19,"damage_taken":0},{"event_name":"Addict","player_choice":"Ignored","floor":20,"damage_taken":0},{"event_name":"Cursed Tome","player_choice":"Ignored","floor":21,"damage_taken":0}],"boss_relics":[{"not_picked":["Snecko Eye","Eternal Feather"],"picked":"Sozu"}],"potions_floor_spawned":[5,6,7,14,24,29],"seed_played":"-5847779110893049482","killed_by":"Automaton","ascension_level":15,"is_trial":false}