{"path_per_floor":["M","?","?","$","M","E","R","E","T","M","?","R","$","M","R","B",null,"M","$","?","?","?","R","M","M","T","M","$","R","M","E","R"],"character_chosen":"IRONCLAD","items_purchased":["Dual Wield","Inflame","Double Tap","Limit Break"],"gold_per_floor":[111,111,111,38,56,88,88,117,117,128,128,128,57,77,77,154,154,168,9,9,9,9,9,21,39,112,124,54,54,68,103,103,103],"floor_reached":33,"campfire_rested":2,"playtime":1024,"current_hp_per_floor":[71,71,71,71,74,64,64,55,55,61,61,61,61,56,56,34,65,46,46,46,61,61,61,53,27,27,18,18,40,31,10,32,0],"items_purged":[],"gold":103,"score":478,"play_id":"ff0a580e-c1cc-4d79-9c0a-0f6f11c739b2","local_time":"20180413141310","is_prod":false,"is_daily":false,"chose_seed":false,"is_ascension_mode":true,"campfire_upgraded":4,"timestamp":1523621590,"path_taken":["M","?","?","$","M","E","R","E","T","?","?","R","$","M","R","BOSS","M","?","?","?","?","R","M","M","T","M","$","R","M","E","R","BOSS"],"build_version":"2018-04-12","seed_source_timestamp":17532138378916,"purchased_purges":0,"victory":false,"master_deck":["Strike_R+1","Strike_R+1","Strike_R+1","Defend_R+1","Defend_R+1","Defend_R+1","Defend_R+1","Bash","AscendersBane","Carnage+1","Dual Wield","Feel No Pain+1","Evolve","Seeing Red+1","Thunderclap","Inflame","Wild Strike+1","Demon Form+1","Dual Wield+1","Double Tap+1","Entrench+1","Seeing Red+1","Limit Break+1","Pommel Strike+1","Entrench+1"],"max_hp_per_floor":[75,75,75,75,75,75,75,75,75,75,75,75,75,75,75,75,75,75,75,75,75,75,75,75,75,75,75,75,75,75,75,75,75],"relics":["Burning Blood","Bronze Scales","Toxic Egg 2","Calipers","Orichalcum","Sozu","Kunai","Bottled Lightning"],"card_choices":[{"not_picked":["Headbutt","Sword Boomerang"],"picked":"Carnage","floor":1},{"not_picked":["Shrug It Off","Reckless Charge"],"picked":"Feel No Pain","floor":6},{"not_picked":["Clothesline","Seeing Red"],"picked":"Evolve","floor":8},{"not_picked":["Second Wind","Headbutt"],"picked":"Seeing Red","floor":10},{"not_picked":["Power Through","Headbutt"],"picked":"Wild Strike","floor":14},{"not_picked":["Offering","Dark Embrace"],"picked":"Demon Form","floor":16},{"not_picked":["Clash","Pommel Strike"],"picked":"Dual Wield","floor":18},{"not_picked":["Clash","Warcry"],"picked":"Entrench","floor":24},{"not_picked":["Havoc","Reckless Charge"],"picked":"Seeing Red","floor":27},{"not_picked":["Sword Boomerang","Headbutt"],"picked":"Pommel Strike","floor":30},{"not_picked":["Armaments","Heavy Blade"],"picked":"Entrench","floor":31}],"player_experience":405471,"potions_floor_usage":[6,18,27,27],"damage_taken":[{"damage":3,"enemies":"Jaw Worm","floor":1,"turns":5},{"damage":3,"enemies":"Small Slimes","floor":5,"turns":3},{"damage":16,"enemies":"Gremlin Nob","floor":6,"turns":4},{"damage":15,"enemies":"3 Sentries","floor":8,"turns":12},{"damage":0,"enemies":"Cultist","floor":10,"turns":3},{"damage":11,"enemies":"Exordium Thugs","floor":14,"turns":4},{"damage":28,"enemies":"Hexaghost","floor":16,"turns":8},{"damage":25,"enemies":"2 Thieves","floor":18,"turns":5},{"damage":14,"enemies":"Shell Parasite","floor":24,"turns":4},{"damage":32,"enemies":"Snake Plant","floor":25,"turns":4},{"damage":15,"enemies":"3 Cultists","floor":27,"turns":4},{"damage":15,"enemies":"Centurion and Healer","floor":30,"turns":5},{"damage":27,"enemies":"Gremlin Leader","floor":31,"turns":5},{"damage":51,"enemies":"Collector","floor":33,"turns":6}],"event_choices":[{"event_name":"Shining Light","player_choice":"Ignored","floor":2,"damage_taken":0},{"event_name":"Bonfire Elementals","player_choice":"BASIC","floor":3,"damage_taken":0},{"event_name":"Living Wall","player_choice":"Change","floor":11,"damage_taken":0},{"event_name":"Drug Dealer","player_choice":"Ignored","floor":20,"damage_taken":0},{"event_name":"The Library","player_choice":"Heal","floor":21,"damage_taken":0},{"event_name":"Back to Basics","player_choice":"Simplicity","floor":22,"damage_taken":0}],"boss_relics":[{"not_picked":["Calling Bell","Orrery"],"picked":"Sozu"}],"potions_floor_spawned":[1,10,14,16,18,24,31],"seed_played":"-3293701483681469421","killed_by":"Collector","ascension_level":15,"is_trial":false}