{"path_per_floor":["M","$","?","$","?","E","R","E","T","R","M","R","E","M","R","B",null,"M","M","$","?","M","R","E","?","T","$","M","R","E","?","R"],"character_chosen":"IRONCLAD","items_purchased":["Feel No Pain","Body Slam","Spot Weakness","Pen Nib","Madness"],"gold_per_floor":[109,12,12,12,83,111,111,138,161,161,172,172,197,215,215,286,286,304,321,58,58,70,70,95,95,118,14,26,26,55,55,55,55],"floor_reached":33,"campfire_rested":3,"playtime":1187,"current_hp_per_floor":[80,80,80,80,80,69,69,26,26,65,63,63,65,71,71,45,73,79,68,68,57,31,57,25,25,25,25,45,45,27,12,45,0],"items_purged":["Strike_R"],"gold":55,"score":548,"play_id":"3c2375f8-4ee6-4309-8967-79633445805f","local_time":"20180416224115","is_prod":false,"is_daily":false,"chose_seed":false,"is_ascension_mode":true,"campfire_upgraded":4,"timestamp":1523911275,"path_taken":["M","?","?","$","?","E","R","E","T","R","M","R","E","M","R","BOSS","M","M","$","?","?","R","E","?","T","$","M","R","E","?","R","BOSS"],"build_version":"2018-04-12","seed_source_timestamp":40131045180278,"purchased_purges":1,"victory":false,"master_deck":["Defend_R","Defend_R","Defend_R","Defend_R","Bash","AscendersBane","Uppercut","Feel No Pain+1","Body Slam","Metallicize+1","Dual Wield","Havoc","Rampage+1","Shrug It Off","Impervious","Reckless Charge","Feel No Pain+1","Spot Weakness","Bite","Bite","Bite","Bite","Bite","Madness","Infernal Blade"],"max_hp_per_floor":[82,82,82,82,82,82,82,82,82,82,82,82,82,82,82,82,82,82,82,82,57,57,57,57,57,57,57,57,57,57,62,62,62],"relics":["Burning Blood","Strawberry","Charon\u0027s Ashes","Regal Pillow","Bronze Scales","Calipers","Velvet Choker","Pen Nib","Prayer Wheel","Vajra","Kunai"],"card_choices":[{"not_picked":["Intimidate","Heavy Blade"],"picked":"Uppercut","floor":1},{"not_picked":["Burning Pact","Hemokinesis"],"picked":"Metallicize","floor":6},{"not_picked":["Fire Breathing","Heavy Blade"],"picked":"Dual Wield","floor":8},{"not_picked":["Searing Blow","Iron Wave"],"picked":"Havoc","floor":11},{"not_picked":["Shrug It Off","Rupture"],"picked":"Rampage","floor":13},{"not_picked":["Cleave","Perfected Strike"],"picked":"Shrug It Off","floor":14},{"not_picked":["Double Tap","Exhume"],"picked":"Impervious","floor":16},{"not_picked":["Whirlwind","Flex"],"picked":"Reckless Charge","floor":18},{"not_picked":["Shrug It Off","Anger"],"picked":"Feel No Pain","floor":19},{"not_picked":["Sentinel","Dropkick"],"picked":"Infernal Blade","floor":30}],"player_experience":413868,"potions_floor_usage":[8,13,30,30,30],"damage_taken":[{"damage":1,"enemies":"Cultist","floor":1,"turns":4},{"damage":17,"enemies":"3 Sentries","floor":6,"turns":14},{"damage":49,"enemies":"Lagavulin","floor":8,"turns":9},{"damage":8,"enemies":"2 Louse","floor":11,"turns":3},{"damage":10,"enemies":"Gremlin Nob","floor":13,"turns":5},{"damage":0,"enemies":"Small Slimes","floor":14,"turns":3},{"damage":32,"enemies":"The Guardian","floor":16,"turns":12},{"damage":0,"enemies":"Chosen","floor":18,"turns":6},{"damage":17,"enemies":"Spheric Guardian","floor":19,"turns":4},{"damage":34,"enemies":"Snake Plant","floor":22,"turns":5},{"damage":48,"enemies":"Slavers","floor":24,"turns":7},{"damage":0,"enemies":"Chosen and Byrds","floor":28,"turns":8},{"damage":34,"enemies":"Book of Stabbing","floor":30,"turns":5},{"damage":71,"enemies":"Automaton","floor":33,"turns":6}],"event_choices":[{"event_name":"Liars Game","player_choice":"disagreed","floor":3,"damage_taken":0},{"event_name":"Golden Wing","player_choice":"Gained Gold","floor":5,"damage_taken":0},{"event_name":"Vampires","player_choice":"Became a vampire","floor":21,"damage_taken":0},{"event_name":"Drug Dealer","player_choice":"Ignored","floor":25,"damage_taken":0},{"event_name":"Forgotten Altar","player_choice":"Shed Blood","floor":31,"damage_taken":0}],"boss_relics":[{"not_picked":["Lizard Tail","Pandora\u0027s Box"],"picked":"Velvet Choker"}],"potions_floor_spawned":[1,11,14,16,24,28],"seed_played":"-7384598161918035159","killed_by":"Automaton","ascension_level":15,"is_trial":false}