{"path_per_floor":["M","M","M","M","M","E","R","$","T","M","$","R","M","M","R","B",null,"M","$","?","M","$","E","R","?","T","?"],"character_chosen":"IRONCLAD","items_purchased":["Rage","Shrug It Off","Combust","Anchor"],"gold_per_floor":[111,131,144,163,173,208,208,7,7,18,18,18,31,47,47,143,143,162,12,12,32,32,62,62,62,62,42,42],"floor_reached":28,"campfire_rested":3,"playtime":2414,"current_hp_per_floor":[72,72,72,66,52,22,43,43,43,48,48,48,40,41,62,19,72,57,57,57,53,53,7,28,15,15,15,0],"items_purged":[],"gold":42,"score":240,"play_id":"bbbcf057-4aaf-4818-b3b4-1566135a9cc8","local_time":"20180413102549","is_prod":false,"is_daily":false,"chose_seed":false,"is_ascension_mode":false,"campfire_upgraded":1,"timestamp":1523629549,"path_taken":["M","M","M","M","M","E","R","$","T","M","$","R","?","M","R","BOSS","M","$","?","M","$","E","R","?","T","?","M"],"build_version":"2018-04-12","seed_source_timestamp":3334678890165,"purchased_purges":0,"victory":false,"master_deck":["Strike_R+1","Strike_R+1","Strike_R+1","Strike_R+1","Strike_R+1","Defend_R+1","Defend_R+1","Defend_R+1","Defend_R+1","Bash","Armaments","Cleave","Combust","Clash","Twin Strike","Anger","Rage+1","Shrug It Off","Combust","Metallicize","Brutality","Barricade","Burning Pact","Pommel Strike","Impervious"],"max_hp_per_floor":[72,72,72,72,72,72,72,72,72,72,72,72,72,72,72,72,72,72,72,72,72,72,72,72,77,77,77,77],"relics":["Burning Blood","Sundial","Bag of Preparation","Oddly Smooth Stone","Sozu","Anchor","Bronze Scales","Darkstone Periapt"],"card_choices":[{"not_picked":["True Grit","Ghostly Armor"],"picked":"Armaments","floor":1},{"not_picked":["Corruption","Body Slam"],"picked":"Cleave","floor":2},{"not_picked":["Whirlwind","Headbutt"],"picked":"Combust","floor":3},{"not_picked":["Anger","Dual Wield"],"picked":"Clash","floor":4},{"not_picked":["Iron Wave","Body Slam"],"picked":"Twin Strike","floor":5},{"not_picked":["Iron Wave","Warcry"],"picked":"Anger","floor":6},{"not_picked":["Pummel","Perfected Strike"],"picked":"Metallicize","floor":13},{"not_picked":["Iron Wave","Perfected Strike"],"picked":"Brutality","floor":14},{"not_picked":["Brutality","Dark Embrace"],"picked":"Barricade","floor":16},{"not_picked":["Corruption","Perfected Strike"],"picked":"Burning Pact","floor":18},{"not_picked":["Whirlwind","Hemokinesis"],"picked":"Pommel Strike","floor":21},{"not_picked":["Ghostly Armor","Clothesline"],"picked":"Impervious","floor":23}],"player_experience":3499,"potions_floor_usage":[16],"damage_taken":[{"damage":5,"enemies":"Cultist","floor":1,"turns":4},{"damage":2,"enemies":"2 Louse","floor":2,"turns":3},{"damage":5,"enemies":"Jaw Worm","floor":3,"turns":4},{"damage":12,"enemies":"Large Slime","floor":4,"turns":5},{"damage":20,"enemies":"Exordium Wildlife","floor":5,"turns":3},{"damage":36,"enemies":"Lagavulin","floor":6,"turns":6},{"damage":1,"enemies":"Looter","floor":10,"turns":3},{"damage":14,"enemies":"Exordium Thugs","floor":13,"turns":3},{"damage":5,"enemies":"Lots of Slimes","floor":14,"turns":3},{"damage":49,"enemies":"Hexaghost","floor":16,"turns":10},{"damage":21,"enemies":"Chosen","floor":18,"turns":6},{"damage":10,"enemies":"3 Byrds","floor":21,"turns":3},{"damage":52,"enemies":"Gremlin Leader","floor":23,"turns":6},{"damage":19,"enemies":"Snake Plant","floor":28,"turns":3}],"event_choices":[{"event_name":"Back to Basics","player_choice":"Simplicity","floor":20,"damage_taken":0},{"event_name":"Forgotten Altar","player_choice":"Shed Blood","floor":25,"damage_taken":0},{"event_name":"The Woman in Blue","player_choice":"Bought 1 Potion","floor":27,"damage_taken":0}],"boss_relics":[{"not_picked":["White Beast Statue","Velvet Choker"],"picked":"Sozu"}],"potions_floor_spawned":[4,5,16,18,21],"seed_played":"-1522705128670169408","killed_by":"Snake Plant","ascension_level":0,"is_trial":false}