{"path_per_floor":["M","?","?","M","M","E","R","M","T","$","M","$","M"],"character_chosen":"IRONCLAD","items_purchased":["Singing Bowl","Reckless Charge"],"gold_per_floor":[111,111,61,84,107,142,142,163,187,44,68,19,43,43],"floor_reached":14,"campfire_rested":1,"playtime":395,"current_hp_per_floor":[63,63,63,57,51,4,26,23,23,23,17,17,7,0],"items_purged":[],"gold":43,"score":143,"play_id":"427c2d80-6fc4-495e-b2ab-40e19b60e719","local_time":"20180413231211","is_prod":false,"is_daily":false,"chose_seed":false,"is_ascension_mode":true,"campfire_upgraded":0,"timestamp":1523675531,"path_taken":["M","?","?","?","?","E","R","M","T","$","?","$","M","?"],"build_version":"2018-04-12","seed_source_timestamp":262552955586585,"purchased_purges":0,"victory":false,"master_deck":["Strike_R","Strike_R","Strike_R","Strike_R","Defend_R","Defend_R","Defend_R","Defend_R","Bash","AscendersBane","Cleave","Disarm","Headbutt","Reckless Charge","Whirlwind","Flex","Reckless Charge","Double Tap"],"max_hp_per_floor":[80,74,74,74,74,74,74,74,74,74,74,74,74,74],"relics":["Black Star","Golden Idol","Prayer Wheel","Oddly Smooth Stone","Omamori","Singing Bowl"],"card_choices":[{"not_picked":["Power Through","Twin Strike"],"picked":"Cleave","floor":1},{"not_picked":["Sever Soul","Flame Barrier"],"picked":"Disarm","floor":4},{"not_picked":["Second Wind","Disarm"],"picked":"Headbutt","floor":6},{"not_picked":["Searing Blow","Sword Boomerang"],"picked":"Reckless Charge","floor":8},{"not_picked":["Reckless Charge","Clash"],"picked":"Whirlwind","floor":9},{"not_picked":["Havoc","Entrench"],"picked":"Flex","floor":11},{"not_picked":["Clothesline","Body Slam"],"picked":"Double Tap","floor":13}],"player_experience":280616,"potions_floor_usage":[4,13,13],"damage_taken":[{"damage":9,"enemies":"Jaw Worm","floor":1,"turns":4},{"damage":6,"enemies":"Cultist","floor":4,"turns":3},{"damage":6,"enemies":"2 Louse","floor":5,"turns":3},{"damage":47,"enemies":"3 Sentries","floor":6,"turns":13},{"damage":3,"enemies":"Exordium Wildlife","floor":8,"turns":5},{"damage":6,"enemies":"Red Slaver","floor":11,"turns":4},{"damage":10,"enemies":"Exordium Thugs","floor":13,"turns":3},{"damage":10,"enemies":"Lots of Slimes","floor":14,"turns":1}],"event_choices":[{"event_name":"Golden Idol","player_choice":"Lose Max HP","floor":2,"damage_taken":0},{"event_name":"The Cleric","player_choice":"Card Removal","floor":3,"damage_taken":0}],"boss_relics":[],"potions_floor_spawned":[1,8,11],"seed_played":"-3490095645378965725","killed_by":"Lots of Slimes","ascension_level":11,"is_trial":false}