{"path_per_floor":["M","?","M","$","?","R","?","M","T","R","E","R","T","$","R","B",null,"M","$","?","?","M","E","?","?","T","R","?","E","R","E","R","B",null,"M","?","T","M","T","R","$","$","T","T","T","R","$","M","R","B"],"character_chosen":"IRONCLAD","items_purchased":["Pummel","Pen Nib","Whirlwind","Flex","Flex","Bag of Marbles","War Paint","Shrug It Off","Inflame"],"gold_per_floor":[111,186,200,6,36,36,36,51,51,51,79,79,131,2,2,101,101,116,66,66,66,83,110,110,110,162,162,162,192,192,221,221,323,323,335,335,360,378,378,378,79,56,56,56,106,106,36,56,56,56],"floor_reached":51,"campfire_rested":2,"playtime":1470,"current_hp_per_floor":[78,67,66,66,48,48,48,44,44,44,30,54,54,54,54,53,80,80,80,80,40,40,32,16,16,16,28,40,47,47,47,47,6,47,47,37,37,37,37,37,37,37,37,37,37,37,37,50,50,50],"items_purged":[],"gold":56,"score":867,"play_id":"747204dd-f0f6-416f-9f92-01a739b9e855","local_time":"20180410185604","is_prod":false,"is_daily":false,"is_ascension_mode":false,"campfire_upgraded":6,"timestamp":1523400964,"path_taken":["M","?","M","$","?","R","?","?","T","R","E","R","?","?","R","BOSS","M","$","?","?","M","E","?","?","T","R","?","E","R","E","R","BOSS","M","?","?","M","?","R","?","$","T","?","?","R","$","M","R","BOSS"],"build_version":"2018-04-05v2","purchased_purges":1,"victory":true,"master_deck":["Bash+1","Headbutt","Pummel+1","Havoc","Whirlwind+1","Flex","Reaper","Spot Weakness","True Grit","Flex+1","Ghostly Armor","Havoc","Heavy Blade+1","Seeing Red","Flex+1","Ghostly","Ghostly","Ghostly+1","Ghostly","Ghostly","Shockwave","Battle Trance","Exhume+1","True Grit+1","Finesse","Flash of Steel","Master of Strategy","Shrug It Off","Inflame"],"max_hp_per_floor":[80,80,80,80,80,80,80,80,80,80,80,80,80,80,80,80,80,80,80,80,40,40,40,40,40,40,40,40,47,47,47,47,47,47,47,47,47,47,47,47,47,47,47,47,47,47,47,50,50,50],"relics":["White Beast Statue","Pen Nib","Tiny Chest","Dodecahedron","Juzu Bracelet","Ancient Tea Set","Pandora\u0027s Box","Oddly Smooth Stone","Nilry\u0027s Codex","Orichalcum","Strawberry","Peace Pipe","Sozu","Bag of Preparation","Bird Faced Urn","Bag of Marbles","War Paint","Thread and Needle","Ginger","Lantern"],"card_choices":[{"not_picked":["Sword Boomerang","Thunderclap"],"picked":"Headbutt","floor":1},{"not_picked":["Fire Breathing","Rage"],"picked":"Havoc","floor":11},{"not_picked":["Barricade","Offering"],"picked":"Reaper","floor":16},{"not_picked":["Shockwave","Sword Boomerang"],"picked":"Seeing Red","floor":18},{"not_picked":["Body Slam","Headbutt"],"picked":"Shockwave","floor":22},{"not_picked":["Sword Boomerang","Barricade"],"picked":"Battle Trance","floor":29},{"not_picked":["Bludgeon","Reaper"],"picked":"Exhume","floor":33},{"not_picked":["Cleave","Anger"],"picked":"True Grit","floor":35},{"not_picked":["Swift Strike","Master of Strategy"],"picked":"Finesse","floor":36},{"not_picked":["Jack Of All Trades","Mind Blast"],"picked":"Flash of Steel","floor":36},{"not_picked":["Transmutation","Good Instincts"],"picked":"Master of Strategy","floor":36}],"player_experience":266354,"potions_floor_usage":[22,23,29,29,31,33,50,50],"damage_taken":[{"damage":2,"enemies":"2 Louse","floor":1,"turns":4},{"damage":1,"enemies":"Jaw Worm","floor":3,"turns":3},{"damage":4,"enemies":"Small Slimes","floor":8,"turns":3},{"damage":14,"enemies":"Gremlin Nob","floor":11,"turns":3},{"damage":1,"enemies":"Slime Boss","floor":16,"turns":5},{"damage":0,"enemies":"Chosen","floor":18,"turns":2},{"damage":0,"enemies":"Shell Parasite","floor":22,"turns":3},{"damage":17,"enemies":"Book of Stabbing","floor":23,"turns":7},{"damage":0,"enemies":"Slavers","floor":29,"turns":2},{"damage":0,"enemies":"Book of Stabbing","floor":31,"turns":5},{"damage":59,"enemies":"Automaton","floor":33,"turns":10},{"damage":0,"enemies":"3 Darklings","floor":35,"turns":2},{"damage":0,"enemies":"Orb Walker","floor":38,"turns":4},{"damage":0,"enemies":"Sphere and 2 Shapes","floor":48,"turns":5},{"damage":0,"enemies":"Awakened One","floor":50,"turns":9}],"event_choices":[{"event_name":"World of Goop","player_choice":"Gather Gold","floor":2,"damage_taken":0},{"event_name":"Scrap Ooze","player_choice":"success","floor":5,"damage_taken":18},{"event_name":"Living Wall","player_choice":"Forget","floor":7,"damage_taken":0},{"event_name":"Drug Dealer","player_choice":"Ignored","floor":20,"damage_taken":0},{"event_name":"Ghosts","player_choice":"Became a Ghost","floor":21,"damage_taken":0},{"event_name":"Cursed Tome","player_choice":"Obtained Book","floor":24,"damage_taken":0},{"event_name":"The Woman in Blue","player_choice":"Bought 0 Potions","floor":25,"damage_taken":0},{"event_name":"The Library","player_choice":"Heal","floor":28,"damage_taken":0},{"event_name":"SensoryStone","player_choice":"Memory 3","floor":36,"damage_taken":0}],"boss_relics":[{"not_picked":["Runic Pyramid","Mark of Pain"],"picked":"Pandora\u0027s Box"},{"not_picked":["Lizard Tail","Black Star"],"picked":"Sozu"}],"potions_floor_spawned":[1,3,8,11,16,18,22,23,29,31,33,35,38,48],"seed_played":"-2885932247113352541","ascension_level":0,"is_trial":false}