{"path_per_floor":["M","?","$","M","?","E","?","R","T","R","M","E","$","M","R","B",null,"M","$","M","M","?","R","E","M","T","?","E","M","$","M","R","B",null,"M","T","?","M","M","R","M","$","T","?","M","$","T","M","R","B"],"character_chosen":"IRONCLAD","items_purchased":["Flash of Steel"],"gold_per_floor":[109,209,134,148,148,180,180,180,180,180,199,233,37,47,47,146,146,158,33,51,71,71,71,103,119,173,173,201,217,67,85,85,183,183,198,198,198,214,225,225,236,61,61,61,72,72,99,115,115,115],"floor_reached":51,"campfire_rested":0,"playtime":2441,"current_hp_per_floor":[80,80,80,80,73,79,63,63,70,70,72,67,67,73,73,79,87,83,83,87,62,62,62,61,64,64,64,68,74,74,59,59,38,87,79,79,79,80,67,67,77,77,77,77,87,87,87,87,87,87],"items_purged":["Strike_R","Strike_R","Strike_R","Strike_R","Defend_R"],"gold":115,"score":997,"play_id":"377f386a-aaad-45ab-a2a3-68f4a4d32d39","local_time":"20180407111109","is_prod":false,"is_daily":false,"is_ascension_mode":false,"campfire_upgraded":4,"timestamp":1523117469,"path_taken":["M","?","$","M","?","E","?","R","T","R","M","E","?","?","R","BOSS","M","$","M","M","?","R","E","M","T","?","E","M","$","M","R","BOSS","M","?","?","M","M","R","?","$","T","?","M","$","?","M","R","BOSS"],"build_version":"2018-04-05v2","purchased_purges":5,"victory":true,"master_deck":["Strike_R+1","Defend_R+1","Bash+1","Flash of Steel+1","Dual Wield+1","Rage"],"max_hp_per_floor":[80,80,80,80,80,80,80,80,87,87,87,87,87,87,87,87,87,87,87,87,87,87,87,87,87,87,87,87,87,87,87,87,87,87,87,87,87,87,87,87,87,87,87,87,87,87,87,87,87,87],"relics":["Black Blood","NeowsBlessing","Ice Cream","Strawberry","Shovel","Paper Frog","Tiny Chest","Pen Nib","Dream Catcher","Sozu","Bird Faced Urn","Bag of Preparation","Kunai","Whetstone","Molten Egg 2"],"card_choices":[{"not_picked":["Pummel","Heavy Blade"],"picked":"Dual Wield","floor":14},{"not_picked":["Heavy Blade","Havoc"],"picked":"Rage","floor":18}],"player_experience":426951,"potions_floor_usage":[16,21,33],"damage_taken":[{"damage":0,"enemies":"Jaw Worm","floor":1,"turns":1},{"damage":0,"enemies":"Cultist","floor":4,"turns":1},{"damage":0,"enemies":"Gremlin Nob","floor":6,"turns":1},{"damage":4,"enemies":"Small Slimes","floor":11,"turns":4},{"damage":11,"enemies":"3 Sentries","floor":12,"turns":10},{"damage":0,"enemies":"2 Fungi Beasts","floor":14,"turns":4},{"damage":0,"enemies":"Slime Boss","floor":16,"turns":8},{"damage":14,"enemies":"Spheric Guardian","floor":18,"turns":5},{"damage":0,"enemies":"Chosen","floor":20,"turns":4},{"damage":35,"enemies":"3 Cultists","floor":21,"turns":8},{"damage":11,"enemies":"Gremlin Leader","floor":24,"turns":6},{"damage":7,"enemies":"Centurion and Healer","floor":25,"turns":4},{"damage":6,"enemies":"Book of Stabbing","floor":28,"turns":5},{"damage":4,"enemies":"Snecko","floor":29,"turns":4},{"damage":25,"enemies":"Snake Plant","floor":31,"turns":6},{"damage":31,"enemies":"Automaton","floor":33,"turns":9},{"damage":18,"enemies":"3 Darklings","floor":35,"turns":4},{"damage":9,"enemies":"3 Shapes","floor":38,"turns":3},{"damage":23,"enemies":"Maw","floor":39,"turns":7},{"damage":0,"enemies":"4 Shapes","floor":41,"turns":1},{"damage":0,"enemies":"3 Darklings","floor":45,"turns":1},{"damage":0,"enemies":"Maw","floor":48,"turns":1},{"damage":0,"enemies":"Donu and Deca","floor":50,"turns":1}],"event_choices":[{"event_name":"Golden Shrine","player_choice":"Pray","floor":2,"damage_taken":0},{"event_name":"Golden Wing","player_choice":"Card Removal","floor":5,"damage_taken":0},{"event_name":"Shining Light","player_choice":"Entered Light","floor":7,"damage_taken":0},{"event_name":"Beggar","player_choice":"Ignored","floor":22,"damage_taken":0},{"event_name":"Match and Keep!","player_choice":"0 cards matched","floor":27,"damage_taken":0},{"event_name":"The Lab","player_choice":"Got Potions","floor":37,"damage_taken":0}],"boss_relics":[{"not_picked":["Ectoplasm","Runic Pyramid"],"picked":"Black Blood"},{"not_picked":["Runic Cube","Philosopher\u0027s Stone"],"picked":"Sozu"}],"potions_floor_spawned":[1,12,14,20,21,24,33,39,41,45,48],"seed_played":"-3881115862863194678","ascension_level":0,"is_trial":false}