{"path_per_floor":["M","$","?","M","?","R","E","R","T","$","E","?","?","M","R","B",null,"M","M","$","M","M","R","E","M","T","R","?","R","T","M","R"],"character_chosen":"IRONCLAD","items_purchased":["True Grit","Armaments","Clothesline","Master of Strategy"],"gold_per_floor":[118,51,51,61,61,61,87,87,140,39,66,88,138,152,152,225,225,235,252,43,54,65,65,93,113,184,184,184,184,184,199,199,199],"floor_reached":33,"campfire_rested":3,"playtime":1194,"current_hp_per_floor":[64,64,64,70,75,75,43,43,43,43,45,48,48,53,53,41,70,63,65,65,67,33,65,42,11,11,43,43,53,53,13,47,0],"items_purged":["Strike_R"],"gold":199,"score":478,"play_id":"9737d940-b2fa-45bb-9cd1-36d25f9f505d","local_time":"20180417020245","is_prod":false,"is_daily":false,"chose_seed":false,"is_ascension_mode":true,"campfire_upgraded":4,"timestamp":1523923365,"path_taken":["M","$","?","?","?","R","E","R","T","$","E","?","?","M","R","BOSS","M","M","$","M","M","R","E","M","T","R","?","R","?","M","R","BOSS"],"build_version":"2018-04-12","seed_source_timestamp":52198465280317,"purchased_purges":1,"victory":false,"master_deck":["Strike_R","Strike_R","Defend_R","Defend_R","Defend_R","Defend_R","Bash","AscendersBane","Clash","True Grit+1","Armaments+1","Clash","Fiend Fire+1","Clothesline","Second Wind","Shrug It Off","Metallicize","Immolate","Rampage+1","Master of Strategy","Feel No Pain+1","Sever Soul","Evolve","Reckless Charge","Flex"],"max_hp_per_floor":[75,75,75,75,80,80,80,80,80,80,80,80,80,80,80,80,80,80,80,80,80,80,80,80,80,80,80,80,80,80,80,80,80],"relics":["Burning Blood","Charon\u0027s Ashes","Orichalcum","Dream Catcher","Odd Mushroom","Eternal Feather","Blood Vial","Kunai","Peace Pipe"],"card_choices":[{"not_picked":["Perfected Strike","Clothesline"],"picked":"Clash","floor":1},{"not_picked":["Rage","Shrug It Off"],"picked":"Clash","floor":4},{"not_picked":["Heavy Blade","Havoc"],"picked":"Fiend Fire","floor":7},{"not_picked":["Combust","Sever Soul"],"picked":"Second Wind","floor":11},{"not_picked":["Armaments","Searing Blow"],"picked":"Shrug It Off","floor":12},{"not_picked":["Iron Wave","Shrug It Off"],"picked":"Metallicize","floor":14},{"not_picked":["Berserk","Impervious"],"picked":"Immolate","floor":16},{"not_picked":["Pommel Strike","Rage"],"picked":"Rampage","floor":18},{"not_picked":["Second Wind","Armaments"],"picked":"Feel No Pain","floor":22},{"not_picked":["Sword Boomerang","Brutality"],"picked":"Sever Soul","floor":24},{"not_picked":["True Grit","Shrug It Off"],"picked":"Evolve","floor":25},{"not_picked":["Body Slam","Uppercut"],"picked":"Reckless Charge","floor":27}],"player_experience":421586,"potions_floor_usage":[7,11,11,19,21,24,25,25,33],"damage_taken":[{"damage":10,"enemies":"2 Louse","floor":1,"turns":4},{"damage":0,"enemies":"Cultist","floor":4,"turns":5},{"damage":38,"enemies":"Gremlin Nob","floor":7,"turns":5},{"damage":4,"enemies":"Lagavulin","floor":11,"turns":6},{"damage":3,"enemies":"The Mushroom Lair","floor":12,"turns":3},{"damage":1,"enemies":"Small Slimes","floor":14,"turns":3},{"damage":18,"enemies":"Slime Boss","floor":16,"turns":11},{"damage":13,"enemies":"Spheric Guardian","floor":18,"turns":4},{"damage":4,"enemies":"2 Thieves","floor":19,"turns":3},{"damage":4,"enemies":"Snake Plant","floor":21,"turns":4},{"damage":40,"enemies":"Sentry and Sphere","floor":22,"turns":6},{"damage":29,"enemies":"Slavers","floor":24,"turns":6},{"damage":39,"enemies":"Slaver and Parasite","floor":25,"turns":12},{"damage":48,"enemies":"Snake Plant","floor":31,"turns":5},{"damage":50,"enemies":"Collector","floor":33,"turns":6}],"event_choices":[{"event_name":"Purifier","player_choice":"One Purge","floor":3,"damage_taken":0},{"event_name":"Big Fish","player_choice":"Donut","floor":5,"damage_taken":0},{"event_name":"Mushrooms","player_choice":"Fought Mushrooms","floor":12,"damage_taken":0},{"event_name":"Golden Shrine","player_choice":"Pray","floor":13,"damage_taken":0},{"event_name":"Transmorgrifier","player_choice":"Transform","floor":28,"damage_taken":0}],"boss_relics":[{"not_picked":["Runic Cube","Black Star"],"picked":"Eternal Feather"}],"potions_floor_spawned":[11,14,16,19,22,31],"seed_played":"-4064868818544163842","killed_by":"Collector","ascension_level":15,"is_trial":false}