{"path_per_floor":["M","?","?","?","M","E","R","?","T","R","M","M","M","M","R","B",null,"M","?","?","$","M"],"character_chosen":"IRONCLAD","items_purchased":["Evolve"],"gold_per_floor":[110,110,110,110,128,154,154,229,229,229,242,253,264,284,284,388,418,438,438,418,261,273,273],"floor_reached":23,"campfire_rested":0,"playtime":904,"current_hp_per_floor":[78,78,71,71,77,80,80,69,69,69,77,80,80,80,80,18,70,54,54,54,54,65,0],"items_purged":["Strike_R"],"gold":273,"score":335,"play_id":"ba1d4036-f459-4691-8e1d-acf163cb2f65","local_time":"20180407232200","is_prod":false,"is_daily":false,"is_ascension_mode":true,"campfire_upgraded":3,"timestamp":1523157720,"path_taken":["M","?","?","?","M","E","R","?","T","R","M","M","M","M","R","BOSS","M","?","?","$","M","E"],"build_version":"2018-04-05v2","purchased_purges":1,"victory":false,"master_deck":["Strike_R","Strike_R","Defend_R","Defend_R","Defend_R","Defend_R","Bash","AscendersBane","Twin Strike","Power Through","Shrug It Off+1","Body Slam+1","Seeing Red+1","Shrug It Off+1","Immolate","Body Slam","Evolve"],"max_hp_per_floor":[80,80,80,80,80,80,80,80,80,80,80,80,80,80,80,80,85,85,85,85,85,85,85],"relics":["Burning Blood","NeowsBlessing","Regal Pillow","Magic Flower","Tiny House"],"card_choices":[{"not_picked":["Thunderclap","Havoc"],"picked":"Twin Strike","floor":1},{"not_picked":["Iron Wave","Clothesline"],"picked":"Shrug It Off","floor":5},{"not_picked":["Impervious","Inflame"],"picked":"Body Slam","floor":6},{"not_picked":["Flex","Corruption"],"picked":"Seeing Red","floor":12},{"not_picked":["Sever Soul","Sword Boomerang"],"picked":"Shrug It Off","floor":13},{"not_picked":["Exhume","Bludgeon"],"picked":"Immolate","floor":16},{"not_picked":["Sword Boomerang","Twin Strike"],"picked":"Body Slam","floor":17}],"player_experience":508958,"potions_floor_usage":[14,18,22,23,23],"damage_taken":[{"damage":0,"enemies":"2 Louse","floor":1,"turns":1},{"damage":0,"enemies":"Jaw Worm","floor":5,"turns":1},{"damage":0,"enemies":"Gremlin Nob","floor":6,"turns":1},{"damage":1,"enemies":"Small Slimes","floor":11,"turns":4},{"damage":3,"enemies":"Blue Slaver","floor":12,"turns":4},{"damage":0,"enemies":"Looter","floor":13,"turns":2},{"damage":8,"enemies":"Exordium Thugs","floor":14,"turns":5},{"damage":71,"enemies":"The Guardian","floor":16,"turns":20},{"damage":25,"enemies":"Chosen","floor":18,"turns":7},{"damage":18,"enemies":"3 Byrds","floor":22,"turns":7},{"damage":68,"enemies":"Book of Stabbing","floor":23,"turns":8}],"event_choices":[{"event_name":"Liars Game","player_choice":"disagreed","floor":2,"damage_taken":0},{"event_name":"Golden Wing","player_choice":"Card Removal","floor":3,"damage_taken":0},{"event_name":"Living Wall","player_choice":"Change","floor":4,"damage_taken":0},{"event_name":"World of Goop","player_choice":"Gather Gold","floor":8,"damage_taken":0},{"event_name":"Duplicator","player_choice":"Ignored","floor":19,"damage_taken":0},{"event_name":"The Woman in Blue","player_choice":"Bought 1 Potion","floor":20,"damage_taken":0}],"boss_relics":[{"not_picked":["Lizard Tail","Calling Bell"],"picked":"Tiny House"}],"potions_floor_spawned":[6,11,12,14,22],"seed_played":"-5500688308110303543","killed_by":"Book of Stabbing","ascension_level":11,"is_trial":false}