{"path_per_floor":["M","M","?","?","M","R","E","M","T","R","?","E","$","M","R","B",null,"M","M","M","$","?","$","M","E","T","M","R","M","R","M","R","B",null,"M","$","?","?","M","R","M","R","T","R","M","R","E","?","R","B"],"character_chosen":"IRONCLAD","items_purchased":["Dropkick","Blood Vial","Dropkick"],"gold_per_floor":[16,32,32,32,47,47,373,383,437,437,387,419,119,132,132,237,237,257,268,278,178,178,53,73,100,100,116,116,128,128,140,140,239,269,283,56,101,101,118,118,130,130,130,130,145,145,170,0,0,0],"floor_reached":51,"campfire_rested":0,"playtime":2085,"current_hp_per_floor":[78,80,80,64,68,68,47,47,47,47,47,35,35,27,27,13,80,79,80,80,80,40,40,40,40,40,40,40,40,40,40,40,14,45,45,45,45,39,45,45,45,45,45,45,45,45,45,45,45,37],"items_purged":["Defend_R","Strike_R","Strike_R","Strike_R"],"gold":0,"score":783,"play_id":"f03ac027-7918-4cbe-a6ff-1ed33a3bdd10","local_time":"20180408005239","is_prod":false,"is_daily":false,"is_ascension_mode":false,"campfire_upgraded":10,"timestamp":1523170359,"path_taken":["M","M","?","?","M","R","E","?","T","R","?","E","$","M","R","BOSS","M","M","M","$","?","$","M","E","T","M","R","M","R","M","R","BOSS","M","$","?","?","?","R","M","R","T","R","?","R","E","?","R","BOSS"],"build_version":"2018-04-05v2","purchased_purges":4,"victory":true,"master_deck":["Strike_R+1","Defend_R+1","Bash+1","Shrug It Off+1","Thunderclap","Offering+1","Inflame+1","Dropkick","Whirlwind+1","Reaper","Headbutt+1","Clash+1","Ghostly+1","Ghostly+1","Ghostly","Ghostly","Ghostly+1","Battle Trance+1","Dropkick","Disarm+1","Madness+1","Madness","Seeing Red+1","Flex+1","Flame Barrier+1"],"max_hp_per_floor":[80,80,80,80,80,80,80,80,80,80,80,80,80,80,80,80,80,80,80,80,80,40,40,40,40,40,40,40,40,40,40,40,40,45,45,45,45,45,45,45,45,45,45,45,45,45,45,45,45,45],"relics":["Burning Blood","Sundial","Old Coin","Ancient Tea Set","Peace Pipe","Blood Vial","Velvet Choker","Pantograph","Thread and Needle","Tiny House","Unceasing Top","Du-Vu Doll","Ice Cream","Red Mask"],"card_choices":[{"not_picked":["True Grit","Reckless Charge"],"picked":"Shrug It Off","floor":1.0},{"not_picked":["Hemokinesis","Headbutt"],"picked":"Thunderclap","floor":2.0},{"not_picked":["Intimidate","Hemokinesis"],"picked":"Offering","floor":7.0},{"not_picked":["Offering","Anger"],"picked":"Inflame","floor":12.0},{"not_picked":["Entrench","Wild Strike"],"picked":"Whirlwind","floor":14.0},{"not_picked":["Barricade","Immolate"],"picked":"Reaper","floor":16.0},{"not_picked":["Perfected Strike","Ghostly Armor"],"picked":"Headbutt","floor":18.0},{"not_picked":["Clothesline","Seeing Red"],"picked":"Clash","floor":19.0},{"not_picked":["Searing Blow","Armaments"],"picked":"Battle Trance","floor":31.0},{"not_picked":["Infernal Blade","Metallicize"],"picked":"Disarm","floor":37},{"not_picked":["Wild Strike","Rampage"],"picked":"Seeing Red","floor":39},{"not_picked":["Clash","Warcry"],"picked":"Flex","floor":45},{"not_picked":["Feel No Pain","Rage"],"picked":"Flame Barrier","floor":47}],"player_experience":615256,"potions_floor_usage":[50,50,50],"damage_taken":[{"damage":8.0,"enemies":"2 Louse","floor":1.0,"turns":4.0},{"damage":2.0,"enemies":"Jaw Worm","floor":2.0,"turns":5.0},{"damage":2.0,"enemies":"Small Slimes","floor":5.0,"turns":4.0},{"damage":27.0,"enemies":"Gremlin Nob","floor":7.0,"turns":4.0},{"damage":6.0,"enemies":"Looter","floor":8.0,"turns":2.0},{"damage":18.0,"enemies":"Lagavulin","floor":12.0,"turns":5.0},{"damage":16.0,"enemies":"Lots of Slimes","floor":14.0,"turns":3.0},{"damage":22.0,"enemies":"The Guardian","floor":16.0,"turns":8.0},{"damage":16.0,"enemies":"Shell Parasite","floor":18.0,"turns":3.0},{"damage":13.0,"enemies":"2 Thieves","floor":19.0,"turns":2.0},{"damage":6.0,"enemies":"Cultist and Chosen","floor":20.0,"turns":3.0},{"damage":7.0,"enemies":"3 Cultists","floor":24.0,"turns":4.0},{"damage":9.0,"enemies":"Slavers","floor":25.0,"turns":5.0},{"damage":1.0,"enemies":"Snake Plant","floor":27.0,"turns":4.0},{"damage":1.0,"enemies":"Centurion and Healer","floor":29.0,"turns":3.0},{"damage":6.0,"enemies":"Slaver and Parasite","floor":31.0,"turns":5.0},{"damage":33,"enemies":"Collector","floor":33,"turns":8},{"damage":4,"enemies":"3 Shapes","floor":35,"turns":5},{"damage":1,"enemies":"Mysterious Sphere","floor":37,"turns":3},{"damage":1,"enemies":"3 Darklings","floor":39,"turns":4},{"damage":2,"enemies":"4 Shapes","floor":41,"turns":2},{"damage":1,"enemies":"Maw","floor":45,"turns":6},{"damage":4,"enemies":"Nemesis","floor":47,"turns":7},{"damage":24,"enemies":"Time Eater","floor":50,"turns":9}],"event_choices":[{"event_name":"Living Wall","player_choice":"Forget","floor":3.0,"damage_taken":0.0},{"event_name":"Shining Light","player_choice":"Entered Light","floor":4.0,"damage_taken":0.0},{"event_name":"The Cleric","player_choice":"Card Removal","floor":11.0,"damage_taken":0.0},{"event_name":"Ghosts","player_choice":"Became a Ghost","floor":22.0,"damage_taken":0.0},{"event_name":"Mysterious Sphere","player_choice":"Fight","floor":37,"damage_taken":0},{"event_name":"Winding Halls","player_choice":"Embrace Madness","floor":38,"damage_taken":0},{"event_name":"Tomb of Lord Red Mask","player_choice":"Paid","floor":48,"damage_taken":0}],"boss_relics":[{"not_picked":["Calling Bell","Black Star"],"picked":"Tiny House"}],"potions_floor_spawned":[2,7,14,20,24,27,29,35,37,45,47],"seed_played":"9063993728761408183","ascension_level":0,"is_trial":false}