{"path_per_floor":["M","?","?","M","?","R","E","M","T","?","M","$","R","M","R","B",null,"M","M","?","?"],"character_chosen":"IRONCLAD","items_purchased":["Oddly Smooth Stone","Apotheosis"],"gold_per_floor":[149,149,149,165,165,165,206,220,289,341,360,16,16,40,40,164,164,155,174,99,14,14],"floor_reached":22,"campfire_rested":2,"playtime":654,"current_hp_per_floor":[68,68,61,49,49,49,21,17,17,17,6,6,29,23,46,14,63,40,19,19,19,0],"items_purged":[],"gold":14,"score":294,"play_id":"dd080373-1ad4-4441-9468-cf739a4fa275","local_time":"20180414120212","is_prod":false,"is_daily":false,"chose_seed":false,"is_ascension_mode":true,"campfire_upgraded":1,"timestamp":1523721732,"path_taken":["M","?","?","M","?","R","E","M","T","?","?","$","R","M","R","BOSS","M","?","?","?","M"],"build_version":"2018-04-12","seed_source_timestamp":308495942867090,"purchased_purges":0,"victory":false,"master_deck":["Strike_R","Strike_R+1","Strike_R","Strike_R","Defend_R","Defend_R","Defend_R","Defend_R","Bash+1","AscendersBane","Headbutt","Thunderclap","Shockwave","Battle Trance","Apotheosis","Dropkick","Demon Form","Ghostly Armor"],"max_hp_per_floor":[85,85,85,85,79,79,79,79,79,79,79,79,79,79,79,79,79,79,79,79,79,79],"relics":["Tiny House","Lantern","Golden Idol","Bag of Marbles","Matryoshka","Oddly Smooth Stone","Velvet Choker","Juzu Bracelet"],"card_choices":[{"not_picked":["Body Slam","Twin Strike"],"picked":"Headbutt","floor":0},{"not_picked":["Sword Boomerang","Carnage"],"picked":"Thunderclap","floor":4},{"not_picked":["Body Slam","Flex"],"picked":"Shockwave","floor":7},{"not_picked":["Berserk","Pommel Strike"],"picked":"Battle Trance","floor":11},{"not_picked":["Flame Barrier","Clothesline"],"picked":"Dropkick","floor":14},{"not_picked":["Double Tap","Juggernaut"],"picked":"Demon Form","floor":16},{"not_picked":["Intimidate","Sword Boomerang"],"picked":"Ghostly Armor","floor":18}],"player_experience":284659,"potions_floor_usage":[7,7,18],"damage_taken":[{"damage":9,"enemies":"Small Slimes","floor":1,"turns":3},{"damage":12,"enemies":"Jaw Worm","floor":4,"turns":2},{"damage":28,"enemies":"3 Sentries","floor":7,"turns":10},{"damage":4,"enemies":"Cultist","floor":8,"turns":3},{"damage":11,"enemies":"Blue Slaver","floor":11,"turns":3},{"damage":6,"enemies":"2 Fungi Beasts","floor":14,"turns":3},{"damage":32,"enemies":"Hexaghost","floor":16,"turns":9},{"damage":23,"enemies":"2 Thieves","floor":18,"turns":4},{"damage":21,"enemies":"3 Byrds","floor":19,"turns":6},{"damage":24,"enemies":"Snake Plant","floor":22,"turns":3}],"event_choices":[{"event_name":"Liars Game","player_choice":"disagreed","floor":2,"damage_taken":0},{"event_name":"Scrap Ooze","player_choice":"success","floor":3,"damage_taken":7},{"event_name":"Golden Idol","player_choice":"Lose Max HP","floor":5,"damage_taken":0},{"event_name":"Golden Wing","player_choice":"Gained Gold","floor":10,"damage_taken":0},{"event_name":"Beggar","player_choice":"Gave Gold","floor":20,"damage_taken":0},{"event_name":"Addict","player_choice":"Obtained Relic","floor":21,"damage_taken":0}],"boss_relics":[{"not_picked":["Runic Cube","Lizard Tail"],"picked":"Velvet Choker"}],"potions_floor_spawned":[4,11],"seed_played":"-8101640134606641689","killed_by":"Snake Plant","ascension_level":12,"is_trial":false}