{"path_per_floor":["M","M","$","?","?","R","E","$","T","E","R","?","E","?","R","B",null,"M","$","?","M","M","R","E","?","T","M","R","M","E","M","R"],"character_chosen":"IRONCLAD","items_purchased":["Whirlwind","Shrug It Off","Vajra"],"gold_per_floor":[114,125,16,91,91,91,124,72,96,123,123,123,158,158,158,262,262,280,25,25,43,54,54,82,82,107,121,121,136,167,186,186,186],"floor_reached":33,"campfire_rested":3,"playtime":940,"current_hp_per_floor":[72,72,72,61,80,80,77,77,77,79,79,63,62,62,84,72,81,74,74,74,76,65,65,22,22,22,5,34,36,12,13,42,0],"items_purged":["Strike_R","Corruption"],"gold":186,"score":514,"play_id":"62e7ff22-c3b7-490e-884c-29bc4d15716d","local_time":"20180406200747","is_prod":false,"is_daily":false,"is_ascension_mode":true,"campfire_upgraded":3,"timestamp":1523059667,"path_taken":["M","M","?","?","?","R","E","$","T","E","R","?","E","?","R","BOSS","M","$","?","M","M","R","E","?","T","M","R","M","E","M","R","BOSS"],"build_version":"2018-04-05v2","purchased_purges":2,"victory":false,"master_deck":["Strike_R+1","Defend_R","Defend_R","Defend_R","Bash+1","AscendersBane","Ghostly Armor","Uppercut+1","Whirlwind+1","Flex+1","Shrug It Off+1","Feed+1","Second Wind+1","Carnage+1","Flex+1","Offering","Shockwave+1"],"max_hp_per_floor":[80,80,80,80,80,80,80,80,80,82,82,82,84,84,84,84,84,84,84,84,86,88,88,90,90,90,92,94,96,96,98,98,98],"relics":["Runic Dome","Singing Bowl","Omamori","Whetstone","Juzu Bracelet","Astrolabe","Vajra","Dream Catcher","Anchor","Letter Opener"],"card_choices":[{"not_picked":["Havoc","Entrench"],"picked":"Ghostly Armor","floor":1},{"not_picked":["Havoc","Pommel Strike"],"picked":"Uppercut","floor":2},{"not_picked":["Heavy Blade","Power Through"],"picked":"Flex","floor":7},{"not_picked":["Berserk","Brutality"],"picked":"Feed","floor":16},{"not_picked":["Blood for Blood","Seeing Red"],"picked":"Flex","floor":18},{"not_picked":["Thunderclap","Bloodletting"],"picked":"Offering","floor":30},{"not_picked":["Sword Boomerang","Twin Strike"],"picked":"Shockwave","floor":32}],"player_experience":214562,"potions_floor_usage":[24,24,24,27,30],"damage_taken":[{"damage":0,"enemies":"Cultist","floor":1,"turns":4},{"damage":0,"enemies":"Small Slimes","floor":2,"turns":3},{"damage":3,"enemies":"Gremlin Nob","floor":7,"turns":3},{"damage":0,"enemies":"3 Sentries","floor":10,"turns":1},{"damage":3,"enemies":"Gremlin Nob","floor":13,"turns":3},{"damage":12,"enemies":"The Guardian","floor":16,"turns":10},{"damage":7,"enemies":"Spheric Guardian","floor":18,"turns":4},{"damage":0,"enemies":"Chosen","floor":21,"turns":3},{"damage":13,"enemies":"Snecko","floor":22,"turns":4},{"damage":57,"enemies":"Gremlin Leader","floor":24,"turns":6},{"damage":19,"enemies":"Sentry and Sphere","floor":27,"turns":4},{"damage":0,"enemies":"3 Cultists","floor":29,"turns":2},{"damage":24,"enemies":"Book of Stabbing","floor":30,"turns":5},{"damage":1,"enemies":"Snake Plant","floor":31,"turns":3},{"damage":59,"enemies":"Champ","floor":33,"turns":8}],"event_choices":[{"event_name":"World of Goop","player_choice":"Gather Gold","floor":4,"damage_taken":0},{"event_name":"Big Fish","player_choice":"Banana","floor":5,"damage_taken":0},{"event_name":"Shining Light","player_choice":"Entered Light","floor":12,"damage_taken":0},{"event_name":"Liars Game","player_choice":"disagreed","floor":14,"damage_taken":0},{"event_name":"Back to Basics","player_choice":"Elegance","floor":20,"damage_taken":0},{"event_name":"Forgotten Altar","player_choice":"Smashed Altar","floor":25,"damage_taken":0}],"boss_relics":[{"not_picked":["Eternal Feather","White Beast Statue"],"picked":"Astrolabe"}],"potions_floor_spawned":[2,7,16,21,24,29],"seed_played":"-4207852463014937138","killed_by":"Champ","ascension_level":10,"is_trial":false}