{"path_per_floor":["M","M","M","?","M","R","M","R","T","M","E","R","M","?","R","B",null,"M","?","?","?","M","R","M","R","T","?","R","$","M","M","R"],"character_chosen":"IRONCLAD","items_purchased":["Feel No Pain"],"gold_per_floor":[119,131,144,144,154,154,171,171,171,191,220,220,239,239,239,314,314,299,299,299,299,311,311,321,321,321,236,236,85,101,118,118,118],"floor_reached":33,"campfire_rested":2,"playtime":1100,"current_hp_per_floor":[66,64,67,67,67,67,60,60,60,63,39,39,29,29,51,42,67,49,49,49,49,44,44,41,41,41,41,41,41,29,29,51,0],"items_purged":["Strike_R"],"gold":118,"score":436,"play_id":"fa34e33b-43f7-4948-9f15-c5e67581ccef","local_time":"20180416023257","is_prod":false,"is_daily":false,"chose_seed":false,"is_ascension_mode":true,"campfire_upgraded":6,"timestamp":1523838777,"path_taken":["M","M","M","?","M","R","M","R","T","M","E","R","M","?","R","BOSS","M","?","?","?","M","R","?","R","T","?","R","$","M","M","R","BOSS"],"build_version":"2018-04-12","seed_source_timestamp":56595409094980,"purchased_purges":1,"victory":false,"master_deck":["Strike_R","Strike_R","Strike_R+1","Strike_R","Defend_R","Defend_R","Defend_R","Defend_R","Bash+1","AscendersBane","Clothesline","Reckless Charge+1","Metallicize","Reckless Charge+1","Disarm+1","Offering","Impervious+1","Wild Strike+1","Feel No Pain+1","Battle Trance","Feel No Pain","Headbutt","Seeing Red"],"max_hp_per_floor":[75,75,75,75,75,75,75,75,75,75,75,75,75,75,75,75,75,75,75,75,75,75,75,75,75,75,75,75,75,75,75,75,75],"relics":["Burning Blood","Sundial","Ice Cream","Sozu","Whetstone","Ornamental Fan"],"card_choices":[{"not_picked":["Havoc","Ghostly Armor"],"picked":"Clothesline","floor":1},{"not_picked":["Headbutt","Twin Strike"],"picked":"Reckless Charge","floor":2},{"not_picked":["Shrug It Off","Searing Blow"],"picked":"Metallicize","floor":3},{"not_picked":["Pummel","Fiend Fire"],"picked":"Reckless Charge","floor":5},{"not_picked":["Warcry","Reckless Charge"],"picked":"Disarm","floor":10},{"not_picked":["Body Slam","Havoc"],"picked":"Offering","floor":13},{"not_picked":["Dark Embrace","Feed"],"picked":"Impervious","floor":16},{"not_picked":["Shrug It Off","Cleave"],"picked":"Wild Strike","floor":18},{"not_picked":["Iron Wave","Pommel Strike"],"picked":"Feel No Pain","floor":22},{"not_picked":["Clothesline","Havoc"],"picked":"Battle Trance","floor":24},{"not_picked":["Clothesline","Twin Strike"],"picked":"Headbutt","floor":30},{"not_picked":["Flame Barrier","Armaments"],"picked":"Seeing Red","floor":31}],"player_experience":412176,"potions_floor_usage":[11,11,16,33,33],"damage_taken":[{"damage":8,"enemies":"Jaw Worm","floor":1,"turns":4},{"damage":8,"enemies":"Small Slimes","floor":2,"turns":4},{"damage":3,"enemies":"2 Louse","floor":3,"turns":3},{"damage":6,"enemies":"Looter","floor":5,"turns":4},{"damage":13,"enemies":"Exordium Thugs","floor":7,"turns":6},{"damage":3,"enemies":"Blue Slaver","floor":10,"turns":3},{"damage":30,"enemies":"3 Sentries","floor":11,"turns":7},{"damage":16,"enemies":"3 Louse","floor":13,"turns":2},{"damage":15,"enemies":"Hexaghost","floor":16,"turns":11},{"damage":24,"enemies":"2 Thieves","floor":18,"turns":4},{"damage":11,"enemies":"Chosen","floor":22,"turns":6},{"damage":9,"enemies":"Slaver and Parasite","floor":24,"turns":8},{"damage":18,"enemies":"Sentry and Sphere","floor":30,"turns":8},{"damage":6,"enemies":"Centurion and Healer","floor":31,"turns":5},{"damage":59,"enemies":"Champ","floor":33,"turns":13}],"event_choices":[{"event_name":"Shining Light","player_choice":"Ignored","floor":4,"damage_taken":0},{"event_name":"Scrap Ooze","player_choice":"unsuccessful","floor":14,"damage_taken":0},{"event_name":"Ghosts","player_choice":"Ignored","floor":19,"damage_taken":0},{"event_name":"Drug Dealer","player_choice":"Ignored","floor":20,"damage_taken":0},{"event_name":"Vampires","player_choice":"Ignored","floor":21,"damage_taken":0},{"event_name":"Addict","player_choice":"Obtained Relic","floor":27,"damage_taken":0}],"boss_relics":[{"not_picked":["Runic Pyramid","Tiny House"],"picked":"Sozu"}],"potions_floor_spawned":[3,5,10,13,16,24,31],"seed_played":"4910397069753260706","killed_by":"Champ","ascension_level":15,"is_trial":false}