{"path_per_floor":["M","M","M","$","?","E","R","M","T","M","?","M","?","?","R","B",null,"M","$","M","M"],"character_chosen":"IRONCLAD","items_purchased":["Whetstone","Blood Vial","Havoc"],"gold_per_floor":[114,132,148,2,2,36,36,56,56,69,69,89,89,89,89,186,186,198,23,37,49,49],"floor_reached":22,"campfire_rested":1,"playtime":956,"current_hp_per_floor":[72,72,65,65,65,30,54,54,54,45,38,38,58,40,40,46,72,53,53,34,6,0],"items_purged":[],"gold":49,"score":282,"play_id":"7aa57eda-fe78-4805-8a19-3cbe158770e3","local_time":"20180406210926","is_prod":false,"is_daily":false,"is_ascension_mode":true,"campfire_upgraded":1,"timestamp":1523063366,"path_taken":["M","?","?","$","?","E","R","M","T","M","?","?","?","?","R","BOSS","M","$","?","M","M"],"build_version":"2018-04-05v2","purchased_purges":0,"victory":false,"master_deck":["Strike_R+1","Strike_R+1","Defend_R","Defend_R","Bash","AscendersBane","Cleave","Headbutt","Flex","Armaments+1","Dark Embrace","Shrug It Off","Shockwave","Barricade","Power Through","Shrug It Off","Parasite","Battle Trance+1","Warcry+1","Rampage+1","Entrench+1","Havoc","Warcry","Whirlwind"],"max_hp_per_floor":[80,80,80,80,80,80,80,80,80,80,80,80,80,80,80,80,80,80,80,80,80,80],"relics":["Orrery","Whetstone","Gremlin Horn","Du-Vu Doll","Pantograph","Astrolabe","Blood Vial"],"card_choices":[{"not_picked":["Perfected Strike","Sentinel"],"picked":"Cleave","floor":0},{"not_picked":["Anger","Combust"],"picked":"Headbutt","floor":0},{"not_picked":["Thunderclap","Perfected Strike"],"picked":"Flex","floor":0},{"not_picked":["Clash","Havoc"],"picked":"Armaments","floor":0},{"not_picked":["Sword Boomerang","Hemokinesis"],"picked":"Dark Embrace","floor":1},{"not_picked":["Thunderclap","Cleave"],"picked":"Shrug It Off","floor":2},{"not_picked":["Sever Soul","Havoc"],"picked":"Shockwave","floor":3},{"not_picked":["Headbutt","Hemokinesis"],"picked":"Power Through","floor":6},{"not_picked":["Entrench","Power Through"],"picked":"Shrug It Off","floor":12},{"not_picked":["Iron Wave","Havoc"],"picked":"Entrench","floor":18},{"not_picked":["Iron Wave","Metallicize"],"picked":"Warcry","floor":20},{"not_picked":["Uppercut","Perfected Strike"],"picked":"Whirlwind","floor":21}],"player_experience":218182,"potions_floor_usage":[12,16,16],"damage_taken":[{"damage":0,"enemies":"Cultist","floor":1,"turns":3},{"damage":0,"enemies":"2 Louse","floor":2,"turns":4},{"damage":7,"enemies":"Small Slimes","floor":3,"turns":4},{"damage":35,"enemies":"Gremlin Nob","floor":6,"turns":5},{"damage":0,"enemies":"3 Louse","floor":8,"turns":3},{"damage":9,"enemies":"Blue Slaver","floor":10,"turns":3},{"damage":0,"enemies":"Lots of Slimes","floor":12,"turns":1},{"damage":19,"enemies":"The Guardian","floor":16,"turns":15},{"damage":19,"enemies":"Chosen","floor":18,"turns":6},{"damage":21,"enemies":"Shell Parasite","floor":20,"turns":8},{"damage":30,"enemies":"Snake Plant","floor":21,"turns":5},{"damage":12,"enemies":"Slaver and Parasite","floor":22,"turns":2}],"event_choices":[{"event_name":"Living Wall","player_choice":"Change","floor":5,"damage_taken":0},{"event_name":"Golden Wing","player_choice":"Card Removal","floor":11,"damage_taken":0},{"event_name":"Mushrooms","player_choice":"Healed and dodged fight","floor":13,"damage_taken":0},{"event_name":"Scrap Ooze","player_choice":"success","floor":14,"damage_taken":18}],"boss_relics":[{"not_picked":["Ectoplasm","Philosopher\u0027s Stone"],"picked":"Astrolabe"}],"potions_floor_spawned":[3,10,12],"seed_played":"4365664119319488715","killed_by":"Slaver and Parasite","ascension_level":10,"is_trial":false}