{"path_per_floor":["M","$","?","$","$","E","R","?","T","M","M","R","M","M","R","B",null,"M","?","M","?","M","R"],"character_chosen":"IRONCLAD","items_purchased":["Inflame","Perfected Strike"],"gold_per_floor":[109,31,31,8,8,43,43,43,115,126,145,145,155,168,168,263,263,278,278,295,295,315,315,315],"floor_reached":24,"campfire_rested":2,"playtime":535,"current_hp_per_floor":[75,75,75,75,75,42,42,70,70,69,68,68,49,48,73,13,85,71,71,32,32,15,40,0],"items_purged":[],"gold":315,"score":196,"play_id":"9b829a17-4b6c-4fe6-805a-c81f4ca1ebf5","local_time":"20180409221440","is_prod":false,"is_daily":false,"is_ascension_mode":false,"campfire_upgraded":2,"timestamp":1523326480,"path_taken":["M","$","?","?","$","E","R","?","T","M","?","R","M","M","R","BOSS","M","?","?","?","M","R","E"],"build_version":"2018-04-05v2","purchased_purges":0,"victory":false,"master_deck":["Strike_R","Strike_R+1","Strike_R","Strike_R","Defend_R","Defend_R","Defend_R","Defend_R","Bash","Flex","Inflame+1","Perfected Strike+1","Dual Wield+1","Twin Strike","Pummel","Reaper","Perfected Strike","Shrug It Off+1","Shrug It Off+1"],"max_hp_per_floor":[85,85,85,85,85,85,85,85,85,85,85,85,85,85,85,85,85,85,85,85,85,85,85,85],"relics":["Tiny House","Toxic Egg 2","Philosopher\u0027s Stone","Nloth\u0027s Gift"],"card_choices":[{"not_picked":["Iron Wave","Heavy Blade"],"picked":"Flex","floor":1},{"not_picked":["Body Slam","Sword Boomerang"],"picked":"Dual Wield","floor":6},{"not_picked":["Iron Wave","Clash"],"picked":"Twin Strike","floor":10},{"not_picked":["Anger","Body Slam"],"picked":"Pummel","floor":14},{"not_picked":["Berserk","Brutality"],"picked":"Reaper","floor":16},{"not_picked":["Intimidate","Heavy Blade"],"picked":"Perfected Strike","floor":18},{"not_picked":["Headbutt","Bloodletting"],"picked":"Shrug It Off","floor":20},{"not_picked":["Infernal Blade","Pommel Strike"],"picked":"Shrug It Off","floor":22}],"player_experience":264275,"potions_floor_usage":[14,20,20],"damage_taken":[{"damage":10,"enemies":"Small Slimes","floor":1,"turns":4},{"damage":33,"enemies":"Gremlin Nob","floor":6,"turns":4},{"damage":1,"enemies":"Cultist","floor":10,"turns":3},{"damage":1,"enemies":"2 Louse","floor":11,"turns":2},{"damage":19,"enemies":"Lots of Slimes","floor":13,"turns":4},{"damage":1,"enemies":"Exordium Wildlife","floor":14,"turns":3},{"damage":60,"enemies":"Hexaghost","floor":16,"turns":8},{"damage":14,"enemies":"Shell Parasite","floor":18,"turns":3},{"damage":45,"enemies":"3 Byrds","floor":20,"turns":3},{"damage":21,"enemies":"Snake Plant","floor":22,"turns":4},{"damage":47,"enemies":"Book of Stabbing","floor":24,"turns":3}],"event_choices":[{"event_name":"Purifier","player_choice":"One Purge","floor":3,"damage_taken":0},{"event_name":"Big Fish","player_choice":"Banana","floor":8,"damage_taken":0},{"event_name":"Upgrade Shrine","player_choice":"Upgraded","floor":19,"damage_taken":0},{"event_name":"N\u0027loth","player_choice":"Traded a Ornamental Fan","floor":21,"damage_taken":0}],"boss_relics":[{"not_picked":["Runic Dome","Ectoplasm"],"picked":"Philosopher\u0027s Stone"}],"potions_floor_spawned":[11,13,16,20],"seed_played":"419015971466214822","killed_by":"Book of Stabbing","ascension_level":0,"is_trial":false}