{"path_per_floor":["M","M","?","M","M","R","$","?","T","T","M","M","E","M","R","B",null,"M","?","M","?","$","R","?","M","T"],"character_chosen":"IRONCLAD","items_purchased":["Metallicize","Shrug It Off"],"gold_per_floor":[112,126,126,141,158,158,14,14,14,14,25,40,72,86,86,181,181,192,192,204,204,50,50,50,61,85,85],"floor_reached":27,"campfire_rested":1,"playtime":1126,"current_hp_per_floor":[76,76,76,76,75,75,75,75,75,75,72,71,27,36,36,16,64,38,38,27,27,27,66,66,67,67,0],"items_purged":["Strike_R","Strike_R"],"gold":85,"score":333,"play_id":"db968a15-3442-42d6-94ff-91eb5b08e0ee","local_time":"20180407113220","is_prod":false,"is_daily":false,"is_ascension_mode":true,"campfire_upgraded":2,"timestamp":1523115140,"path_taken":["M","M","?","M","M","R","$","?","T","?","M","M","E","M","R","BOSS","M","?","?","?","?","R","?","M","T","E"],"build_version":"2018-04-05v2","purchased_purges":2,"victory":false,"master_deck":["Strike_R","Strike_R","Strike_R","Defend_R","Defend_R","Defend_R","Defend_R","Bash","AscendersBane","Barricade","Flex","True Grit","Body Slam+1","Metallicize+1","Double Tap","Pommel Strike","Clothesline","Offering","Shrug It Off","Metallicize","Pain"],"max_hp_per_floor":[80,80,80,80,80,80,80,80,80,80,80,80,80,80,80,80,80,80,80,80,80,80,80,80,80,80,80],"relics":["Burning Blood","Gambling Chip","Bird Faced Urn","Regal Pillow","Cursed Key","Art of War","Oddly Smooth Stone"],"card_choices":[{"not_picked":["Armaments","Wild Strike"],"picked":"Barricade","floor":1},{"not_picked":["Hemokinesis","Clash"],"picked":"Flex","floor":2},{"not_picked":["Warcry","Flex"],"picked":"True Grit","floor":4},{"not_picked":["Warcry","Twin Strike"],"picked":"Body Slam","floor":5},{"not_picked":["Flex","Perfected Strike"],"picked":"Double Tap","floor":11},{"not_picked":["Blood for Blood","Searing Blow"],"picked":"Pommel Strike","floor":13},{"not_picked":["Flex","Reaper"],"picked":"Clothesline","floor":14},{"not_picked":["Berserk","Feed"],"picked":"Offering","floor":16},{"not_picked":["Power Through","Feed"],"picked":"Metallicize","floor":25}],"player_experience":499440,"potions_floor_usage":[13,14,25],"damage_taken":[{"damage":2,"enemies":"Jaw Worm","floor":1,"turns":3},{"damage":6,"enemies":"2 Louse","floor":2,"turns":3},{"damage":6,"enemies":"Cultist","floor":4,"turns":3},{"damage":7,"enemies":"Large Slime","floor":5,"turns":8},{"damage":11,"enemies":"Blue Slaver","floor":11,"turns":6},{"damage":9,"enemies":"Exordium Wildlife","floor":12,"turns":5},{"damage":52,"enemies":"Gremlin Nob","floor":13,"turns":6},{"damage":1,"enemies":"2 Fungi Beasts","floor":14,"turns":7},{"damage":30,"enemies":"Slime Boss","floor":16,"turns":19},{"damage":36,"enemies":"Spheric Guardian","floor":18,"turns":7},{"damage":19,"enemies":"3 Byrds","floor":20,"turns":10},{"damage":9,"enemies":"Slaver and Parasite","floor":25,"turns":10},{"damage":77,"enemies":"Slavers","floor":27,"turns":4}],"event_choices":[{"event_name":"Liars Game","player_choice":"disagreed","floor":3,"damage_taken":0},{"event_name":"Match and Keep!","player_choice":"0 cards matched","floor":8,"damage_taken":0},{"event_name":"Vampires","player_choice":"Ignored","floor":19,"damage_taken":0},{"event_name":"The Mausoleum","player_choice":"Yes","floor":21,"damage_taken":0},{"event_name":"Addict","player_choice":"Ignored","floor":24,"damage_taken":0}],"boss_relics":[{"not_picked":["Runic Pyramid","Orrery"],"picked":"Cursed Key"}],"potions_floor_spawned":[12,13,18],"seed_played":"-4584755578413021703","killed_by":"Slavers","ascension_level":11,"is_trial":false}