{"path_per_floor":["M","?","$","M","?","R","?","E","T","M","$","R","E","M","R","B",null,"M","$","?","M","T","M","$","?","T","E","R","?","M","T","R","B",null,"M","M","M","?","?","R","M","R","T","E","$","M","M","M","R","B"],"character_chosen":"IRONCLAD","items_purchased":["Spot Weakness","Regen Potion","True Grit","Warcry"],"gold_per_floor":[20,20,20,30,105,105,105,137,137,148,19,19,51,63,63,161,161,161,38,38,38,38,38,38,38,38,38,38,38,38,38,38,38,38,38,38,38,38,38,38,38,38,38,38,13,13,13,13,13,13],"floor_reached":51,"campfire_rested":2,"playtime":2244,"current_hp_per_floor":[80,80,80,80,69,69,69,39,39,44,44,44,21,32,58,56,87,87,87,87,87,87,59,59,59,59,58,58,58,81,81,81,58,87,67,79,87,87,80,80,87,87,87,76,76,70,57,73,93,93],"items_purged":["Strike_R"],"gold":13,"score":805,"play_id":"bb20dca3-b9c0-461d-b74a-88a91d6d720a","local_time":"20180413223817","is_prod":false,"is_daily":false,"chose_seed":false,"is_ascension_mode":false,"campfire_upgraded":6,"timestamp":1523673497,"path_taken":["M","?","$","M","?","R","?","E","T","?","?","R","E","M","R","BOSS","M","$","?","M","?","M","?","?","T","E","R","?","M","?","R","BOSS","M","?","M","?","?","R","M","R","T","E","$","M","M","?","R","BOSS"],"build_version":"2018-04-12","seed_source_timestamp":258661225362645,"purchased_purges":1,"victory":true,"master_deck":["Strike_R+1","Strike_R+1","Strike_R","Defend_R","Defend_R","Defend_R","Bash+1","Evolve+1","Juggernaut+1","Iron Wave","Power Through","Spot Weakness+1","Reaper","Feel No Pain+1","Offering+1","Dropkick+1","True Grit+1","Rupture+1","Reckless Charge","Inflame+1","Ghostly Armor+1","Barricade+1","Body Slam+1","Burning Pact+1","Warcry+1","Warcry","Havoc","Armaments+1","Clothesline"],"max_hp_per_floor":[80,80,80,80,80,80,87,87,87,87,87,87,87,87,87,87,87,87,87,87,87,87,87,87,87,87,87,87,87,87,87,87,87,87,87,87,87,87,87,87,87,87,87,87,87,90,90,93,93,93],"relics":["Burning Blood","Strawberry","Happy Flower","Whetstone","Bottled Tornado","Ectoplasm","Pen Nib","War Paint","Old Coin","Lantern","Runic Cube","Dead Branch","Mummified Hand","Ancient Tea Set"],"card_choices":[{"not_picked":["Carnage","Clash"],"picked":"Iron Wave","floor":1},{"not_picked":["Dual Wield","Sever Soul"],"picked":"Power Through","floor":10},{"not_picked":["Rupture","Warcry"],"picked":"Reaper","floor":13},{"not_picked":["Havoc","Twin Strike"],"picked":"Feel No Pain","floor":14},{"not_picked":["Dark Embrace","Fiend Fire"],"picked":"Offering","floor":16},{"not_picked":["Headbutt","Hemokinesis"],"picked":"Dropkick","floor":18},{"not_picked":["Wild Strike","Headbutt"],"picked":"Rupture","floor":21},{"not_picked":["Bloodletting","Havoc"],"picked":"Reckless Charge","floor":23},{"not_picked":["Uppercut","Whirlwind"],"picked":"Inflame","floor":27},{"not_picked":["Shrug It Off","Heavy Blade"],"picked":"Ghostly Armor","floor":30},{"not_picked":["Brutality","Exhume"],"picked":"Barricade","floor":33},{"not_picked":["Iron Wave","Seeing Red"],"picked":"Body Slam","floor":39},{"not_picked":["Fire Breathing","Iron Wave"],"picked":"Burning Pact","floor":41},{"not_picked":["Rage","Dark Embrace"],"picked":"Warcry","floor":44},{"not_picked":["Heavy Blade","Twin Strike"],"picked":"Havoc","floor":46},{"not_picked":["Cleave","Perfected Strike"],"picked":"Armaments","floor":47},{"not_picked":["Flex","Sword Boomerang"],"picked":"Clothesline","floor":48}],"player_experience":276795,"potions_floor_usage":[13,14,16,16,27,30,35,39,39,48,50,50],"damage_taken":[{"damage":1,"enemies":"Jaw Worm","floor":1,"turns":5},{"damage":1,"enemies":"2 Louse","floor":4,"turns":3},{"damage":36,"enemies":"3 Sentries","floor":8,"turns":9},{"damage":1,"enemies":"Cultist","floor":10,"turns":3},{"damage":44,"enemies":"Lagavulin","floor":13,"turns":7},{"damage":12,"enemies":"3 Louse","floor":14,"turns":3},{"damage":21,"enemies":"The Guardian","floor":16,"turns":14},{"damage":12,"enemies":"Chosen","floor":18,"turns":4},{"damage":4,"enemies":"Shell Parasite","floor":21,"turns":3},{"damage":34,"enemies":"Snake Plant","floor":23,"turns":5},{"damage":31,"enemies":"Slavers","floor":27,"turns":5},{"damage":18,"enemies":"Centurion and Healer","floor":30,"turns":7},{"damage":39,"enemies":"Champ","floor":33,"turns":9},{"damage":26,"enemies":"3 Darklings","floor":35,"turns":7},{"damage":18,"enemies":"3 Shapes","floor":36,"turns":4},{"damage":9,"enemies":"Maw","floor":37,"turns":6},{"damage":13,"enemies":"Mysterious Sphere","floor":39,"turns":5},{"damage":9,"enemies":"4 Shapes","floor":41,"turns":4},{"damage":17,"enemies":"2 Orb Walkers","floor":44,"turns":3},{"damage":26,"enemies":"Sphere and 2 Shapes","floor":46,"turns":4},{"damage":31,"enemies":"3 Darklings","floor":47,"turns":4},{"damage":9,"enemies":"4 Shapes","floor":48,"turns":4},{"damage":10,"enemies":"Donu and Deca","floor":50,"turns":7}],"event_choices":[{"event_name":"The Cleric","player_choice":"Leave","floor":2,"damage_taken":0},{"event_name":"World of Goop","player_choice":"Gather Gold","floor":5,"damage_taken":0},{"event_name":"Scrap Ooze","player_choice":"success","floor":7,"damage_taken":7},{"event_name":"Addict","player_choice":"Ignored","floor":20,"damage_taken":0},{"event_name":"Golden Shrine","player_choice":"Skipped","floor":25,"damage_taken":0},{"event_name":"Drug Dealer","player_choice":"Ignored","floor":29,"damage_taken":0},{"event_name":"The Lab","player_choice":"Got Potions","floor":38,"damage_taken":0},{"event_name":"Mysterious Sphere","player_choice":"Fight","floor":39,"damage_taken":0}],"boss_relics":[{"not_picked":["White Beast Statue","Snecko Eye"],"picked":"Ectoplasm"},{"not_picked":["Philosopher\u0027s Stone","Eternal Feather"],"picked":"Runic Cube"}],"potions_floor_spawned":[1,4,13,21,27,33,35,36,37,41,47],"seed_played":"4670112309539776893","ascension_level":0,"is_trial":false}