{"path_per_floor":["M","?","$","M","M","R","M","M","T","M","M","$","R","E","R","B",null,"M","M","M","$","M","R","M","R","T","M","?","M"],"character_chosen":"IRONCLAD","items_purchased":["Armaments","Happy Flower","Bronze Scales","Shrug It Off"],"gold_per_floor":[117,117,67,83,98,98,117,137,137,156,173,22,22,57,57,152,152,170,190,206,27,37,37,56,56,107,127,127,141,141],"floor_reached":30,"campfire_rested":3,"playtime":2414,"current_hp_per_floor":[80,64,64,68,74,74,34,37,37,34,38,38,62,57,57,42,80,43,18,17,17,14,38,34,58,58,21,21,16,0],"items_purged":[],"gold":141,"score":238,"play_id":"7c6dcb00-f29a-4fbb-8d01-90549b904ba5","local_time":"20180413152728","is_prod":false,"is_daily":false,"chose_seed":false,"is_ascension_mode":false,"campfire_upgraded":2,"timestamp":1523647648,"path_taken":["M","?","$","M","M","R","M","M","T","M","?","$","R","E","R","BOSS","M","M","M","$","M","R","M","R","T","M","?","M","M"],"build_version":"2018-04-12","seed_source_timestamp":0,"purchased_purges":0,"victory":false,"master_deck":["Strike_R+1","Strike_R","Strike_R","Strike_R+1","Strike_R","Defend_R+1","Defend_R+1","Defend_R","Defend_R","Bash","Warcry","Anger","Armaments","Rupture+1","Cleave+1","Clash","Spot Weakness","Headbutt","Clash","Shrug It Off","Barricade","Sword Boomerang+1","Shrug It Off+1","Combust+1","Shrug It Off","Thunderclap+1","Pommel Strike","Writhe","Clash"],"max_hp_per_floor":[80,80,80,80,80,80,80,80,80,80,80,80,80,80,80,80,80,80,80,80,80,80,80,80,80,80,80,80,80,80],"relics":["Black Blood","Charon\u0027s Ashes","Happy Flower","War Paint","Bronze Scales","Ancient Tea Set","Calipers"],"card_choices":[{"not_picked":["Carnage","Twin Strike"],"picked":"Warcry","floor":0.0},{"not_picked":["Heavy Blade","Hemokinesis"],"picked":"Anger","floor":1.0},{"not_picked":["Rampage","Blood for Blood"],"picked":"Rupture","floor":4.0},{"not_picked":["Blood for Blood","Perfected Strike"],"picked":"Cleave","floor":5.0},{"not_picked":["Burning Pact","True Grit"],"picked":"Clash","floor":7.0},{"not_picked":["Pommel Strike","Cleave"],"picked":"Spot Weakness","floor":8.0},{"not_picked":["Whirlwind","True Grit"],"picked":"Headbutt","floor":10.0},{"not_picked":["Seeing Red","Offering"],"picked":"Clash","floor":11.0},{"not_picked":["Cleave","Spot Weakness"],"picked":"Shrug It Off","floor":14.0},{"not_picked":["Offering","Limit Break"],"picked":"Barricade","floor":16.0},{"not_picked":["Anger","Spot Weakness"],"picked":"Sword Boomerang","floor":18.0},{"not_picked":["Flame Barrier","Seeing Red"],"picked":"Shrug It Off","floor":19.0},{"not_picked":["Anger","Headbutt"],"picked":"Combust","floor":20.0},{"not_picked":["Corruption","Uppercut"],"picked":"Thunderclap","floor":22},{"not_picked":["Thunderclap","Perfected Strike"],"picked":"Pommel Strike","floor":24},{"not_picked":["True Grit","Sword Boomerang"],"picked":"Clash","floor":29}],"player_experience":5913,"potions_floor_usage":[29,30],"damage_taken":[{"damage":6.0,"enemies":"Jaw Worm","floor":1.0,"turns":3.0},{"damage":2.0,"enemies":"Small Slimes","floor":4.0,"turns":4.0},{"damage":0.0,"enemies":"2 Louse","floor":5.0,"turns":3.0},{"damage":46.0,"enemies":"Gremlin Gang","floor":7.0,"turns":5.0},{"damage":3.0,"enemies":"Exordium Thugs","floor":8.0,"turns":4.0},{"damage":9.0,"enemies":"Blue Slaver","floor":10.0,"turns":4.0},{"damage":2.0,"enemies":"Large Slime","floor":11.0,"turns":5.0},{"damage":11.0,"enemies":"Gremlin Nob","floor":14.0,"turns":3.0},{"damage":21.0,"enemies":"Slime Boss","floor":16.0,"turns":9.0},{"damage":47.0,"enemies":"Shell Parasite","floor":18.0,"turns":6.0},{"damage":35.0,"enemies":"2 Thieves","floor":19.0,"turns":3.0},{"damage":20.0,"enemies":"Centurion and Healer","floor":20.0,"turns":4.0},{"damage":13.0,"enemies":"Snecko","floor":22.0,"turns":6.0},{"damage":14,"enemies":"Centurion and Healer","floor":24,"turns":5},{"damage":47,"enemies":"Slaver and Parasite","floor":27,"turns":7},{"damage":15,"enemies":"Snake Plant","floor":29,"turns":4},{"damage":16,"enemies":"Centurion and Healer","floor":30,"turns":5}],"event_choices":[{"event_name":"Shining Light","player_choice":"Entered Light","floor":2.0,"damage_taken":0.0},{"event_name":"The Mausoleum","player_choice":"Yes","floor":28,"damage_taken":0}],"boss_relics":[],"potions_floor_spawned":[4,10,11,19,20,29],"seed_played":"-7442610378556720413","killed_by":"Centurion and Healer","ascension_level":0,"is_trial":false}