{"path_per_floor":["M","?","?","M","?","R","E","R","T","$","?","M","M","$","R","B",null,"M","?","M","?","$","R","M","M","T","R"],"character_chosen":"IRONCLAD","items_purchased":["Disarm","Flame Barrier"],"gold_per_floor":[111,111,36,50,50,50,85,85,85,51,51,63,79,5,5,77,77,91,91,101,101,26,26,41,58,82,82,82],"floor_reached":28,"campfire_rested":1,"playtime":828,"current_hp_per_floor":[63,68,68,73,68,68,38,38,38,38,38,44,44,44,44,15,65,59,59,57,57,57,57,45,10,10,35,0],"items_purged":["Strike_R"],"gold":82,"score":378,"play_id":"b934eab5-863f-4037-8ef8-1d5605137722","local_time":"20180417135841","is_prod":false,"is_daily":false,"chose_seed":false,"is_ascension_mode":true,"campfire_upgraded":4,"timestamp":1523966321,"path_taken":["M","?","?","M","?","R","E","R","T","$","?","?","?","$","R","BOSS","M","?","?","?","$","R","M","M","T","R","E"],"build_version":"2018-04-12","seed_source_timestamp":9918949235320,"purchased_purges":1,"victory":false,"master_deck":["Strike_R","Strike_R","Strike_R","Defend_R","Defend_R","Defend_R","Defend_R","Bash+1","AscendersBane","Havoc","Clothesline+1","Uppercut+1","Disarm","Shrug It Off","Inflame","Flame Barrier","Barricade+1","Battle Trance","Entrench","Shrug It Off","Metallicize"],"max_hp_per_floor":[75,80,80,80,80,80,82,82,82,82,82,82,82,82,82,82,82,82,82,84,84,84,84,84,86,86,86,86],"relics":["Burning Blood","Singing Bowl","Prayer Wheel","Calipers","Mercury Hourglass","Sozu","Bag of Marbles"],"card_choices":[{"not_picked":["Rage","Pommel Strike"],"picked":"Havoc","floor":1},{"not_picked":["Armaments","Anger"],"picked":"Clothesline","floor":4},{"not_picked":["Hemokinesis","Armaments"],"picked":"Uppercut","floor":9},{"not_picked":["Sword Boomerang","Armaments"],"picked":"Shrug It Off","floor":12},{"not_picked":["Cleave","Flex"],"picked":"Inflame","floor":13},{"not_picked":["Fiend Fire","Juggernaut"],"picked":"Barricade","floor":16},{"not_picked":["Twin Strike","Anger"],"picked":"Battle Trance","floor":18},{"not_picked":["Clothesline","Warcry"],"picked":"Shrug It Off","floor":24},{"not_picked":["Wild Strike","Shockwave"],"picked":"Metallicize","floor":26}],"player_experience":429190,"potions_floor_usage":[16,16],"damage_taken":[{"damage":11,"enemies":"Jaw Worm","floor":1,"turns":5},{"damage":1,"enemies":"2 Louse","floor":4,"turns":3},{"damage":38,"enemies":"3 Sentries","floor":7,"turns":11},{"damage":0,"enemies":"Cultist","floor":12,"turns":3},{"damage":6,"enemies":"Looter","floor":13,"turns":3},{"damage":35,"enemies":"Slime Boss","floor":16,"turns":9},{"damage":12,"enemies":"Chosen","floor":18,"turns":5},{"damage":10,"enemies":"Shell Parasite","floor":20,"turns":8},{"damage":18,"enemies":"Snake Plant","floor":24,"turns":4},{"damage":43,"enemies":"Chosen and Byrds","floor":25,"turns":10},{"damage":38,"enemies":"Gremlin Leader","floor":28,"turns":4}],"event_choices":[{"event_name":"Big Fish","player_choice":"Donut","floor":2,"damage_taken":0},{"event_name":"The Cleric","player_choice":"Card Removal","floor":3,"damage_taken":0},{"event_name":"Scrap Ooze","player_choice":"success","floor":5,"damage_taken":5},{"event_name":"Liars Game","player_choice":"disagreed","floor":11,"damage_taken":0},{"event_name":"The Library","player_choice":"Read","floor":19,"damage_taken":0},{"event_name":"Vampires","player_choice":"Ignored","floor":21,"damage_taken":0}],"boss_relics":[{"not_picked":["Runic Pyramid","Tiny House"],"picked":"Sozu"}],"potions_floor_spawned":[1,7,24,25],"seed_played":"-111445914627411940","killed_by":"Gremlin Leader","ascension_level":15,"is_trial":false}