{"path_per_floor":["M","$","?","M","?","R","E","M","T","M","R","$","M","?","R","B",null,"M","?","M","?"],"character_chosen":"IRONCLAD","items_purchased":["Infernal Blade","Flame Barrier"],"gold_per_floor":[118,48,48,66,66,66,95,105,153,166,166,89,106,106,106,106,106,117,317,332,332,332],"floor_reached":22,"campfire_rested":1,"playtime":3476,"current_hp_per_floor":[70,70,70,70,70,70,55,67,67,69,69,69,75,59,80,7,80,80,80,65,65,0],"items_purged":[],"gold":332,"score":184,"play_id":"d7d87953-2eb4-420c-b482-d6aa42c06ead","local_time":"20180416000914","is_prod":false,"is_daily":false,"chose_seed":false,"is_ascension_mode":false,"campfire_upgraded":2,"timestamp":1523851754,"path_taken":["M","$","?","?","?","R","E","M","T","?","R","$","M","?","R","BOSS","M","?","?","?","M"],"build_version":"2018-04-12","seed_source_timestamp":23039701932437,"purchased_purges":0,"victory":false,"master_deck":["Strike_R","Strike_R","Strike_R","Strike_R","Strike_R","Defend_R","Defend_R+1","Defend_R","Defend_R","Bash","Twin Strike","Infernal Blade+1","Bandage Up+1","Armaments","Whirlwind+1","Clash","Twin Strike","Flame Barrier","Pommel Strike","Impervious","Body Slam","Rampage","Writhe"],"max_hp_per_floor":[80,80,80,80,80,80,80,80,80,80,80,80,80,80,80,80,80,80,80,80,80,80],"relics":["Burning Blood","Gambling Chip","Ancient Tea Set","Runic Pyramid","Orichalcum"],"card_choices":[{"not_picked":["Thunderclap","Body Slam"],"picked":"Twin Strike","floor":1},{"not_picked":["Entrench","Rupture"],"picked":"Armaments","floor":4},{"not_picked":["Burning Pact","Headbutt"],"picked":"Whirlwind","floor":7},{"not_picked":["Flex","Feel No Pain"],"picked":"Clash","floor":8},{"not_picked":["Perfected Strike","Intimidate"],"picked":"Twin Strike","floor":10},{"not_picked":["Anger","Blood for Blood"],"picked":"Pommel Strike","floor":13},{"not_picked":["Feed","Brutality"],"picked":"Impervious","floor":16},{"not_picked":["Sword Boomerang","Thunderclap"],"picked":"Body Slam","floor":18},{"not_picked":["Ghostly Armor","Pommel Strike"],"picked":"Rampage","floor":20}],"player_experience":0,"potions_floor_usage":[22],"damage_taken":[{"damage":16,"enemies":"Cultist","floor":1,"turns":5},{"damage":6,"enemies":"Jaw Worm","floor":4,"turns":2},{"damage":27,"enemies":"3 Sentries","floor":7,"turns":7},{"damage":0,"enemies":"Small Slimes","floor":8,"turns":2},{"damage":10,"enemies":"Looter","floor":10,"turns":2},{"damage":0,"enemies":"Gremlin Gang","floor":13,"turns":1},{"damage":85,"enemies":"The Guardian","floor":16,"turns":15},{"damage":1,"enemies":"3 Byrds","floor":18,"turns":4},{"damage":21,"enemies":"Spheric Guardian","floor":20,"turns":6},{"damage":83,"enemies":"Centurion and Healer","floor":22,"turns":20}],"event_choices":[{"event_name":"Match and Keep!","player_choice":"1 cards matched","floor":3,"damage_taken":0},{"event_name":"The Cleric","player_choice":"Leave","floor":5,"damage_taken":0},{"event_name":"Shining Light","player_choice":"Entered Light","floor":14,"damage_taken":0},{"event_name":"Wheel of Change","player_choice":"Gold","floor":19,"damage_taken":0},{"event_name":"The Mausoleum","player_choice":"Yes","floor":21,"damage_taken":0}],"boss_relics":[{"not_picked":["Runic Cube","Black Blood"],"picked":"Runic Pyramid"}],"potions_floor_spawned":[4,7,13,20],"seed_played":"-7859158436518172846","killed_by":"Centurion and Healer","ascension_level":0,"is_trial":false}