{"path_per_floor":["M","$","T","M","?","E","R","E","T","?","$","?","R","M","R","B",null,"M","?","$","?","M","R","M","T","T","R","M","M","M","?","R"],"character_chosen":"IRONCLAD","items_purchased":["Twin Strike","Shrug It Off","Centennial Puzzle","Shrug It Off"],"gold_per_floor":[109,63,63,78,178,208,208,241,318,340,38,38,38,53,53,152,152,168,168,142,57,71,71,83,83,83,83,101,116,132,132,132,132],"floor_reached":33,"campfire_rested":2,"playtime":939,"current_hp_per_floor":[78,78,78,80,80,80,80,69,69,57,57,71,71,70,70,42,81,72,53,53,53,41,41,19,19,19,63,47,41,47,47,91,0],"items_purged":[],"gold":132,"score":456,"play_id":"541112ab-2d78-4ede-adf3-1eca0b34c03b","local_time":"20180407144605","is_prod":false,"is_daily":false,"is_ascension_mode":true,"campfire_upgraded":4,"timestamp":1523126765,"path_taken":["M","$","?","M","?","E","R","E","T","?","$","?","R","M","R","BOSS","M","?","$","?","M","R","M","?","T","R","M","M","M","?","R","BOSS"],"build_version":"2018-04-05v2","purchased_purges":2,"victory":false,"master_deck":["Strike_R","Strike_R","Strike_R","Strike_R","Strike_R","Defend_R","Defend_R","Defend_R","Defend_R","Bash","AscendersBane","Perfected Strike+1","Twin Strike","Armaments+1","Seeing Red+1","Flex","Shrug It Off","Headbutt+1","Spot Weakness","Shrug It Off","Shrug It Off+1","Thunderclap"],"max_hp_per_floor":[80,80,80,80,80,80,80,80,80,80,80,94,94,94,94,94,94,94,99,99,99,99,99,99,99,99,99,99,99,99,99,99,99],"relics":["Burning Blood","NeowsBlessing","Dream Catcher","Self Forming Clay","Oddly Smooth Stone","Letter Opener","Odd Mushroom","Centennial Puzzle","Mango","Velvet Choker","Matryoshka","Dodecahedron","Toxic Egg 2","Regal Pillow","Charon\u0027s Ashes"],"card_choices":[{"not_picked":["Carnage","Heavy Blade"],"picked":"Perfected Strike","floor":1},{"not_picked":["Twin Strike","Cleave"],"picked":"Armaments","floor":4},{"not_picked":["Combust","Twin Strike"],"picked":"Seeing Red","floor":6},{"not_picked":["Warcry","Reckless Charge"],"picked":"Flex","floor":10},{"not_picked":["Iron Wave","Pommel Strike"],"picked":"Headbutt","floor":14},{"not_picked":["Heavy Blade","Pommel Strike"],"picked":"Spot Weakness","floor":18},{"not_picked":["Sentinel","Dark Embrace"],"picked":"Shrug It Off","floor":27},{"not_picked":["Wild Strike","Twin Strike"],"picked":"Thunderclap","floor":29}],"player_experience":501298,"potions_floor_usage":[8,8,28,33,33,33],"damage_taken":[{"damage":0,"enemies":"Cultist","floor":1,"turns":1},{"damage":0,"enemies":"Small Slimes","floor":4,"turns":1},{"damage":0,"enemies":"Lagavulin","floor":6,"turns":1},{"damage":17,"enemies":"Gremlin Nob","floor":8,"turns":4},{"damage":18,"enemies":"The Mushroom Lair","floor":10,"turns":4},{"damage":7,"enemies":"Jaw Worm","floor":14,"turns":3},{"damage":34,"enemies":"Slime Boss","floor":16,"turns":11},{"damage":15,"enemies":"2 Thieves","floor":18,"turns":4},{"damage":18,"enemies":"Chosen","floor":22,"turns":5},{"damage":28,"enemies":"Sentry and Sphere","floor":24,"turns":6},{"damage":22,"enemies":"Snecko","floor":28,"turns":4},{"damage":12,"enemies":"Cultist and Chosen","floor":29,"turns":6},{"damage":0,"enemies":"Centurion and Healer","floor":30,"turns":5},{"damage":98,"enemies":"Automaton","floor":33,"turns":8}],"event_choices":[{"event_name":"Wheel of Change","player_choice":"Gold","floor":5,"damage_taken":0},{"event_name":"Mushrooms","player_choice":"Fought Mushrooms","floor":10,"damage_taken":0},{"event_name":"Dead Adventurer","player_choice":"Searched \u00272\u0027 times","floor":12,"damage_taken":0},{"event_name":"Forgotten Altar","player_choice":"Shed Blood","floor":19,"damage_taken":0},{"event_name":"Addict","player_choice":"Obtained Relic","floor":21,"damage_taken":0},{"event_name":"Ghosts","player_choice":"Ignored","floor":31,"damage_taken":0}],"boss_relics":[{"not_picked":["Runic Cube","Black Star"],"picked":"Velvet Choker"}],"potions_floor_spawned":[1,6,16,22,29,30],"seed_played":"3682379326132526251","killed_by":"Automaton","ascension_level":11,"is_trial":false}