{"path_per_floor":["M","M","?","T","M","R","E","?","T","R","M","M","M","T","R","B",null,"M","?","?","M","?","R","M","R","T","?","$","M","R","M","R","B",null,"M","?","?","$","M","R","E","M","T","R","M","$","R","M","R"],"character_chosen":"IRONCLAD","items_purchased":["Impervious","Jack Of All Trades","Bag of Marbles","Impervious","Body Slam"],"gold_per_floor":[111,131,131,155,169,169,197,197,197,197,211,222,238,238,238,343,343,358,358,358,370,370,370,388,388,411,411,10,30,30,40,40,142,172,189,189,189,10,24,24,50,70,70,70,81,31,31,51,51,51],"floor_reached":50,"campfire_rested":7,"playtime":1693,"current_hp_per_floor":[63,62,62,62,53,77,59,59,59,59,47,37,32,32,56,49,72,45,29,29,4,4,43,47,80,80,65,65,50,85,75,75,45,80,79,68,68,68,37,79,63,49,49,92,96,96,96,91,91,0],"items_purged":["Writhe","Doubt"],"gold":51,"score":860,"play_id":"9cce3b35-06a8-4724-aa65-b60f3f60b584","local_time":"20180407180133","is_prod":false,"is_daily":false,"is_ascension_mode":true,"campfire_upgraded":4,"timestamp":1523138493,"path_taken":["M","M","?","?","?","R","E","?","T","R","M","?","M","?","R","BOSS","M","?","?","?","?","R","?","R","T","?","?","M","R","M","R","BOSS","M","?","?","$","M","R","E","?","T","R","M","?","R","M","R","BOSS"],"build_version":"2018-04-05v2","purchased_purges":2,"victory":false,"master_deck":["Defend_R","Defend_R","Defend_R","Defend_R","Bash+1","AscendersBane","Barricade+1","Shrug It Off+1","Impervious","Shrug It Off+1","Bash","Brutality","Body Slam+1","Infernal Blade","Shrug It Off+1","Demon Form+1","Body Slam+1","Bite","Bite","Bite","Bite","Bite","Impervious","Jack Of All Trades","Body Slam","Armaments+1","Entrench+1","Madness","Madness","Impervious","Body Slam"],"max_hp_per_floor":[80,80,80,80,80,80,80,80,80,80,80,80,80,80,80,80,80,80,80,80,80,80,80,80,80,80,85,85,85,85,85,85,85,90,90,90,90,90,90,90,92,94,94,94,96,96,96,98,98,98],"relics":["Runic Dome","Bottled Flame","Happy Flower","Ginger","Sozu","Enchiridion","Regal Pillow","Whetstone","Bag of Marbles","Tiny House","Singing Bowl","Smiling Mask"],"card_choices":[{"not_picked":["Sentinel","Twin Strike"],"picked":"Barricade","floor":1},{"not_picked":["Armaments","Pommel Strike"],"picked":"Shrug It Off","floor":2},{"not_picked":["Body Slam","Anger"],"picked":"Impervious","floor":5},{"not_picked":["Cleave","Corruption"],"picked":"Shrug It Off","floor":7},{"not_picked":["Havoc","Fiend Fire"],"picked":"Body Slam","floor":11},{"not_picked":["Armaments","Havoc"],"picked":"Infernal Blade","floor":12},{"not_picked":["Thunderclap","Pommel Strike"],"picked":"Shrug It Off","floor":13},{"not_picked":["Offering","Fiend Fire"],"picked":"Demon Form","floor":16},{"not_picked":["Cleave","Anger"],"picked":"Body Slam","floor":18},{"not_picked":["Pommel Strike","Hemokinesis"],"picked":"Body Slam","floor":31},{"not_picked":["Warcry","Headbutt"],"picked":"Armaments","floor":34},{"not_picked":["Perfected Strike","Sword Boomerang"],"picked":"Entrench","floor":35}],"player_experience":224391,"potions_floor_usage":[13,50,50],"damage_taken":[{"damage":9,"enemies":"Small Slimes","floor":1,"turns":4},{"damage":1,"enemies":"Cultist","floor":2,"turns":3},{"damage":11,"enemies":"Jaw Worm","floor":5,"turns":3},{"damage":20,"enemies":"Gremlin Nob","floor":7,"turns":6},{"damage":14,"enemies":"Red Slaver","floor":11,"turns":6},{"damage":12,"enemies":"Looter","floor":12,"turns":3},{"damage":7,"enemies":"Lots of Slimes","floor":13,"turns":2},{"damage":9,"enemies":"Hexaghost","floor":16,"turns":10},{"damage":29,"enemies":"Shell Parasite","floor":18,"turns":6},{"damage":27,"enemies":"3 Byrds","floor":21,"turns":6},{"damage":0,"enemies":"Snake Plant","floor":24,"turns":3},{"damage":23,"enemies":"Snecko","floor":29,"turns":4},{"damage":18,"enemies":"Centurion and Healer","floor":31,"turns":5},{"damage":50,"enemies":"Automaton","floor":33,"turns":9},{"damage":1,"enemies":"Orb Walker","floor":35,"turns":2},{"damage":46,"enemies":"3 Darklings","floor":39,"turns":6},{"damage":18,"enemies":"2 Orb Walkers","floor":41,"turns":4},{"damage":30,"enemies":"Maw","floor":42,"turns":9},{"damage":0,"enemies":"Sphere and 2 Shapes","floor":45,"turns":7},{"damage":13,"enemies":"3 Darklings","floor":48,"turns":6},{"damage":117,"enemies":"Donu and Deca","floor":50,"turns":7}],"event_choices":[{"event_name":"Upgrade Shrine","player_choice":"Upgraded","floor":3,"damage_taken":0},{"event_name":"Match and Keep!","player_choice":"3 cards matched","floor":8,"damage_taken":0},{"event_name":"Cursed Tome","player_choice":"Obtained Book","floor":19,"damage_taken":0},{"event_name":"The Mausoleum","player_choice":"Yes","floor":20,"damage_taken":0},{"event_name":"Vampires","player_choice":"Became a vampire (Vial)","floor":22,"damage_taken":0},{"event_name":"Forgotten Altar","player_choice":"Shed Blood","floor":27,"damage_taken":0},{"event_name":"Winding Halls","player_choice":"Embrace Madness","floor":36,"damage_taken":0},{"event_name":"Tomb of Lord Red Mask","player_choice":"Ignored","floor":37,"damage_taken":0}],"boss_relics":[{"not_picked":["Lizard Tail","Astrolabe"],"picked":"Sozu"},{"not_picked":["Snecko Eye","Runic Pyramid"],"picked":"Tiny House"}],"potions_floor_spawned":[1,2,11,21,33,39,42,45],"seed_played":"-4195049190540439999","killed_by":"Donu and Deca","ascension_level":10,"is_trial":false}