{"path_per_floor":["M","?","?","?","M","R","E","?","T","M","$","R","$","M","R","B",null,"M","?","?","M","?","E","M","?","T","$","R","E","R","$","R"],"character_chosen":"IRONCLAD","items_purchased":["Reckless Charge","Vajra","Feel No Pain"],"gold_per_floor":[119,119,69,69,85,85,114,114,159,169,47,47,47,66,66,171,171,184,184,184,201,201,235,249,349,349,94,94,121,121,47,47,47],"floor_reached":33,"campfire_rested":1,"playtime":1012,"current_hp_per_floor":[78,83,83,83,85,85,85,68,68,69,69,69,69,75,75,80,84,78,78,85,81,63,59,43,43,43,43,72,60,60,60,60,0],"items_purged":["Defend_R","Heavy Blade"],"gold":47,"score":511,"play_id":"e5424dd6-1267-441f-8094-c8ac54560d08","local_time":"20180414121916","is_prod":false,"is_daily":false,"chose_seed":false,"is_ascension_mode":true,"campfire_upgraded":5,"timestamp":1523722756,"path_taken":["M","?","?","?","?","R","E","?","T","M","?","R","$","M","R","BOSS","M","?","?","M","?","E","M","?","T","$","R","E","R","$","R","BOSS"],"build_version":"2018-04-12","seed_source_timestamp":309160035998983,"purchased_purges":2,"victory":false,"master_deck":["Bash+1","AscendersBane","Uppercut+1","Dropkick","Feel No Pain+1","Ghostly Armor","Feel No Pain+1","Reckless Charge","Havoc","Immolate","Combust","Rupture+1","Metallicize","Battle Trance","Thunderclap","Infernal Blade+1","Warcry","Combust","Burning Pact","Reckless Charge+1","Feel No Pain+1"],"max_hp_per_floor":[80,85,85,85,85,85,85,85,85,85,85,85,85,85,85,85,85,85,85,92,92,97,97,97,97,97,97,97,97,97,97,97,97],"relics":["Burning Blood","NeowsBlessing","Meat on the Bone","Prayer Wheel","Pandora\u0027s Box","Strawberry","Happy Flower","Blood Vial","Vajra","Centennial Puzzle"],"card_choices":[{"not_picked":["Armaments","Pummel"],"picked":"Uppercut","floor":1},{"not_picked":["Perfected Strike","Intimidate"],"picked":"Feel No Pain","floor":5},{"not_picked":["Armaments","Clash"],"picked":"Ghostly Armor","floor":7},{"not_picked":["Evolve","Thunderclap"],"picked":"Feel No Pain","floor":10},{"not_picked":["Evolve","Cleave"],"picked":"Havoc","floor":14},{"not_picked":["Berserk","Demon Form"],"picked":"Immolate","floor":16},{"not_picked":["Flex","Combust"],"picked":"Infernal Blade","floor":18},{"not_picked":["Flex","Shrug It Off"],"picked":"Warcry","floor":21},{"not_picked":["Armaments","Iron Wave"],"picked":"Combust","floor":23},{"not_picked":["Corruption","Sever Soul"],"picked":"Burning Pact","floor":24},{"not_picked":["Perfected Strike","Wild Strike"],"picked":"Reckless Charge","floor":26}],"player_experience":285313,"potions_floor_usage":[23,23,29],"damage_taken":[{"damage":0,"enemies":"Jaw Worm","floor":1,"turns":1},{"damage":0,"enemies":"2 Louse","floor":5,"turns":1},{"damage":0,"enemies":"3 Sentries","floor":7,"turns":2},{"damage":5,"enemies":"Small Slimes","floor":10,"turns":3},{"damage":0,"enemies":"Looter","floor":14,"turns":2},{"damage":1,"enemies":"Slime Boss","floor":16,"turns":13},{"damage":12,"enemies":"Spheric Guardian","floor":18,"turns":6},{"damage":10,"enemies":"Shell Parasite","floor":21,"turns":5},{"damage":22,"enemies":"Book of Stabbing","floor":23,"turns":6},{"damage":34,"enemies":"Sentry and Sphere","floor":24,"turns":6},{"damage":38,"enemies":"Slavers","floor":29,"turns":3},{"damage":71,"enemies":"Champ","floor":33,"turns":10}],"event_choices":[{"event_name":"Big Fish","player_choice":"Donut","floor":2,"damage_taken":0},{"event_name":"The Cleric","player_choice":"Card Removal","floor":3,"damage_taken":0},{"event_name":"Living Wall","player_choice":"Change","floor":4,"damage_taken":0},{"event_name":"Shining Light","player_choice":"Entered Light","floor":8,"damage_taken":0},{"event_name":"Vampires","player_choice":"Ignored","floor":19,"damage_taken":0},{"event_name":"The Mausoleum","player_choice":"Yes","floor":20,"damage_taken":0},{"event_name":"Forgotten Altar","player_choice":"Shed Blood","floor":22,"damage_taken":0},{"event_name":"Golden Shrine","player_choice":"Pray","floor":25,"damage_taken":0}],"boss_relics":[{"not_picked":["Runic Dome","White Beast Statue"],"picked":"Pandora\u0027s Box"}],"potions_floor_spawned":[5,10,16,21],"seed_played":"642344215424202755","killed_by":"Champ","ascension_level":12,"is_trial":false}