{"path_per_floor":["M","?","?","?","M","R","E","M","T","R","$","M","R","M","R","B",null,"M","M"],"character_chosen":"IRONCLAD","items_purchased":["Kunai","Pommel Strike"],"gold_per_floor":[112,183,258,258,273,273,299,312,312,312,19,39,39,58,58,132,132,149,161,161],"floor_reached":20,"campfire_rested":1,"playtime":565,"current_hp_per_floor":[67,67,56,56,52,52,19,15,29,55,55,51,51,51,51,23,73,65,49,0],"items_purged":[],"gold":161,"score":296,"play_id":"e6205ab8-8eae-42ec-a738-107e9359483b","local_time":"20180406192326","is_prod":false,"is_daily":false,"is_ascension_mode":true,"campfire_upgraded":3,"timestamp":1523060606,"path_taken":["M","?","?","?","?","R","E","M","T","R","$","M","R","M","R","BOSS","M","?","M"],"build_version":"2018-04-05v2","purchased_purges":1,"victory":false,"master_deck":["Strike_R","Strike_R","Strike_R","Strike_R","Strike_R","Defend_R","Defend_R","Defend_R","Defend_R","Bash+1","AscendersBane","Clothesline+1","Cleave","Spot Weakness","Ghostly Armor","Pommel Strike+1","Demon Form+1","Iron Wave","Limit Break","Body Slam"],"max_hp_per_floor":[75,75,75,75,75,75,75,75,89,89,89,89,89,89,89,89,89,89,89,89],"relics":["White Beast Statue","Bag of Preparation","Mango","Kunai","Velvet Choker"],"card_choices":[{"not_picked":["Anger","Combust"],"picked":"Clothesline","floor":1},{"not_picked":["Intimidate","Sword Boomerang"],"picked":"Cleave","floor":5},{"not_picked":["Havoc","Power Through"],"picked":"Spot Weakness","floor":7},{"not_picked":["Clothesline","Thunderclap"],"picked":"Ghostly Armor","floor":8},{"not_picked":["Feel No Pain","Shrug It Off"],"picked":"Demon Form","floor":12},{"not_picked":["Twin Strike","Blood for Blood"],"picked":"Iron Wave","floor":14},{"not_picked":["Impervious","Offering"],"picked":"Limit Break","floor":16},{"not_picked":["Ghostly Armor","Burning Pact"],"picked":"Body Slam","floor":19}],"player_experience":423202,"potions_floor_usage":[7,7,14,16,16,19],"damage_taken":[{"damage":1,"enemies":"2 Louse","floor":1,"turns":2},{"damage":4,"enemies":"Small Slimes","floor":5,"turns":3},{"damage":33,"enemies":"3 Sentries","floor":7,"turns":8},{"damage":4,"enemies":"Jaw Worm","floor":8,"turns":4},{"damage":4,"enemies":"Blue Slaver","floor":12,"turns":5},{"damage":0,"enemies":"Lots of Slimes","floor":14,"turns":2},{"damage":28,"enemies":"Slime Boss","floor":16,"turns":8},{"damage":8,"enemies":"3 Byrds","floor":18,"turns":5},{"damage":16,"enemies":"Spheric Guardian","floor":19,"turns":6},{"damage":49,"enemies":"Snake Plant","floor":20,"turns":4}],"event_choices":[{"event_name":"Golden Wing","player_choice":"Gained Gold","floor":2,"damage_taken":0},{"event_name":"World of Goop","player_choice":"Gather Gold","floor":3,"damage_taken":0},{"event_name":"Accursed Blacksmith","player_choice":"Forge","floor":4,"damage_taken":0}],"boss_relics":[{"not_picked":["Runic Dome","Snecko Eye"],"picked":"Velvet Choker"}],"potions_floor_spawned":[1,5,7,8,12,14,16,18,19],"seed_played":"-8240732578139257987","killed_by":"Snake Plant","ascension_level":14,"is_trial":false}