{"path_per_floor":["M","?","M","M","?","E","M","R","T","M","M","M","M","M","R","B",null,"M","?","M","?","M","R"],"character_chosen":"IRONCLAD","items_purchased":[],"gold_per_floor":[14,14,25,42,42,73,84,84,84,97,111,121,140,150,150,225,225,237,237,257,257,269,269,269],"floor_reached":24,"campfire_rested":1,"playtime":819,"current_hp_per_floor":[70,70,75,75,75,60,57,57,57,54,48,48,45,51,51,33,65,36,36,23,38,15,37,0],"items_purged":[],"gold":269,"score":357,"play_id":"bfb53ac6-74c5-48b7-9282-36e9e035fc64","local_time":"20180413144202","is_prod":false,"is_daily":false,"chose_seed":false,"is_ascension_mode":true,"campfire_upgraded":2,"timestamp":1523623322,"path_taken":["M","?","M","?","?","E","M","R","T","M","?","M","M","M","R","BOSS","M","?","?","?","M","R","M"],"build_version":"2018-04-12","seed_source_timestamp":19469354551129,"purchased_purges":0,"victory":false,"master_deck":["Bash","AscendersBane","Flame Barrier+1","Bloodletting","Reckless Charge","Clothesline","Reckless Charge","Reckless Charge","Spot Weakness","Impervious","Armaments+1","True Grit","Limit Break+1","Body Slam","Cleave","Heavy Blade","Thunderclap","Evolve","Warcry","Flex"],"max_hp_per_floor":[75,75,75,75,75,75,75,75,75,75,75,75,75,75,75,75,75,75,75,75,75,75,75,75],"relics":["Burning Blood","Shuriken","Pen Nib","Pandora\u0027s Box"],"card_choices":[{"not_picked":["Metallicize","Rupture"],"picked":"Reckless Charge","floor":1},{"not_picked":["Whirlwind","Ghostly Armor"],"picked":"Clothesline","floor":3},{"not_picked":["Whirlwind","Clash"],"picked":"Reckless Charge","floor":4},{"not_picked":["Sever Soul","Dropkick"],"picked":"Reckless Charge","floor":6},{"not_picked":["Rage","Body Slam"],"picked":"Spot Weakness","floor":10},{"not_picked":["Dropkick","Rupture"],"picked":"Impervious","floor":11},{"not_picked":["Wild Strike","Sword Boomerang"],"picked":"Armaments","floor":12},{"not_picked":["Anger","Rage"],"picked":"True Grit","floor":14},{"not_picked":["Demon Form","Barricade"],"picked":"Limit Break","floor":16}],"player_experience":407359,"potions_floor_usage":[6,10,13,16,24],"damage_taken":[{"damage":4,"enemies":"Small Slimes","floor":1,"turns":6},{"damage":0,"enemies":"2 Louse","floor":3,"turns":3},{"damage":5,"enemies":"Jaw Worm","floor":4,"turns":5},{"damage":21,"enemies":"Gremlin Nob","floor":6,"turns":5},{"damage":9,"enemies":"Lots of Slimes","floor":7,"turns":4},{"damage":9,"enemies":"Looter","floor":10,"turns":3},{"damage":12,"enemies":"Exordium Wildlife","floor":11,"turns":4},{"damage":6,"enemies":"3 Louse","floor":12,"turns":3},{"damage":9,"enemies":"Exordium Thugs","floor":13,"turns":5},{"damage":0,"enemies":"Blue Slaver","floor":14,"turns":4},{"damage":24,"enemies":"Slime Boss","floor":16,"turns":12},{"damage":35,"enemies":"2 Thieves","floor":18,"turns":4},{"damage":19,"enemies":"Spheric Guardian","floor":20,"turns":5},{"damage":29,"enemies":"Snecko","floor":22,"turns":5},{"damage":42,"enemies":"3 Cultists","floor":24,"turns":4}],"event_choices":[{"event_name":"The Cleric","player_choice":"Leave","floor":2,"damage_taken":0},{"event_name":"Liars Game","player_choice":"disagreed","floor":5,"damage_taken":0},{"event_name":"Upgrade Shrine","player_choice":"Upgraded","floor":19,"damage_taken":0},{"event_name":"The Library","player_choice":"Heal","floor":21,"damage_taken":0}],"boss_relics":[{"not_picked":["Black Blood","Runic Cube"],"picked":"Pandora\u0027s Box"}],"potions_floor_spawned":[1,4,10,12,13,22],"seed_played":"7386652274145519078","killed_by":"3 Cultists","ascension_level":15,"is_trial":false}