{"path_per_floor":["M","M","T","?","$","E","?","R","T","R","?","R","M","E","R","B",null,"M","?","?","?","$","R","M","R","T","M","R","E","M","?","R","B",null,"M","M","M","M","M","E","?","E","T","R","$","E","$","?","R","B"],"character_chosen":"IRONCLAD","items_purchased":["Disarm","Bag of Preparation","Metallicize","Bag of Marbles","Trip","Battle Trance","Ancient Tea Set","Strength Potion"],"gold_per_floor":[118,128,128,378,44,74,74,74,121,121,121,121,132,163,163,237,237,251,251,251,251,3,3,17,17,43,57,57,92,102,102,102,173,173,189,207,226,246,266,295,295,328,376,376,279,311,34,34,34,34],"floor_reached":51,"campfire_rested":2,"playtime":1739,"current_hp_per_floor":[74,75,75,75,75,82,75,75,75,75,75,75,79,82,82,64,78,72,72,56,40,40,66,69,69,69,65,65,82,87,87,87,39,75,80,87,87,87,85,74,74,36,36,62,62,74,74,87,87,67],"items_purged":["Regret","Writhe"],"gold":34,"score":1340,"play_id":"a21adb41-ca86-44d4-9462-11d9717eb4ea","local_time":"20180413073943","is_prod":false,"is_daily":false,"chose_seed":false,"is_ascension_mode":true,"campfire_upgraded":8,"timestamp":1523623183,"path_taken":["M","M","?","?","$","E","?","R","T","R","?","R","M","E","R","BOSS","M","?","?","?","$","R","M","R","T","M","R","E","?","?","R","BOSS","M","M","M","M","M","E","?","E","T","R","$","E","$","?","R","BOSS"],"build_version":"2018-04-12","seed_source_timestamp":212937010183656,"purchased_purges":3,"victory":true,"master_deck":["Strike_R","Strike_R","Strike_R","Defend_R","Defend_R","Defend_R","Defend_R","Bash+1","AscendersBane","Whirlwind+1","Intimidate+1","Disarm","Metallicize","Disarm+1","Thunderclap","Feel No Pain+1","Demon Form+1","Shockwave","Seeing Red+1","Flex+1","Offering+1","Spot Weakness+1","Injury","Impervious","Flame Barrier+1","Shrug It Off","Feel No Pain","Decay","Battle Trance+1","Trip","Battle Trance"],"max_hp_per_floor":[75,75,75,75,75,82,82,82,82,82,82,82,82,82,82,82,82,82,82,87,87,87,87,87,87,87,87,87,87,87,87,87,87,87,87,87,87,87,87,87,87,87,87,87,87,87,87,87,87,87],"relics":["Black Blood","NeowsBlessing","Champion Belt","Bag of Preparation","Strawberry","Orichalcum","Question Card","Pen Nib","Nilry\u0027s Codex","Bag of Marbles","Blood Vial","Bottled Flame","Velvet Choker","Sundial","Du-Vu Doll","Dream Catcher","Omamori","Ancient Tea Set"],"card_choices":[{"not_picked":["Twin Strike","Cleave"],"picked":"Whirlwind","floor":1.0},{"not_picked":["Reckless Charge","Second Wind"],"picked":"Intimidate","floor":2.0},{"not_picked":["Flex","Sever Soul"],"picked":"Disarm","floor":6.0},{"not_picked":["Twin Strike","Warcry"],"picked":"Feel No Pain","floor":13.0},{"not_picked":["Berserk","Bludgeon","Exhume"],"picked":"Demon Form","floor":16.0},{"not_picked":["Sentinel","Anger","Infernal Blade"],"picked":"Shockwave","floor":18.0},{"not_picked":["Reckless Charge","Warcry","Shrug It Off"],"picked":"Seeing Red","floor":24.0},{"not_picked":["Pommel Strike","Fire Breathing","Blood for Blood"],"picked":"Flex","floor":27.0},{"not_picked":["Fiend Fire","Headbutt","Heavy Blade"],"picked":"Offering","floor":29.0},{"not_picked":["Perfected Strike","Sword Boomerang","Rupture"],"picked":"Spot Weakness","floor":30.0},{"not_picked":["Brutality","Demon Form","Berserk"],"picked":"Impervious","floor":33.0},{"not_picked":["Combust","Twin Strike","Flex"],"picked":"Flame Barrier","floor":35.0},{"not_picked":["Body Slam","Pommel Strike","Feed"],"picked":"Shrug It Off","floor":37.0},{"not_picked":["Sword Boomerang","Armaments","Brutality"],"picked":"Feel No Pain","floor":38.0},{"not_picked":["Warcry","Whirlwind","Infernal Blade"],"picked":"Battle Trance","floor":44.0}],"player_experience":449397,"potions_floor_usage":[],"damage_taken":[{"damage":0.0,"enemies":"Cultist","floor":1.0,"turns":1.0},{"damage":0.0,"enemies":"2 Louse","floor":2.0,"turns":1.0},{"damage":0.0,"enemies":"Lagavulin","floor":6.0,"turns":1.0},{"damage":2.0,"enemies":"Jaw Worm","floor":13.0,"turns":4.0},{"damage":1.0,"enemies":"3 Sentries","floor":14.0,"turns":6.0},{"damage":24.0,"enemies":"Slime Boss","floor":16.0,"turns":12.0},{"damage":16.0,"enemies":"Spheric Guardian","floor":18.0,"turns":6.0},{"damage":7.0,"enemies":"2 Thieves","floor":24.0,"turns":4.0},{"damage":16.0,"enemies":"Snake Plant","floor":27.0,"turns":6.0},{"damage":38.0,"enemies":"Gremlin Leader","floor":29.0,"turns":8.0},{"damage":0.0,"enemies":"Centurion and Healer","floor":30.0,"turns":2.0},{"damage":58.0,"enemies":"Automaton","floor":33.0,"turns":10.0},{"damage":7.0,"enemies":"Orb Walker","floor":35.0,"turns":2.0},{"damage":2.0,"enemies":"3 Shapes","floor":36.0,"turns":1.0},{"damage":4.0,"enemies":"Sphere and 2 Shapes","floor":37.0,"turns":1.0},{"damage":4.0,"enemies":"4 Shapes","floor":38.0,"turns":1.0},{"damage":12.0,"enemies":"Maw","floor":39.0,"turns":10.0},{"damage":23.0,"enemies":"2 Orb Walkers","floor":40.0,"turns":3.0},{"damage":50.0,"enemies":"Nemesis","floor":42.0,"turns":13.0},{"damage":0.0,"enemies":"2 Orb Walkers","floor":46.0,"turns":1.0},{"damage":30,"enemies":"Time Eater","floor":50,"turns":8}],"event_choices":[{"event_name":"Golden Shrine","player_choice":"Desecrate","floor":4.0,"damage_taken":0.0},{"event_name":"Golden Wing","player_choice":"Card Removal","floor":7.0,"damage_taken":0.0},{"event_name":"Living Wall","player_choice":"Change","floor":11.0,"damage_taken":0.0},{"event_name":"The Mausoleum","player_choice":"Yes","floor":19.0,"damage_taken":0.0},{"event_name":"Forgotten Altar","player_choice":"Shed Blood","floor":20.0,"damage_taken":0.0},{"event_name":"Cursed Tome","player_choice":"Obtained Book","floor":21.0,"damage_taken":0.0},{"event_name":"Accursed Blacksmith","player_choice":"Forge","floor":31.0,"damage_taken":0.0},{"event_name":"Wheel of Change","player_choice":"Curse","floor":41.0,"damage_taken":0.0},{"event_name":"Winding Halls","player_choice":"Writhe","floor":48.0,"damage_taken":0.0}],"boss_relics":[],"potions_floor_spawned":[6,13,14,16,24,27,29,30,37,38,39],"seed_played":"-2987876729923203351","ascension_level":14,"is_trial":false}