{"path_per_floor":["M","?","M","M","M","R","M","R","T","M","M","E","M","?","R","B",null,"M","$","M","M","M","R","M","R","T"],"character_chosen":"IRONCLAD","items_purchased":["Feel No Pain"],"gold_per_floor":[17,17,32,48,18,18,38,38,38,53,70,97,115,115,115,188,188,158,46,57,73,85,85,99,99,125,125],"floor_reached":27,"campfire_rested":1,"playtime":1121,"current_hp_per_floor":[67,67,63,67,69,69,61,61,61,62,55,52,62,51,51,57,71,51,51,52,26,42,42,21,43,43,0],"items_purged":["Perfected Strike"],"gold":125,"score":471,"play_id":"cda99c47-0406-4bc3-b29a-3b6ce8cf83ac","local_time":"20180414165955","is_prod":false,"is_daily":false,"chose_seed":false,"is_ascension_mode":true,"campfire_upgraded":4,"timestamp":1523743195,"path_taken":["M","?","M","M","M","R","M","R","T","M","M","E","M","?","R","BOSS","M","$","M","M","M","R","M","R","T","E"],"build_version":"2018-04-12","seed_source_timestamp":0,"purchased_purges":1,"victory":false,"master_deck":["Bash","AscendersBane","Demon Form+1","Shrug It Off","Sentinel","Infernal Blade+1","Disarm+1","Whirlwind+1","Ghostly Armor","Flame Barrier","Exhume","Warcry","Metallicize","Double Tap","True Grit","Shrug It Off","Shockwave","Intimidate","Pommel Strike","Armaments","Twin Strike","Pummel","Feel No Pain+1","Seeing Red","Impervious"],"max_hp_per_floor":[75,75,75,75,75,75,75,75,75,75,75,75,75,75,75,75,75,75,75,75,75,75,75,75,75,75,75],"relics":["Burning Blood","War Paint","Meat on the Bone","Pandora\u0027s Box","Orichalcum"],"card_choices":[{"not_picked":["Dark Embrace","Reaper"],"picked":"Demon Form","floor":0.0},{"not_picked":["Anger","Sentinel"],"picked":"Shrug It Off","floor":1.0},{"not_picked":["Perfected Strike","Clothesline"],"picked":"Infernal Blade","floor":3.0},{"not_picked":["Cleave","Sword Boomerang"],"picked":"Disarm","floor":4.0},{"not_picked":["Perfected Strike","Cleave"],"picked":"Whirlwind","floor":5.0},{"not_picked":["Heavy Blade","Anger"],"picked":"Ghostly Armor","floor":7.0},{"not_picked":["Rampage","Shrug It Off"],"picked":"Flame Barrier","floor":10.0},{"not_picked":["Sword Boomerang","Twin Strike"],"picked":"Exhume","floor":11.0},{"not_picked":["Sentinel","Body Slam"],"picked":"Warcry","floor":12.0},{"not_picked":["Corruption","Clash"],"picked":"Metallicize","floor":13.0},{"not_picked":["Brutality","Berserk"],"picked":"Double Tap","floor":16.0},{"not_picked":["Body Slam","Sword Boomerang"],"picked":"Seeing Red","floor":21},{"not_picked":["Perfected Strike","Heavy Blade"],"picked":"Impervious","floor":22}],"player_experience":458363,"potions_floor_usage":[],"damage_taken":[{"damage":7.0,"enemies":"Small Slimes","floor":1.0,"turns":4.0},{"damage":10.0,"enemies":"Cultist","floor":3.0,"turns":4.0},{"damage":2.0,"enemies":"Jaw Worm","floor":4.0,"turns":3.0},{"damage":4.0,"enemies":"Looter","floor":5.0,"turns":4.0},{"damage":14.0,"enemies":"Exordium Wildlife","floor":7.0,"turns":6.0},{"damage":5.0,"enemies":"Blue Slaver","floor":10.0,"turns":4.0},{"damage":13.0,"enemies":"Large Slime","floor":11.0,"turns":4.0},{"damage":9.0,"enemies":"3 Sentries","floor":12.0,"turns":3.0},{"damage":2.0,"enemies":"Exordium Wildlife","floor":13.0,"turns":3.0},{"damage":0.0,"enemies":"Slime Boss","floor":16.0,"turns":7.0},{"damage":26.0,"enemies":"2 Thieves","floor":18.0,"turns":5.0},{"damage":5.0,"enemies":"3 Byrds","floor":20.0,"turns":7.0},{"damage":44,"enemies":"Snecko","floor":21,"turns":8},{"damage":2,"enemies":"3 Cultists","floor":22,"turns":3},{"damage":39,"enemies":"Sentry and Sphere","floor":24,"turns":7},{"damage":51,"enemies":"Gremlin Leader","floor":27,"turns":7}],"event_choices":[{"event_name":"Match and Keep!","player_choice":"1 cards matched","floor":2.0,"damage_taken":0.0},{"event_name":"Scrap Ooze","player_choice":"unsuccessful","floor":14.0,"damage_taken":11.0}],"boss_relics":[],"potions_floor_spawned":[1,4,7,11,12,20,21],"seed_played":"-7600880591297151715","killed_by":"Gremlin Leader","ascension_level":15,"is_trial":false}