{"path_per_floor":["M","?","$","?","M","R","M","R","T","E","M","M","?","M","R","B",null,"M","M","?"],"character_chosen":"IRONCLAD","items_purchased":["Toolbox"],"gold_per_floor":[360,340,27,27,38,38,52,52,52,81,100,110,135,151,151,223,223,243,259,184,184],"floor_reached":21,"campfire_rested":0,"playtime":1011,"current_hp_per_floor":[67,67,67,67,72,72,75,75,75,32,31,34,31,40,40,20,64,34,51,51,0],"items_purged":["Injury"],"gold":184,"score":317,"play_id":"2b7d7a55-a00b-485d-a127-603c82ec982b","local_time":"20180412203119","is_prod":false,"is_daily":false,"is_ascension_mode":true,"campfire_upgraded":3,"timestamp":1523557879,"path_taken":["M","?","$","?","M","R","M","R","T","E","?","?","?","M","R","BOSS","M","M","?","M"],"build_version":"2018-04-05v2","purchased_purges":2,"victory":false,"master_deck":["Strike_R","Strike_R","Defend_R","Defend_R","Defend_R","Defend_R+1","Bash+1","AscendersBane","Shrug It Off+1","Evolve","Flex","Disarm","Uppercut","Demon Form+1","Impervious","Entrench+1","Brutality+1"],"max_hp_per_floor":[75,75,75,75,75,75,75,75,75,75,75,75,75,75,75,78,78,78,78,78,81],"relics":["Burning Blood","Toolbox","Dead Branch","Magic Flower","Odd Mushroom","Astrolabe"],"card_choices":[{"not_picked":["Heavy Blade","Thunderclap"],"picked":"Shrug It Off","floor":1},{"not_picked":["Anger","Pommel Strike"],"picked":"Evolve","floor":7},{"not_picked":["Thunderclap","Armaments"],"picked":"Flex","floor":10},{"not_picked":["Clothesline","Body Slam"],"picked":"Disarm","floor":12},{"not_picked":["Dropkick","Clash"],"picked":"Uppercut","floor":13},{"not_picked":["Heavy Blade","Blood for Blood"],"picked":"Demon Form","floor":14},{"not_picked":["Reaper","Brutality"],"picked":"Impervious","floor":16}],"player_experience":391484,"potions_floor_usage":[10,11,13,19,21],"damage_taken":[{"damage":7,"enemies":"Jaw Worm","floor":1,"turns":3},{"damage":1,"enemies":"Cultist","floor":5,"turns":4},{"damage":1,"enemies":"2 Louse","floor":7,"turns":4},{"damage":49,"enemies":"Lagavulin","floor":10,"turns":9},{"damage":10,"enemies":"Lots of Slimes","floor":11,"turns":3},{"damage":6,"enemies":"Large Slime","floor":12,"turns":5},{"damage":12,"enemies":"The Mushroom Lair","floor":13,"turns":6},{"damage":0,"enemies":"Gremlin Gang","floor":14,"turns":5},{"damage":34,"enemies":"Slime Boss","floor":16,"turns":8},{"damage":39,"enemies":"3 Byrds","floor":18,"turns":8},{"damage":12,"enemies":"Shell Parasite","floor":19,"turns":11},{"damage":61,"enemies":"Sentry and Sphere","floor":21,"turns":6}],"event_choices":[{"event_name":"The Woman in Blue","player_choice":"Bought 1 Potion","floor":2,"damage_taken":0},{"event_name":"Upgrade Shrine","player_choice":"Upgraded","floor":4,"damage_taken":0},{"event_name":"Mushrooms","player_choice":"Fought Mushrooms","floor":13,"damage_taken":0},{"event_name":"Beggar","player_choice":"Gave Gold","floor":20,"damage_taken":0}],"boss_relics":[{"not_picked":["Cursed Key","Runic Pyramid"],"picked":"Astrolabe"}],"potions_floor_spawned":[7,12,14,16],"seed_played":"-7189931415279782388","killed_by":"Sentry and Sphere","ascension_level":15,"is_trial":false}