{"path_per_floor":["M","?","?","M","M","R","M","R","T","R","?","$","M","E","R","B",null,"M","M","?","?","$","R","E","?","T","?","R","?","?","T","R"],"character_chosen":"IRONCLAD","items_purchased":["Evolve","Spot Weakness","True Grit"],"gold_per_floor":[119,119,119,135,152,152,170,170,170,170,200,52,71,102,102,179,179,192,205,205,205,81,81,107,157,157,157,157,157,82,108,108,108],"floor_reached":33,"campfire_rested":2,"playtime":957,"current_hp_per_floor":[65,54,54,51,51,51,51,51,51,51,51,51,57,37,59,30,64,55,35,35,50,50,50,38,38,38,38,60,60,60,60,60,0],"items_purged":["Strike_R"],"gold":108,"score":453,"play_id":"618595ea-3959-43a6-9d3c-71ba5df6f378","local_time":"20180417025830","is_prod":false,"is_daily":false,"chose_seed":false,"is_ascension_mode":true,"campfire_upgraded":5,"timestamp":1523926710,"path_taken":["M","?","?","M","M","R","M","R","T","R","?","$","M","E","R","BOSS","M","M","?","?","$","R","E","?","T","?","R","?","?","?","R","BOSS"],"build_version":"2018-04-12","seed_source_timestamp":55777739141468,"purchased_purges":1,"victory":false,"master_deck":["Strike_R","Strike_R","Defend_R","Defend_R","Bash+1","AscendersBane","Body Slam+1","Shrug It Off+1","Dual Wield+1","Evolve+1","Spot Weakness","Wild Strike","Offering+1","Burning Pact+1","Flame Barrier+1","Rampage+1","True Grit+1","Dark Embrace","Decay"],"max_hp_per_floor":[75,75,75,75,75,75,75,75,75,75,75,75,75,75,75,75,75,75,75,75,75,75,75,75,75,75,75,75,75,75,75,75,75],"relics":["Burning Blood","Bronze Scales","Paper Frog","Tiny Chest","Juzu Bracelet","Astrolabe","Pantograph","Frozen Egg 2","Bag of Preparation"],"card_choices":[{"not_picked":["Perfected Strike","Hemokinesis"],"picked":"Body Slam","floor":1},{"not_picked":["Clothesline","Fire Breathing"],"picked":"Shrug It Off","floor":5},{"not_picked":["Reckless Charge","Cleave"],"picked":"Dual Wield","floor":7},{"not_picked":["Anger","Twin Strike"],"picked":"Wild Strike","floor":13},{"not_picked":["Immolate","Brutality"],"picked":"Offering","floor":16},{"not_picked":["Clothesline","Heavy Blade"],"picked":"Dark Embrace","floor":24}],"player_experience":424849,"potions_floor_usage":[19,24,24,33,33],"damage_taken":[{"damage":9,"enemies":"Jaw Worm","floor":1,"turns":5},{"damage":9,"enemies":"2 Louse","floor":4,"turns":3},{"damage":6,"enemies":"Cultist","floor":5,"turns":3},{"damage":6,"enemies":"Looter","floor":7,"turns":3},{"damage":0,"enemies":"Large Slime","floor":13,"turns":6},{"damage":26,"enemies":"3 Sentries","floor":14,"turns":7},{"damage":35,"enemies":"Slime Boss","floor":16,"turns":9},{"damage":15,"enemies":"Spheric Guardian","floor":18,"turns":3},{"damage":26,"enemies":"Shell Parasite","floor":19,"turns":5},{"damage":18,"enemies":"Slavers","floor":24,"turns":6},{"damage":91,"enemies":"Champ","floor":33,"turns":11}],"event_choices":[{"event_name":"Scrap Ooze","player_choice":"success","floor":2,"damage_taken":11},{"event_name":"Living Wall","player_choice":"Grow","floor":3,"damage_taken":0},{"event_name":"Dead Adventurer","player_choice":"Searched \u00272\u0027 times","floor":11,"damage_taken":0},{"event_name":"Vampires","player_choice":"Ignored","floor":20,"damage_taken":0},{"event_name":"The Library","player_choice":"Heal","floor":21,"damage_taken":0},{"event_name":"The Joust","player_choice":"Bet on Murderer","floor":25,"damage_taken":0},{"event_name":"Forgotten Altar","player_choice":"Smashed Altar","floor":27,"damage_taken":0},{"event_name":"Accursed Blacksmith","player_choice":"Forge","floor":29,"damage_taken":0},{"event_name":"Beggar","player_choice":"Gave Gold","floor":30,"damage_taken":0}],"boss_relics":[{"not_picked":["Orrery","Sozu"],"picked":"Astrolabe"}],"potions_floor_spawned":[4,7,13,19,24],"seed_played":"2279086799035115990","killed_by":"Champ","ascension_level":15,"is_trial":false}