{"path_per_floor":["M","?","M","$","?","E","M","R","T","R","M","M","?","M","R","B",null,"M","?","M","M","M","R","E","$","T","?","M","R","$","M","R","B",null,"M","?","M","$","M","R","E","R","T","R","$","R","$","?","R","B"],"character_chosen":"IRONCLAD","items_purchased":["Whirlwind","Bag of Marbles","Juzu Bracelet","Sundial","Double Tap"],"gold_per_floor":[361,361,377,302,302,340,355,355,355,355,368,393,393,413,413,542,542,566,566,579,604,624,624,663,225,225,225,242,242,14,33,33,135,165,180,227,238,74,88,88,118,118,118,118,68,68,18,18,18,18],"floor_reached":51,"campfire_rested":0,"playtime":1509,"current_hp_per_floor":[44,70,69,69,49,35,35,35,35,35,40,46,29,37,37,18,87,83,67,80,84,87,87,87,87,87,87,87,87,87,85,85,20,92,92,106,106,106,106,106,104,104,104,104,104,104,104,104,104,44],"items_purged":["Defend_R","Defend_R","Defend_R","Strike_R","Strike_R"],"gold":18,"score":720,"play_id":"c04be998-36b3-43a3-99c9-fab3a86c24ed","local_time":"20180413201916","is_prod":false,"is_daily":false,"chose_seed":false,"is_ascension_mode":false,"campfire_upgraded":11,"timestamp":1523672356,"path_taken":["M","?","M","$","?","E","M","R","T","R","M","M","?","?","R","BOSS","M","?","M","M","M","R","E","$","T","?","M","R","$","M","R","BOSS","M","?","M","$","M","R","E","R","T","R","$","R","$","?","R","BOSS"],"build_version":"2018-04-12","seed_source_timestamp":240514289046947,"purchased_purges":5,"victory":true,"master_deck":["Strike_R+1","Strike_R+1","Strike_R","Defend_R+1","Bash+1","Flex+1","Shrug It Off+1","Dropkick+1","Thunderclap","Spot Weakness+1","Reaper","Necronomicurse","Seeing Red+1","Disarm+1","Cleave+1","Whirlwind+1","Offering+1","Battle Trance+1","Whirlwind+1","Double Tap+1","Limit Break+1"],"max_hp_per_floor":[80,80,80,80,80,87,87,87,87,87,87,87,87,87,87,87,87,87,87,87,87,87,87,87,87,87,87,87,87,87,87,87,87,92,92,106,106,106,106,106,106,106,106,106,106,106,106,106,106,106],"relics":["Burning Blood","Bloody Idol","Strawberry","Paper Frog","Runic Dome","Necronomicon","Smiling Mask","Bag of Marbles","Juzu Bracelet","The Courier","Sundial","Tiny House","Mango","Happy Flower","Molten Egg 2"],"card_choices":[{"not_picked":["Twin Strike","Heavy Blade"],"picked":"Flex","floor":1.0},{"not_picked":["Evolve","Body Slam"],"picked":"Shrug It Off","floor":3.0},{"not_picked":["Double Tap","Perfected Strike"],"picked":"Dropkick","floor":6.0},{"not_picked":["Clash","Twin Strike"],"picked":"Thunderclap","floor":7.0},{"not_picked":["Feel No Pain","Clothesline"],"picked":"Spot Weakness","floor":11.0},{"not_picked":["Heavy Blade","Reckless Charge"],"picked":"Reaper","floor":12.0},{"not_picked":["Anger","Flex"],"picked":"Seeing Red","floor":20.0},{"not_picked":["Metallicize","Anger"],"picked":"Disarm","floor":22.0},{"not_picked":["Headbutt","Ghostly Armor"],"picked":"Cleave","floor":24},{"not_picked":["Berserk","Reaper"],"picked":"Offering","floor":33},{"not_picked":["Ghostly Armor","Heavy Blade"],"picked":"Battle Trance","floor":34},{"not_picked":["Dual Wield","Havoc"],"picked":"Whirlwind","floor":35},{"not_picked":["Disarm","Perfected Strike"],"picked":"Limit Break","floor":41}],"player_experience":619492,"potions_floor_usage":[50,50,50],"damage_taken":[{"damage":2.0,"enemies":"Small Slimes","floor":1.0,"turns":3.0},{"damage":7.0,"enemies":"2 Louse","floor":3.0,"turns":4.0},{"damage":27.0,"enemies":"Gremlin Nob","floor":6.0,"turns":4.0},{"damage":6.0,"enemies":"Jaw Worm","floor":7.0,"turns":2.0},{"damage":1.0,"enemies":"Blue Slaver","floor":11.0,"turns":2.0},{"damage":0.0,"enemies":"Large Slime","floor":12.0,"turns":2.0},{"damage":26.0,"enemies":"Gremlin Gang","floor":14.0,"turns":4.0},{"damage":29.0,"enemies":"Hexaghost","floor":16.0,"turns":9.0},{"damage":10.0,"enemies":"2 Thieves","floor":18.0,"turns":2.0},{"damage":5.0,"enemies":"3 Byrds","floor":20.0,"turns":3.0},{"damage":9.0,"enemies":"3 Cultists","floor":21.0,"turns":4.0},{"damage":1.0,"enemies":"Centurion and Healer","floor":22.0,"turns":5.0},{"damage":29,"enemies":"Book of Stabbing","floor":24,"turns":5},{"damage":5,"enemies":"Chosen and Byrds","floor":28,"turns":2},{"damage":13,"enemies":"Snake Plant","floor":31,"turns":2},{"damage":104,"enemies":"Automaton","floor":33,"turns":9},{"damage":0,"enemies":"Orb Walker","floor":35,"turns":1},{"damage":0,"enemies":"Mysterious Sphere","floor":36,"turns":2},{"damage":0,"enemies":"3 Shapes","floor":37,"turns":1},{"damage":4,"enemies":"3 Darklings","floor":39,"turns":1},{"damage":13,"enemies":"Nemesis","floor":41,"turns":5},{"damage":82,"enemies":"Donu and Deca","floor":50,"turns":4}],"event_choices":[{"event_name":"Big Fish","player_choice":"Banana","floor":2.0,"damage_taken":0.0},{"event_name":"Golden Idol","player_choice":"Take Damage","floor":5.0,"damage_taken":0.0},{"event_name":"Shining Light","player_choice":"Entered Light","floor":13.0,"damage_taken":0.0},{"event_name":"Cursed Tome","player_choice":"Obtained Book","floor":19.0,"damage_taken":0.0},{"event_name":"Forgotten Altar","player_choice":"Gave Idol","floor":27,"damage_taken":0},{"event_name":"Mysterious Sphere","player_choice":"Fight","floor":36,"damage_taken":0},{"event_name":"Match and Keep!","player_choice":"0 cards matched","floor":48,"damage_taken":0}],"boss_relics":[{"not_picked":["Calling Bell","Eternal Feather"],"picked":"Tiny House"}],"potions_floor_spawned":[3,7,14,20,24,33,36,39],"seed_played":"-271098486051437922","ascension_level":0,"is_trial":false}