{"path_per_floor":["M","M","M","$","?","R","?","M","T","R","E","R","E","$","R","B",null,"M","$","M","M","M","R","M","R","T","M","M","?","M","?","R","B",null,"M","$","M","?","?","E","R"],"character_chosen":"IRONCLAD","items_purchased":["Inflame","Regal Pillow","Block Potion"],"gold_per_floor":[116,132,142,67,67,67,97,112,181,181,213,213,244,59,59,138,138,152,32,49,69,81,81,101,101,401,419,431,431,447,447,447,521,521,532,432,447,447,447,480,480,480],"floor_reached":42,"campfire_rested":6,"playtime":1529,"current_hp_per_floor":[63,59,55,55,48,48,48,43,43,68,51,51,33,33,75,36,79,53,53,44,29,11,56,34,79,79,58,34,34,28,28,76,1,85,71,71,24,53,102,28,85,55],"items_purged":["Strike_R","Strike_R","Decay"],"gold":480,"score":770,"play_id":"e91dd726-ea66-4bb4-950b-ff3e6dfbd2ed","local_time":"20180406191352","is_prod":false,"is_daily":false,"is_ascension_mode":true,"campfire_upgraded":2,"timestamp":1523060032,"path_taken":["M","M","M","$","?","R","?","?","T","R","E","R","E","$","R","BOSS","M","$","M","M","?","R","M","R","T","M","M","?","M","?","R","BOSS","M","$","M","?","?","E","R","M"],"build_version":"2018-04-05v2","purchased_purges":3,"victory":false,"master_deck":["Strike_R","Strike_R","Strike_R","Defend_R","Defend_R","Defend_R","Defend_R","Bash","AscendersBane","Sword Boomerang","Disarm","Intimidate","Cleave","Twin Strike","Feed+1","Uppercut+1","Seeing Red","Berserk","Pommel Strike+1","Inflame","Demon Form","Seeing Red","Shockwave","Shrug It Off","Injury","Thunderclap+1","Limit Break","Flame Barrier","Sword Boomerang+1","Writhe"],"max_hp_per_floor":[75,78,81,81,81,81,81,85,85,85,89,89,93,93,93,93,93,97,97,97,101,101,101,101,101,101,105,109,109,113,113,113,113,113,117,117,117,117,102,102,102,102],"relics":["Orrery","Pen Nib","Molten Egg 2","Blood Vial","The Courier","Regal Pillow","Cursed Key","Old Coin","Art of War","Eternal Feather","Bottled Flame"],"card_choices":[{"not_picked":["Perfected Strike","Hemokinesis"],"picked":"Sword Boomerang","floor":0.0},{"not_picked":["Armaments","Reckless Charge"],"picked":"Disarm","floor":0.0},{"not_picked":["Warcry","Armaments"],"picked":"Intimidate","floor":0.0},{"not_picked":["Anger","Blood for Blood"],"picked":"Cleave","floor":0.0},{"not_picked":["Heavy Blade","Anger"],"picked":"Twin Strike","floor":0.0},{"not_picked":["Combust","Clash"],"picked":"Feed","floor":1.0},{"not_picked":["Body Slam","Anger"],"picked":"Uppercut","floor":2.0},{"not_picked":["Clothesline","Wild Strike"],"picked":"Seeing Red","floor":8.0},{"not_picked":["Combust","Wild Strike"],"picked":"Berserk","floor":11.0},{"not_picked":["Clothesline","Bludgeon"],"picked":"Pommel Strike","floor":13.0},{"not_picked":["Impervious","Dark Embrace"],"picked":"Demon Form","floor":16.0},{"not_picked":["Twin Strike","Fire Breathing"],"picked":"Seeing Red","floor":18.0},{"not_picked":["Uppercut","Infernal Blade"],"picked":"Shockwave","floor":21.0},{"not_picked":["Warcry","Feel No Pain"],"picked":"Shrug It Off","floor":24.0},{"not_picked":["Wild Strike","Hemokinesis"],"picked":"Thunderclap","floor":27.0},{"not_picked":["Double Tap","Exhume"],"picked":"Limit Break","floor":33.0},{"not_picked":["Sword Boomerang","Intimidate"],"picked":"Flame Barrier","floor":35.0},{"not_picked":["Havoc","Entrench"],"picked":"Sword Boomerang","floor":37}],"player_experience":421673,"potions_floor_usage":[],"damage_taken":[{"damage":5.0,"enemies":"Jaw Worm","floor":1.0,"turns":4.0},{"damage":7.0,"enemies":"Small Slimes","floor":2.0,"turns":5.0},{"damage":7.0,"enemies":"2 Louse","floor":3.0,"turns":6.0},{"damage":9.0,"enemies":"Exordium Wildlife","floor":8.0,"turns":6.0},{"damage":21.0,"enemies":"Lagavulin","floor":11.0,"turns":7.0},{"damage":24.0,"enemies":"Gremlin Nob","floor":13.0,"turns":4.0},{"damage":41.0,"enemies":"The Guardian","floor":16.0,"turns":10.0},{"damage":32.0,"enemies":"Shell Parasite","floor":18.0,"turns":6.0},{"damage":11.0,"enemies":"Spheric Guardian","floor":20.0,"turns":3.0},{"damage":21.0,"enemies":"Centurion and Healer","floor":21.0,"turns":6.0},{"damage":20.0,"enemies":"Snecko","floor":22.0,"turns":4.0},{"damage":24.0,"enemies":"Snake Plant","floor":24.0,"turns":5.0},{"damage":27.0,"enemies":"Cultist and Chosen","floor":27.0,"turns":7.0},{"damage":30.0,"enemies":"3 Cultists","floor":28.0,"turns":5.0},{"damage":12.0,"enemies":"Centurion and Healer","floor":30.0,"turns":6.0},{"damage":77.0,"enemies":"Automaton","floor":33.0,"turns":8.0},{"damage":20.0,"enemies":"3 Shapes","floor":35.0,"turns":5.0},{"damage":49,"enemies":"3 Darklings","floor":37,"turns":5},{"damage":74,"enemies":"Giant Head","floor":40,"turns":8},{"damage":32,"enemies":"4 Shapes","floor":42,"turns":3}],"event_choices":[{"event_name":"Scrap Ooze","player_choice":"success","floor":5.0,"damage_taken":7.0},{"event_name":"Dead Adventurer","player_choice":"Searched \u00272\u0027 times","floor":7.0,"damage_taken":0.0},{"event_name":"Forgotten Altar","player_choice":"Smashed Altar","floor":29.0,"damage_taken":0.0},{"event_name":"The Mausoleum","player_choice":"Yes","floor":31.0,"damage_taken":0.0},{"event_name":"Winding Halls","player_choice":"Writhe","floor":38,"damage_taken":0},{"event_name":"The Moai Head","player_choice":"Heal","floor":39,"damage_taken":0}],"boss_relics":[],"potions_floor_spawned":[2,11,13,16,18,24,27,28,30,33,40],"seed_played":"5510571269322477844","killed_by":"4 Shapes","ascension_level":14,"is_trial":false}