{"path_per_floor":["M","M","?","M","?","R","E","$","T","R","M","R","?","?","R","B",null,"M","M"],"character_chosen":"IRONCLAD","items_purchased":[],"gold_per_floor":[110,127,127,144,144,144,170,95,95,95,105,105,105,105,105,182,182,153,173,173],"floor_reached":20,"campfire_rested":0,"playtime":592,"current_hp_per_floor":[68,66,61,65,65,65,60,60,70,70,68,68,68,68,68,53,77,57,33,0],"items_purged":["Strike_R"],"gold":173,"score":301,"play_id":"c0d20c98-0cbb-47ce-891f-d0346cbdbc7b","local_time":"20180416024308","is_prod":false,"is_daily":false,"chose_seed":false,"is_ascension_mode":true,"campfire_upgraded":4,"timestamp":1523839388,"path_taken":["M","M","?","M","?","R","E","$","T","R","M","R","?","?","R","BOSS","M","M","M"],"build_version":"2018-04-12","seed_source_timestamp":57724912959547,"purchased_purges":1,"victory":false,"master_deck":["Strike_R","Strike_R","Defend_R","Defend_R","Defend_R","Defend_R","Bash","AscendersBane","Demon Form+1","Clothesline","Disarm+1","Havoc+1","Shockwave","Fiend Fire","Warcry+1","Fiend Fire","Seeing Red"],"max_hp_per_floor":[75,75,75,75,75,75,75,75,85,85,85,85,85,85,85,85,85,85,85,85],"relics":["Burning Blood","Bag of Preparation","Centennial Puzzle","Pear","Eternal Feather"],"card_choices":[{"not_picked":["Sword Boomerang","Headbutt"],"picked":"Clothesline","floor":1},{"not_picked":["Iron Wave","True Grit"],"picked":"Disarm","floor":2},{"not_picked":["Headbutt","Cleave"],"picked":"Havoc","floor":4},{"not_picked":["Whirlwind","Heavy Blade"],"picked":"Fiend Fire","floor":7},{"not_picked":["Pommel Strike","Twin Strike"],"picked":"Warcry","floor":11},{"not_picked":["Double Tap","Immolate"],"picked":"Fiend Fire","floor":16},{"not_picked":["Clothesline","Fire Breathing"],"picked":"Seeing Red","floor":19}],"player_experience":413276,"potions_floor_usage":[18,19],"damage_taken":[{"damage":6,"enemies":"Cultist","floor":1,"turns":4},{"damage":8,"enemies":"Jaw Worm","floor":2,"turns":5},{"damage":2,"enemies":"Small Slimes","floor":4,"turns":5},{"damage":11,"enemies":"Lagavulin","floor":7,"turns":6},{"damage":8,"enemies":"Blue Slaver","floor":11,"turns":4},{"damage":21,"enemies":"Slime Boss","floor":16,"turns":4},{"damage":26,"enemies":"2 Thieves","floor":18,"turns":5},{"damage":30,"enemies":"3 Byrds","floor":19,"turns":6},{"damage":36,"enemies":"Snake Plant","floor":20,"turns":4}],"event_choices":[{"event_name":"Scrap Ooze","player_choice":"success","floor":3,"damage_taken":5},{"event_name":"Living Wall","player_choice":"Change","floor":5,"damage_taken":0},{"event_name":"Match and Keep!","player_choice":"0 cards matched","floor":13,"damage_taken":0},{"event_name":"Purifier","player_choice":"One Purge","floor":14,"damage_taken":0}],"boss_relics":[{"not_picked":["Runic Cube","Snecko Eye"],"picked":"Eternal Feather"}],"potions_floor_spawned":[4,18],"seed_played":"-151369498086296727","killed_by":"Snake Plant","ascension_level":15,"is_trial":false}