{"path_per_floor":["M","?","T","?","$","E","R","$","T","M","M","E","M","M","R","B",null,"M","$","?","M"],"character_chosen":"IRONCLAD","items_purchased":["Block Potion","Battle Trance"],"gold_per_floor":[116,116,116,116,41,74,74,25,25,40,56,81,93,108,108,179,179,192,15,15,27,27],"floor_reached":22,"campfire_rested":0,"playtime":649,"current_hp_per_floor":[74,74,74,67,67,73,73,73,73,75,75,75,75,74,74,53,70,26,26,26,10,0],"items_purged":["Strike_R","Normality"],"gold":27,"score":383,"play_id":"f994c698-04af-48b4-9297-b13c1f9472b3","local_time":"20180417142211","is_prod":false,"is_daily":false,"chose_seed":false,"is_ascension_mode":true,"campfire_upgraded":2,"timestamp":1523967731,"path_taken":["M","?","?","?","$","E","R","$","T","?","M","E","M","M","R","BOSS","M","$","?","M","M"],"build_version":"2018-04-12","seed_source_timestamp":11512624576117,"purchased_purges":2,"victory":false,"master_deck":["Strike_R","Strike_R","Strike_R","Defend_R","Defend_R","Defend_R","Defend_R","Bash+1","AscendersBane","Dropkick","Sever Soul","Clothesline","True Grit","Evolve","Dropkick","Spot Weakness","True Grit+1","Barricade+1","Doubt","Writhe","Battle Trance"],"max_hp_per_floor":[75,75,75,75,75,75,75,75,75,75,75,75,75,75,75,75,75,75,75,75,75,75],"relics":["Burning Blood","NeowsBlessing","Pantograph","Prayer Wheel","Bag of Preparation","Dream Catcher","Calling Bell","Bag of Marbles","Ancient Tea Set","Oddly Smooth Stone"],"card_choices":[{"not_picked":["Twin Strike","Power Through"],"picked":"Dropkick","floor":1},{"not_picked":["Cleave","Perfected Strike"],"picked":"Sever Soul","floor":6},{"not_picked":["Twin Strike","Pommel Strike"],"picked":"Clothesline","floor":9},{"not_picked":["Body Slam","Sword Boomerang"],"picked":"True Grit","floor":10},{"not_picked":["Sentinel","Twin Strike"],"picked":"Evolve","floor":11},{"not_picked":["Shockwave","Flex"],"picked":"Dropkick","floor":12},{"not_picked":["Bludgeon","Rampage"],"picked":"Spot Weakness","floor":13},{"not_picked":["Sword Boomerang","Evolve"],"picked":"True Grit","floor":14},{"not_picked":["Feed","Exhume"],"picked":"Barricade","floor":16}],"player_experience":430671,"potions_floor_usage":[12,16,18,21,21],"damage_taken":[{"damage":0,"enemies":"2 Louse","floor":1,"turns":2},{"damage":0,"enemies":"3 Sentries","floor":6,"turns":2},{"damage":0,"enemies":"Jaw Worm","floor":10,"turns":1},{"damage":0,"enemies":"Small Slimes","floor":11,"turns":3},{"damage":6,"enemies":"Gremlin Nob","floor":12,"turns":3},{"damage":2,"enemies":"3 Louse","floor":13,"turns":3},{"damage":7,"enemies":"Red Slaver","floor":14,"turns":2},{"damage":28,"enemies":"The Guardian","floor":16,"turns":12},{"damage":50,"enemies":"3 Byrds","floor":18,"turns":10},{"damage":34,"enemies":"2 Thieves","floor":21,"turns":5},{"damage":11,"enemies":"Snake Plant","floor":22,"turns":2}],"event_choices":[{"event_name":"Shining Light","player_choice":"Ignored","floor":2,"damage_taken":0},{"event_name":"Golden Wing","player_choice":"Card Removal","floor":4,"damage_taken":0},{"event_name":"Accursed Blacksmith","player_choice":"Forge","floor":20,"damage_taken":0}],"boss_relics":[{"not_picked":["Pandora\u0027s Box","Philosopher\u0027s Stone"],"picked":"Calling Bell"}],"potions_floor_spawned":[6,11,12,13,18],"seed_played":"-3404662557705914746","killed_by":"Snake Plant","ascension_level":15,"is_trial":false}