{"path_per_floor":["M","?","M","?","?","R","$","R","T","R","M","?","E","M","R","B",null,"M","?","$","M","$","E","?","M","T","M","$","R","E","M","R"],"character_chosen":"IRONCLAD","items_purchased":["Battle Trance","Inflame","Headbutt"],"gold_per_floor":[113,113,126,126,126,126,54,54,54,54,74,74,103,121,121,223,223,237,237,55,73,23,52,52,64,119,129,79,79,105,122,122,122],"floor_reached":33,"campfire_rested":2,"playtime":779,"current_hp_per_floor":[68,68,68,61,61,61,61,61,61,61,59,59,52,52,77,77,82,82,82,82,82,82,63,63,50,50,45,45,71,57,57,57,0],"items_purged":["Injury","Defend_R","Pain"],"gold":122,"score":500,"play_id":"3945c091-29a2-4537-9f7e-2aca96746b67","local_time":"20180407173306","is_prod":false,"is_daily":false,"is_ascension_mode":true,"campfire_upgraded":3,"timestamp":1523136786,"path_taken":["M","?","M","?","?","R","?","R","T","R","?","?","E","M","R","BOSS","M","?","$","M","$","E","?","M","T","M","$","R","E","M","R","BOSS"],"build_version":"2018-04-05v2","purchased_purges":3,"victory":false,"master_deck":["Strike_R","Strike_R","Strike_R","Defend_R","Defend_R","Defend_R","Bash","AscendersBane","Infernal Blade+1","Whirlwind+1","Battle Trance+1","Double Tap","Shrug It Off+1","Flex","Inflame","Headbutt","Flex+1","Infernal Blade+1","Flex"],"max_hp_per_floor":[80,80,80,80,80,80,80,80,80,80,80,80,82,84,84,84,84,84,84,84,84,84,86,86,86,86,88,88,88,90,90,90,90],"relics":["Cursed Key","Smiling Mask","Singing Bowl","Sozu","Girya","Prayer Wheel","Bronze Scales"],"card_choices":[{"not_picked":["Heavy Blade","True Grit"],"picked":"Infernal Blade","floor":1},{"not_picked":["Exhume","Feed"],"picked":"Double Tap","floor":16},{"not_picked":["Sword Boomerang","Body Slam"],"picked":"Shrug It Off","floor":18},{"not_picked":["Clash","Iron Wave"],"picked":"Flex","floor":21},{"not_picked":["Iron Wave","Shrug It Off"],"picked":"Infernal Blade","floor":25},{"not_picked":["Havoc","Headbutt"],"picked":"Flex","floor":31}],"player_experience":223612,"potions_floor_usage":[14,16,16,33],"damage_taken":[{"damage":4,"enemies":"2 Louse","floor":1,"turns":2},{"damage":0,"enemies":"Cultist","floor":3,"turns":2},{"damage":2,"enemies":"Jaw Worm","floor":11,"turns":3},{"damage":9,"enemies":"3 Sentries","floor":13,"turns":3},{"damage":2,"enemies":"Exordium Wildlife","floor":14,"turns":3},{"damage":0,"enemies":"Slime Boss","floor":16,"turns":3},{"damage":0,"enemies":"Chosen","floor":18,"turns":4},{"damage":0,"enemies":"3 Byrds","floor":21,"turns":1},{"damage":21,"enemies":"Book of Stabbing","floor":23,"turns":3},{"damage":13,"enemies":"3 Cultists","floor":25,"turns":3},{"damage":7,"enemies":"Centurion and Healer","floor":27,"turns":2},{"damage":16,"enemies":"Slavers","floor":30,"turns":3},{"damage":0,"enemies":"Chosen and Byrds","floor":31,"turns":3},{"damage":75,"enemies":"Champ","floor":33,"turns":6}],"event_choices":[{"event_name":"Transmorgrifier","player_choice":"Transform","floor":2,"damage_taken":0},{"event_name":"Golden Wing","player_choice":"Card Removal","floor":4,"damage_taken":0},{"event_name":"Liars Game","player_choice":"disagreed","floor":5,"damage_taken":0},{"event_name":"Match and Keep!","player_choice":"0 cards matched","floor":12,"damage_taken":0},{"event_name":"The Library","player_choice":"Read","floor":19,"damage_taken":0},{"event_name":"The Woman in Blue","player_choice":"Bought 0 Potions","floor":24,"damage_taken":0}],"boss_relics":[{"not_picked":["Runic Pyramid","Tiny House"],"picked":"Sozu"}],"potions_floor_spawned":[3,13,14,16,21,23,25,31],"seed_played":"3782684081441684201","killed_by":"Champ","ascension_level":10,"is_trial":false}