{"path_per_floor":["M","$","?","$","M","E","M","E","T","M","?","R","M","?","R","B",null,"M","?","$","M","M","R","E","R","T","M","?","M","$","?","R","B",null,"M","M","M","M","?","R","M","R","T","?","R","M","?","M","R"],"character_chosen":"IRONCLAD","items_purchased":["Flame Barrier","Swift Potion"],"gold_per_floor":[117,117,117,117,135,163,176,201,201,216,216,216,234,234,234,305,305,318,243,89,106,120,120,149,149,149,163,163,173,74,74,74,148,148,160,173,184,196,196,196,216,216,239,239,239,254,0,15,15,15],"floor_reached":50,"campfire_rested":4,"playtime":1140,"current_hp_per_floor":[74,74,74,74,75,75,75,39,39,45,45,45,51,51,51,75,75,60,60,60,36,55,55,29,51,51,63,63,49,49,49,71,21,62,68,70,71,25,25,47,36,58,58,58,58,36,36,51,51,0],"items_purged":["Strike_R","Decay"],"gold":15,"score":961,"play_id":"dfe7716d-6891-41db-874b-502b44249a5e","local_time":"20180414171904","is_prod":false,"is_daily":false,"chose_seed":false,"is_ascension_mode":true,"campfire_upgraded":5,"timestamp":1523744344,"path_taken":["M","$","?","$","?","E","M","E","T","?","?","R","M","?","R","BOSS","M","?","$","M","M","R","E","R","T","M","?","M","$","?","R","BOSS","M","M","M","M","?","R","M","R","T","?","R","M","?","M","R","BOSS"],"build_version":"2018-04-12","seed_source_timestamp":334735913979305,"purchased_purges":2,"victory":false,"master_deck":["Strike_R","Strike_R","Strike_R","Defend_R","Defend_R","Defend_R","Defend_R","Bash+1","AscendersBane","Cleave","Spot Weakness","Sword Boomerang","Whirlwind+1","Inflame+1","Reaper","Impervious","Flame Barrier+1","Flex+1","Seeing Red+1","Offering+1","Metallicize+1","Shrug It Off"],"max_hp_per_floor":[75,75,75,75,75,75,75,75,75,75,75,75,75,75,75,75,75,75,75,75,75,75,75,75,75,75,75,75,75,75,75,75,75,75,75,75,75,75,75,75,75,75,75,75,75,75,75,75,75,75],"relics":["Burning Blood","NeowsBlessing","Art of War","Pantograph","Sundial","Runic Dome","Oddly Smooth Stone","Smiling Mask","Sozu","Prayer Wheel","Ancient Tea Set","Red Mask"],"card_choices":[{"not_picked":["Thunderclap","Shrug It Off"],"picked":"Cleave","floor":5},{"not_picked":["Blood for Blood","Warcry"],"picked":"Spot Weakness","floor":6},{"not_picked":["Power Through","Shrug It Off"],"picked":"Sword Boomerang","floor":7},{"not_picked":["Ghostly Armor","Cleave"],"picked":"Whirlwind","floor":8},{"not_picked":["True Grit","Sever Soul"],"picked":"Inflame","floor":10},{"not_picked":["Second Wind","Evolve"],"picked":"Reaper","floor":13},{"not_picked":["Juggernaut","Demon Form"],"picked":"Impervious","floor":16},{"not_picked":["Blood for Blood","Cleave"],"picked":"Flex","floor":21},{"not_picked":["Havoc","Body Slam"],"picked":"Seeing Red","floor":27},{"not_picked":["Bludgeon","Exhume"],"picked":"Offering","floor":33},{"not_picked":["Pommel Strike","True Grit"],"picked":"Metallicize","floor":35},{"not_picked":["Corruption","Body Slam"],"picked":"Shrug It Off","floor":43}],"player_experience":459484,"potions_floor_usage":[22,22,33,33,48],"damage_taken":[{"damage":0,"enemies":"Small Slimes","floor":1,"turns":1},{"damage":0,"enemies":"Cultist","floor":5,"turns":1},{"damage":0,"enemies":"3 Sentries","floor":6,"turns":2},{"damage":3,"enemies":"2 Louse","floor":7,"turns":3},{"damage":42,"enemies":"Gremlin Nob","floor":8,"turns":5},{"damage":0,"enemies":"Lots of Slimes","floor":10,"turns":1},{"damage":0,"enemies":"Gremlin Gang","floor":13,"turns":1},{"damage":0,"enemies":"Slime Boss","floor":16,"turns":5},{"damage":28,"enemies":"Spheric Guardian","floor":18,"turns":4},{"damage":39,"enemies":"3 Byrds","floor":21,"turns":4},{"damage":9,"enemies":"Snake Plant","floor":22,"turns":4},{"damage":47,"enemies":"Book of Stabbing","floor":24,"turns":4},{"damage":1,"enemies":"Sentry and Sphere","floor":27,"turns":3},{"damage":20,"enemies":"Centurion and Healer","floor":29,"turns":4},{"damage":60,"enemies":"Collector","floor":33,"turns":8},{"damage":0,"enemies":"Orb Walker","floor":35,"turns":3},{"damage":4,"enemies":"3 Darklings","floor":36,"turns":1},{"damage":5,"enemies":"Sphere and 2 Shapes","floor":37,"turns":3},{"damage":62,"enemies":"Maw","floor":38,"turns":10},{"damage":18,"enemies":"4 Shapes","floor":41,"turns":3},{"damage":28,"enemies":"3 Darklings","floor":46,"turns":2},{"damage":14,"enemies":"Maw","floor":48,"turns":7},{"damage":94,"enemies":"Donu and Deca","floor":50,"turns":7}],"event_choices":[{"event_name":"Purifier","player_choice":"One Purge","floor":3,"damage_taken":0},{"event_name":"Accursed Blacksmith","player_choice":"Forge","floor":11,"damage_taken":0},{"event_name":"Dead Adventurer","player_choice":"Searched \u00271\u0027 times","floor":14,"damage_taken":0},{"event_name":"Beggar","player_choice":"Gave Gold","floor":19,"damage_taken":0},{"event_name":"Forgotten Altar","player_choice":"Smashed Altar","floor":28,"damage_taken":0},{"event_name":"The Lab","player_choice":"Got Potions","floor":31,"damage_taken":0},{"event_name":"Wheel of Change","player_choice":"Relic","floor":39,"damage_taken":0},{"event_name":"SecretPortal","player_choice":"Rejected Portal.","floor":44,"damage_taken":0},{"event_name":"Tomb of Lord Red Mask","player_choice":"Paid","floor":47,"damage_taken":0}],"boss_relics":[{"not_picked":["Lizard Tail","Cursed Key"],"picked":"Runic Dome"},{"not_picked":["Mark of Pain","Orrery"],"picked":"Sozu"}],"potions_floor_spawned":[5,10,16,22,24,27,29,35,36,48],"seed_played":"555549951481392335","killed_by":"Donu and Deca","ascension_level":15,"is_trial":false}