{"path_per_floor":["M","?","M","M","$","E","?","R","T","?","R","E","M","E","R","B",null,"M","T","$","?","$"],"character_chosen":"IRONCLAD","items_purchased":["Reckless Charge","Spot Weakness","Inflame","Cleave"],"gold_per_floor":[115,115,126,137,43,75,0,0,24,24,24,49,67,95,95,172,172,192,216,60,60,13,13],"floor_reached":23,"campfire_rested":0,"playtime":645,"current_hp_per_floor":[74,74,75,75,75,61,61,61,61,61,61,37,43,41,41,40,66,50,50,50,50,50,0],"items_purged":["Limit Break"],"gold":13,"score":359,"play_id":"cd1405c3-a6d9-4333-a402-8ef2a29f3a54","local_time":"20180416232411","is_prod":false,"is_daily":false,"chose_seed":false,"is_ascension_mode":true,"campfire_upgraded":3,"timestamp":1523913851,"path_taken":["M","?","M","?","$","E","?","R","T","?","R","E","M","E","R","BOSS","M","?","$","?","?","E"],"build_version":"2018-04-12","seed_source_timestamp":43255928075526,"purchased_purges":1,"victory":false,"master_deck":["Strike_R","Strike_R","Strike_R","Defend_R","Defend_R","Defend_R","Defend_R","Bash+1","AscendersBane","Uppercut+1","Power Through","Reckless Charge","Spot Weakness","Carnage+1","Battle Trance","Armaments","Inflame","Cleave"],"max_hp_per_floor":[75,75,75,75,75,75,75,75,75,75,75,75,75,75,75,75,75,75,75,75,75,75,75],"relics":["Burning Blood","NeowsBlessing","Bag of Marbles","Lantern","Omamori","Prayer Wheel","Orrery","Juzu Bracelet"],"card_choices":[{"not_picked":["Armaments","Body Slam"],"picked":"Uppercut","floor":1},{"not_picked":["Corruption","Dropkick"],"picked":"Power Through","floor":4},{"not_picked":["Exhume","Juggernaut"],"picked":"Limit Break","floor":16},{"not_picked":["Uppercut","Pummel"],"picked":"Battle Trance","floor":17},{"not_picked":["Clothesline","Body Slam"],"picked":"Armaments","floor":17}],"player_experience":415905,"potions_floor_usage":[6,12,23],"damage_taken":[{"damage":0,"enemies":"2 Louse","floor":1,"turns":1},{"damage":0,"enemies":"Cultist","floor":3,"turns":1},{"damage":0,"enemies":"Small Slimes","floor":4,"turns":1},{"damage":20,"enemies":"3 Sentries","floor":6,"turns":9},{"damage":30,"enemies":"Lagavulin","floor":12,"turns":4},{"damage":0,"enemies":"2 Fungi Beasts","floor":13,"turns":3},{"damage":8,"enemies":"3 Sentries","floor":14,"turns":9},{"damage":7,"enemies":"Slime Boss","floor":16,"turns":9},{"damage":22,"enemies":"Spheric Guardian","floor":18,"turns":4},{"damage":67,"enemies":"Gremlin Leader","floor":23,"turns":7}],"event_choices":[{"event_name":"Shining Light","player_choice":"Ignored","floor":2,"damage_taken":0},{"event_name":"The Cleric","player_choice":"Card Removal","floor":7,"damage_taken":0},{"event_name":"Transmorgrifier","player_choice":"Transform","floor":10,"damage_taken":0},{"event_name":"The Lab","player_choice":"Got Potions","floor":21,"damage_taken":0}],"boss_relics":[{"not_picked":["Runic Pyramid","Runic Dome"],"picked":"Orrery"}],"potions_floor_spawned":[3,4,16,18],"seed_played":"-2395530111247129428","killed_by":"Gremlin Leader","ascension_level":15,"is_trial":false}