{"path_per_floor":["M","?","M","M","M","R","E","?","T","E","?","M","M","E","R"],"character_chosen":"IRONCLAD","items_purchased":[],"gold_per_floor":[118,118,141,161,174,174,207,280,280,321,377,398,414,457,457,457],"floor_reached":16,"campfire_rested":1,"playtime":1674,"current_hp_per_floor":[80,60,63,68,64,64,35,15,25,23,23,12,17,10,52,0],"items_purged":[],"gold":457,"score":122,"play_id":"473a9519-60c4-4a8e-9a03-49bb9bbc4675","local_time":"20180416011048","is_prod":false,"is_daily":false,"chose_seed":false,"is_ascension_mode":false,"campfire_upgraded":1,"timestamp":1523855448,"path_taken":["M","?","M","M","?","R","E","?","T","E","?","M","M","E","R","BOSS"],"build_version":"2018-04-12","seed_source_timestamp":28574987450903,"purchased_purges":0,"victory":false,"master_deck":["Strike_R","Strike_R+1","Strike_R","Strike_R+1","Strike_R","Defend_R","Defend_R","Defend_R","Defend_R","Bash","Uppercut+1","Double Tap","Twin Strike","Rampage","Searing Blow","Reaper"],"max_hp_per_floor":[80,80,80,80,80,80,80,80,90,90,90,90,90,90,90,90],"relics":["Burning Blood","Golden Idol","Regal Pillow","Lantern","Pear","Juzu Bracelet","Whetstone"],"card_choices":[{"not_picked":["Iron Wave","Sword Boomerang"],"picked":"Uppercut","floor":1},{"not_picked":["Perfected Strike","Armaments"],"picked":"Double Tap","floor":4},{"not_picked":["Corruption","Thunderclap"],"picked":"Twin Strike","floor":5},{"not_picked":["True Grit","Rage"],"picked":"Rampage","floor":8},{"not_picked":["Perfected Strike","Pommel Strike"],"picked":"Searing Blow","floor":10},{"not_picked":["Blood for Blood","Clash"],"picked":"Reaper","floor":13}],"player_experience":5343,"potions_floor_usage":[16,16,16],"damage_taken":[{"damage":6,"enemies":"Jaw Worm","floor":1,"turns":5},{"damage":3,"enemies":"Small Slimes","floor":3,"turns":3},{"damage":1,"enemies":"Cultist","floor":4,"turns":3},{"damage":10,"enemies":"Looter","floor":5,"turns":4},{"damage":35,"enemies":"3 Sentries","floor":7,"turns":6},{"damage":26,"enemies":"Gremlin Nob","floor":8,"turns":4},{"damage":8,"enemies":"Lagavulin","floor":10,"turns":5},{"damage":17,"enemies":"3 Louse","floor":12,"turns":4},{"damage":1,"enemies":"2 Fungi Beasts","floor":13,"turns":3},{"damage":25,"enemies":"3 Sentries","floor":14,"turns":7},{"damage":62,"enemies":"Hexaghost","floor":16,"turns":11}],"event_choices":[{"event_name":"Golden Idol","player_choice":"Take Damage","floor":2,"damage_taken":0},{"event_name":"Dead Adventurer","player_choice":"Searched \u00272\u0027 times","floor":8,"damage_taken":0},{"event_name":"Golden Wing","player_choice":"Gained Gold","floor":11,"damage_taken":0}],"boss_relics":[],"potions_floor_spawned":[4,5,8,8,14],"seed_played":"-3982413482572612429","killed_by":"Hexaghost","ascension_level":0,"is_trial":false}