{"path_per_floor":["M","?","$","?","M","R","?","E","T","R","?","M","M","M","R"],"character_chosen":"IRONCLAD","items_purchased":[],"gold_per_floor":[11,11,11,11,21,21,85,110,110,110,131,142,160,172,172,172],"floor_reached":16,"campfire_rested":0,"playtime":394,"current_hp_per_floor":[78,78,78,78,80,80,62,62,62,62,59,65,67,56,56,0],"items_purged":[],"gold":172,"score":155,"play_id":"b660828d-2e01-4078-8e0e-8274a1befb0e","local_time":"20180407173551","is_prod":false,"is_daily":false,"is_ascension_mode":true,"campfire_upgraded":0,"timestamp":1523136951,"path_taken":["M","?","$","?","?","R","?","E","T","R","?","?","M","M","R","BOSS"],"build_version":"2018-04-05v2","purchased_purges":0,"victory":false,"master_deck":["Strike_R","Strike_R","Strike_R","Strike_R","Defend_R","Defend_R+1","Defend_R","Defend_R+1","Bash","AscendersBane","Searing Blow","Perfected Strike","Whirlwind","Headbutt","Thunderclap"],"max_hp_per_floor":[80,80,80,80,80,80,80,80,80,80,80,80,80,80,80,80],"relics":["Burning Blood","Shovel","Mercury Hourglass","War Paint","Anchor","Dodecahedron","Oddly Smooth Stone","Odd Mushroom","Regal Pillow"],"card_choices":[{"not_picked":["Flex","Pommel Strike"],"picked":"Searing Blow","floor":1},{"not_picked":["Anger","Sword Boomerang"],"picked":"Whirlwind","floor":5},{"not_picked":["Pommel Strike","Clothesline"],"picked":"Headbutt","floor":13},{"not_picked":["Flame Barrier","Burning Pact"],"picked":"Thunderclap","floor":14}],"player_experience":504815,"potions_floor_usage":[8,8,13],"damage_taken":[{"damage":0,"enemies":"Small Slimes","floor":1,"turns":3},{"damage":3,"enemies":"2 Louse","floor":5,"turns":3},{"damage":24,"enemies":"Gremlin Nob","floor":7,"turns":4},{"damage":6,"enemies":"Gremlin Nob","floor":8,"turns":4},{"damage":9,"enemies":"The Mushroom Lair","floor":11,"turns":3},{"damage":0,"enemies":"Cultist","floor":12,"turns":3},{"damage":4,"enemies":"Large Slime","floor":13,"turns":4},{"damage":17,"enemies":"Exordium Wildlife","floor":14,"turns":4},{"damage":58,"enemies":"Slime Boss","floor":16,"turns":8}],"event_choices":[{"event_name":"The Cleric","player_choice":"Leave","floor":2,"damage_taken":0},{"event_name":"Living Wall","player_choice":"Change","floor":4,"damage_taken":0},{"event_name":"Dead Adventurer","player_choice":"Searched \u00272\u0027 times","floor":7,"damage_taken":0},{"event_name":"Mushrooms","player_choice":"Fought Mushrooms","floor":11,"damage_taken":0}],"boss_relics":[],"potions_floor_spawned":[5,7,7,8,12],"seed_played":"-8762288729025294813","killed_by":"Slime Boss","ascension_level":11,"is_trial":false}