{"path_per_floor":["M","M","?","?","$","E","?","R","T","E","M","M","?","?","R"],"character_chosen":"IRONCLAD","items_purchased":["Rupture"],"gold_per_floor":[110,126,126,86,16,346,521,521,521,548,558,570,570,570,570,570],"floor_reached":16,"campfire_rested":2,"playtime":1093,"current_hp_per_floor":[72,60,57,57,57,38,38,62,62,22,10,2,2,2,26,0],"items_purged":[],"gold":570,"score":108,"play_id":"fd70edee-d307-4801-a329-6c9f43a7f77b","local_time":"20180416202902","is_prod":false,"is_daily":false,"chose_seed":false,"is_ascension_mode":false,"campfire_upgraded":0,"timestamp":1523924942,"path_taken":["M","M","?","?","$","E","?","R","T","E","M","?","?","?","R","BOSS"],"build_version":"2018-04-12","seed_source_timestamp":14055564915344,"purchased_purges":0,"victory":false,"master_deck":["Strike_R","Strike_R","Strike_R","Strike_R","Defend_R","Defend_R","Defend_R","Defend_R","Bash","Combust","Rupture","Berserk","Doubt","Bloodletting","Shrug It Off","Flex","Injury"],"max_hp_per_floor":[80,80,80,80,80,80,80,80,80,80,80,80,80,80,80,80],"relics":["Black Star","Pen Nib","Dead Branch","Old Coin","Dodecahedron","Ornamental Fan","Molten Egg 2","Golden Idol"],"card_choices":[{"not_picked":["Sentinel","Body Slam"],"picked":"Combust","floor":2},{"not_picked":["Pommel Strike","Thunderclap"],"picked":"Berserk","floor":6},{"not_picked":["Havoc","Cleave"],"picked":"Bloodletting","floor":10},{"not_picked":["Reckless Charge","Twin Strike"],"picked":"Shrug It Off","floor":11},{"not_picked":["Flame Barrier","Thunderclap"],"picked":"Flex","floor":12}],"player_experience":57928,"potions_floor_usage":[6,10,12,12],"damage_taken":[{"damage":8,"enemies":"2 Louse","floor":1,"turns":2},{"damage":12,"enemies":"Small Slimes","floor":2,"turns":5},{"damage":19,"enemies":"3 Sentries","floor":6,"turns":5},{"damage":40,"enemies":"Lagavulin","floor":10,"turns":7},{"damage":12,"enemies":"Jaw Worm","floor":11,"turns":3},{"damage":8,"enemies":"Exordium Thugs","floor":12,"turns":5},{"damage":28,"enemies":"Hexaghost","floor":16,"turns":9}],"event_choices":[{"event_name":"Scrap Ooze","player_choice":"success","floor":3,"damage_taken":3},{"event_name":"The Woman in Blue","player_choice":"Bought 3 Potions","floor":4,"damage_taken":0},{"event_name":"Liars Game","player_choice":"agreed","floor":7,"damage_taken":0},{"event_name":"Golden Idol","player_choice":"Take Wound","floor":13,"damage_taken":0},{"event_name":"Living Wall","player_choice":"Forget","floor":14,"damage_taken":0}],"boss_relics":[],"potions_floor_spawned":[10,11],"seed_played":"-7485739966174832753","killed_by":"Hexaghost","ascension_level":0,"is_trial":false}