{"path_per_floor":["M","?","?","$","M","E","R","M","T","M","$","M","?","?","R","B",null,"M","T","M","M","?","R","E","R","T","?","M"],"character_chosen":"IRONCLAD","items_purchased":["Dropkick","Pummel"],"gold_per_floor":[119,119,119,44,64,97,97,117,169,183,73,90,90,90,90,186,186,198,225,236,253,253,253,278,278,304,304,322,322],"floor_reached":29,"campfire_rested":2,"playtime":789,"current_hp_per_floor":[75,75,75,75,80,59,59,65,65,57,57,60,44,44,68,41,82,82,82,57,47,47,47,38,62,62,62,70,0],"items_purged":["Normality"],"gold":322,"score":243,"play_id":"10a3f05a-6577-40ca-8da6-00eab8a6ca34","local_time":"20180409113424","is_prod":false,"is_daily":false,"is_ascension_mode":false,"campfire_upgraded":2,"timestamp":1523288064,"path_taken":["M","?","?","$","M","E","R","M","T","?","$","M","?","?","R","BOSS","M","?","?","?","?","R","E","R","T","?","M","E"],"build_version":"2018-04-05v2","purchased_purges":1,"victory":false,"master_deck":["Bash","Thunderclap+1","Cleave","Double Tap+1","Armaments+1","Flex","Dropkick","Pummel+1","Reaper","Body Slam+1","Wild Strike","Thunderclap","Heavy Blade","Corruption","Clothesline+1","Entrench+1","Shrug It Off+1","Armaments+1","Infernal Blade","Battle Trance","Flex"],"max_hp_per_floor":[80,80,80,80,80,80,80,80,80,80,80,82,82,82,82,82,82,82,82,82,82,82,82,82,82,82,82,84,84],"relics":["Burning Blood","Singing Bowl","Omamori","Lantern","Pandora\u0027s Box","Bag of Preparation","Whetstone","War Paint"],"card_choices":[{"not_picked":["Clothesline","Seeing Red"],"picked":"Thunderclap","floor":1},{"not_picked":["Iron Wave","Warcry"],"picked":"Cleave","floor":5},{"not_picked":["Flex","Clash"],"picked":"Double Tap","floor":6},{"not_picked":["Thunderclap","Body Slam"],"picked":"Armaments","floor":8},{"not_picked":["Thunderclap","Heavy Blade"],"picked":"Flex","floor":10},{"not_picked":["Berserk","Bludgeon"],"picked":"Reaper","floor":16},{"not_picked":["Clothesline","Body Slam"],"picked":"Shrug It Off","floor":18},{"not_picked":["Cleave","Wild Strike"],"picked":"Armaments","floor":20},{"not_picked":["Pommel Strike","Corruption"],"picked":"Infernal Blade","floor":21},{"not_picked":["Berserk","True Grit"],"picked":"Flex","floor":24}],"player_experience":239187,"potions_floor_usage":[6,16,20,21,24],"damage_taken":[{"damage":11,"enemies":"Jaw Worm","floor":1,"turns":2},{"damage":1,"enemies":"Cultist","floor":5,"turns":3},{"damage":27,"enemies":"Gremlin Nob","floor":6,"turns":4},{"damage":0,"enemies":"2 Louse","floor":8,"turns":2},{"damage":14,"enemies":"Blue Slaver","floor":10,"turns":3},{"damage":5,"enemies":"Gremlin Gang","floor":12,"turns":3},{"damage":33,"enemies":"Hexaghost","floor":16,"turns":8},{"damage":0,"enemies":"Spheric Guardian","floor":18,"turns":3},{"damage":31,"enemies":"3 Byrds","floor":20,"turns":5},{"damage":40,"enemies":"Centurion and Healer","floor":21,"turns":6},{"damage":15,"enemies":"Book of Stabbing","floor":24,"turns":4},{"damage":5,"enemies":"3 Cultists","floor":28,"turns":4},{"damage":84,"enemies":"Gremlin Leader","floor":29,"turns":6}],"event_choices":[{"event_name":"Accursed Blacksmith","player_choice":"Rummage","floor":2,"damage_taken":0},{"event_name":"Upgrade Shrine","player_choice":"Upgraded","floor":3,"damage_taken":0},{"event_name":"Shining Light","player_choice":"Entered Light","floor":13,"damage_taken":0},{"event_name":"Living Wall","player_choice":"Forget","floor":14,"damage_taken":0},{"event_name":"The Library","player_choice":"Read","floor":22,"damage_taken":0},{"event_name":"Back to Basics","player_choice":"Elegance","floor":27,"damage_taken":0}],"boss_relics":[{"not_picked":["Black Star","Eternal Feather"],"picked":"Pandora\u0027s Box"}],"potions_floor_spawned":[5,6,10,12,18,20],"seed_played":"9079350139578221520","killed_by":"Gremlin Leader","ascension_level":0,"is_trial":false}