{"path_per_floor":["M","?","?","$","M","E","R","M","T","R","M","M","E","M","R","B",null,"M","T","?","$","?","R","M","R","T","M","T"],"character_chosen":"IRONCLAD","items_purchased":["Clothesline","Poison Potion","Panache"],"gold_per_floor":[115,190,190,42,63,98,98,116,142,142,163,176,210,231,231,320,320,339,339,339,33,33,33,57,57,57,81,108,108],"floor_reached":29,"campfire_rested":4,"playtime":1085,"current_hp_per_floor":[68,57,57,57,63,9,31,36,36,58,52,33,25,20,44,22,63,51,51,51,51,51,51,33,56,56,54,54,0],"items_purged":["Injury","Pain"],"gold":108,"score":408,"play_id":"40b9f845-8213-460a-aec1-cd6ee8040999","local_time":"20180413001056","is_prod":false,"is_daily":false,"is_ascension_mode":true,"campfire_upgraded":1,"timestamp":1523571056,"path_taken":["M","?","?","$","M","E","R","M","T","R","M","M","E","?","R","BOSS","M","?","?","$","?","R","M","R","T","M","?","E"],"build_version":"2018-04-05v2","purchased_purges":2,"victory":false,"master_deck":["Strike_R+1","Strike_R","Strike_R","Strike_R","Defend_R","Defend_R","Defend_R","Defend_R","Bash","AscendersBane","Whirlwind+1","Shrug It Off","Clothesline","Disarm+1","Feel No Pain+1","Shockwave","Demon Form","Clash","Barricade","Panache","Disarm","Infernal Blade+1","Clumsy","Flame Barrier+1","Pain"],"max_hp_per_floor":[75,75,75,75,75,75,75,75,75,75,75,75,75,75,77,77,77,79,79,79,79,79,79,79,79,79,79,79,79],"relics":["Burning Blood","Golden Idol","Shuriken","Singing Bowl","Dream Catcher","Cursed Key","Whetstone","Champion Belt","Ancient Tea Set"],"card_choices":[{"not_picked":["Sentinel","Warcry"],"picked":"Shrug It Off","floor":1},{"not_picked":["Uppercut","Flame Barrier"],"picked":"Disarm","floor":6},{"not_picked":["Wild Strike","Cleave"],"picked":"Feel No Pain","floor":11},{"not_picked":["Perfected Strike","Body Slam"],"picked":"Shockwave","floor":12},{"not_picked":["Fiend Fire","Uppercut"],"picked":"Demon Form","floor":13},{"not_picked":["Perfected Strike","Thunderclap"],"picked":"Clash","floor":14},{"not_picked":["Feed","Dark Embrace"],"picked":"Barricade","floor":16},{"not_picked":["Heavy Blade","Armaments"],"picked":"Disarm","floor":24},{"not_picked":["Wild Strike","Dropkick"],"picked":"Infernal Blade","floor":25},{"not_picked":["Anger","Shrug It Off"],"picked":"Flame Barrier","floor":27}],"player_experience":396854,"potions_floor_usage":[6,12,16,29],"damage_taken":[{"damage":6,"enemies":"Small Slimes","floor":1,"turns":4},{"damage":0,"enemies":"Jaw Worm","floor":5,"turns":5},{"damage":60,"enemies":"Lagavulin","floor":6,"turns":8},{"damage":1,"enemies":"2 Louse","floor":8,"turns":4},{"damage":12,"enemies":"2 Fungi Beasts","floor":11,"turns":5},{"damage":25,"enemies":"Gremlin Gang","floor":12,"turns":4},{"damage":14,"enemies":"3 Sentries","floor":13,"turns":10},{"damage":11,"enemies":"Red Slaver","floor":14,"turns":7},{"damage":28,"enemies":"The Guardian","floor":16,"turns":12},{"damage":20,"enemies":"3 Byrds","floor":18,"turns":5},{"damage":24,"enemies":"Chosen","floor":24,"turns":7},{"damage":8,"enemies":"Snake Plant","floor":27,"turns":5},{"damage":54,"enemies":"Slavers","floor":29,"turns":7}],"event_choices":[{"event_name":"World of Goop","player_choice":"Gather Gold","floor":2,"damage_taken":0},{"event_name":"Golden Idol","player_choice":"Take Wound","floor":3,"damage_taken":0},{"event_name":"Upgrade Shrine","player_choice":"Upgraded","floor":20,"damage_taken":0},{"event_name":"Vampires","player_choice":"Ignored","floor":22,"damage_taken":0}],"boss_relics":[{"not_picked":["Eternal Feather","White Beast Statue"],"picked":"Cursed Key"}],"potions_floor_spawned":[5,6,16],"seed_played":"-6438893616375693194","killed_by":"Slavers","ascension_level":15,"is_trial":false}