{"path_per_floor":["M","?","M","$","M","E","M","E","T","R","?","M","?","M","R"],"character_chosen":"IRONCLAD","items_purchased":["Vajra","True Grit"],"gold_per_floor":[110,260,280,27,39,73,93,119,195,195,195,212,212,231,231,231],"floor_reached":16,"campfire_rested":1,"playtime":612,"current_hp_per_floor":[74,74,75,75,75,53,52,31,31,31,31,25,25,10,32,0],"items_purged":["Doubt"],"gold":231,"score":196,"play_id":"7ebc92d1-702c-4f84-af42-7e49a108f667","local_time":"20180416233516","is_prod":false,"is_daily":false,"chose_seed":false,"is_ascension_mode":true,"campfire_upgraded":1,"timestamp":1523914516,"path_taken":["M","?","?","$","M","E","M","E","T","R","?","?","?","M","R","BOSS"],"build_version":"2018-04-12","seed_source_timestamp":43943123197397,"purchased_purges":1,"victory":false,"master_deck":["Strike_R","Strike_R","Strike_R","Defend_R","Defend_R","Defend_R","Defend_R","Bash","AscendersBane","Reckless Charge","True Grit","True Grit","Reaper","Disarm+1","Seeing Red","Offering","Power Through","Intimidate"],"max_hp_per_floor":[75,75,75,75,75,75,75,75,75,75,75,75,75,75,75,75],"relics":["Burning Blood","NeowsBlessing","Vajra","Darkstone Periapt","Peace Pipe","Toolbox"],"card_choices":[{"not_picked":["Iron Wave","Perfected Strike"],"picked":"Reckless Charge","floor":1},{"not_picked":["Thunderclap","Rupture"],"picked":"True Grit","floor":3},{"not_picked":["Twin Strike","Body Slam"],"picked":"Reaper","floor":5},{"not_picked":["Pummel","Metallicize"],"picked":"Disarm","floor":6},{"not_picked":["Flex","Cleave"],"picked":"Seeing Red","floor":7},{"not_picked":["Clothesline","Perfected Strike"],"picked":"Offering","floor":8},{"not_picked":["Havoc","Burning Pact"],"picked":"Power Through","floor":12}],"player_experience":416550,"potions_floor_usage":[8,8],"damage_taken":[{"damage":0,"enemies":"Jaw Worm","floor":1,"turns":1},{"damage":0,"enemies":"Small Slimes","floor":3,"turns":1},{"damage":0,"enemies":"Cultist","floor":5,"turns":1},{"damage":38,"enemies":"3 Sentries","floor":6,"turns":12},{"damage":7,"enemies":"Looter","floor":7,"turns":4},{"damage":32,"enemies":"Lagavulin","floor":8,"turns":8},{"damage":21,"enemies":"Gremlin Gang","floor":12,"turns":6},{"damage":31,"enemies":"Exordium Thugs","floor":14,"turns":8},{"damage":41,"enemies":"Hexaghost","floor":16,"turns":15}],"event_choices":[{"event_name":"Liars Game","player_choice":"agreed","floor":2,"damage_taken":0},{"event_name":"Bonfire Elementals","player_choice":"BASIC","floor":11,"damage_taken":0},{"event_name":"Transmorgrifier","player_choice":"Transform","floor":13,"damage_taken":0}],"boss_relics":[],"potions_floor_spawned":[3,6,14],"seed_played":"4845108839788446400","killed_by":"Hexaghost","ascension_level":15,"is_trial":false}