{"path_per_floor":["M","?","?","M","M","E","$","R","T","R","?","M","M","$","R","B",null,"M","?","$","?","?","R","$","R","T","M"],"character_chosen":"IRONCLAD","items_purchased":["Feel No Pain","Cleave","Disarm","Shrug It Off"],"gold_per_floor":[109,109,109,120,135,160,61,61,61,61,61,80,95,60,60,160,160,160,60,11,11,11,11,11,11,11,11,11],"floor_reached":28,"campfire_rested":2,"playtime":1561,"current_hp_per_floor":[69,57,57,42,31,17,17,41,41,41,41,27,20,20,44,42,80,63,63,63,48,48,48,48,48,48,34,0],"items_purged":[],"gold":11,"score":264,"play_id":"f14ec6d3-d12a-4a3b-84e9-5595a01afbc3","local_time":"20180415153926","is_prod":false,"is_daily":false,"chose_seed":false,"is_ascension_mode":false,"campfire_upgraded":0,"timestamp":1523821166,"path_taken":["M","?","?","?","M","E","$","R","T","R","?","M","M","$","R","BOSS","M","?","$","?","?","R","$","R","T","M","?"],"build_version":"2018-04-12","seed_source_timestamp":18765837491726,"purchased_purges":0,"victory":false,"master_deck":["Strike_R","Strike_R","Strike_R","Defend_R","Defend_R","Defend_R","Defend_R","Bash","Sentinel","Flex","Pommel Strike","Dark Embrace","Feel No Pain","Cleave","Demon Form","Combust","Disarm","Berserk","Cleave","J.A.X.","Shrug It Off","Metallicize+1"],"max_hp_per_floor":[80,80,80,80,80,80,80,80,80,80,80,80,80,80,80,80,80,80,80,80,85,85,85,85,85,85,85,85],"relics":["White Beast Statue","Shovel","Oddly Smooth Stone","Dodecahedron","Bag of Marbles","Ectoplasm","Bronze Scales","Ornamental Fan","Ancient Tea Set"],"card_choices":[{"not_picked":["Perfected Strike","Fire Breathing"],"picked":"Sentinel","floor":1},{"not_picked":["Pummel","Uppercut"],"picked":"Flex","floor":4},{"not_picked":["Dual Wield","Blood for Blood"],"picked":"Pommel Strike","floor":5},{"not_picked":["Wild Strike","Cleave"],"picked":"Dark Embrace","floor":6},{"not_picked":["Fire Breathing","Clash"],"picked":"Combust","floor":13},{"not_picked":["Immolate","Fiend Fire"],"picked":"Berserk","floor":16},{"not_picked":["Iron Wave","Sword Boomerang"],"picked":"Cleave","floor":18},{"not_picked":["Perfected Strike","Thunderclap"],"picked":"Metallicize","floor":27}],"player_experience":36810,"potions_floor_usage":[6,6,6,16,16,16],"damage_taken":[{"damage":11,"enemies":"Jaw Worm","floor":1,"turns":2},{"damage":15,"enemies":"Cultist","floor":4,"turns":4},{"damage":11,"enemies":"2 Louse","floor":5,"turns":2},{"damage":14,"enemies":"3 Sentries","floor":6,"turns":9},{"damage":14,"enemies":"Looter","floor":12,"turns":3},{"damage":7,"enemies":"Blue Slaver","floor":13,"turns":3},{"damage":2,"enemies":"Slime Boss","floor":16,"turns":5},{"damage":17,"enemies":"Shell Parasite","floor":18,"turns":6},{"damage":14,"enemies":"3 Byrds","floor":27,"turns":4},{"damage":38,"enemies":"Slaver and Parasite","floor":28,"turns":3}],"event_choices":[{"event_name":"Scrap Ooze","player_choice":"success","floor":2,"damage_taken":12},{"event_name":"Living Wall","player_choice":"Forget","floor":3,"damage_taken":0},{"event_name":"Transmorgrifier","player_choice":"Transform","floor":11,"damage_taken":0},{"event_name":"Drug Dealer","player_choice":"Got JAXXED","floor":19,"damage_taken":0},{"event_name":"Forgotten Altar","player_choice":"Shed Blood","floor":21,"damage_taken":0},{"event_name":"Ghosts","player_choice":"Ignored","floor":22,"damage_taken":0}],"boss_relics":[{"not_picked":["Eternal Feather","Sozu"],"picked":"Ectoplasm"}],"potions_floor_spawned":[1,4,5,6,12,13,16,18,27],"seed_played":"-2317269585547748561","killed_by":"Slaver and Parasite","ascension_level":0,"is_trial":false}