{"path_per_floor":["M","?","?","M","?","R","M","R","T","M","R","E","R","M","R","B",null,"M","M","?","?","$","R","M","T","T","R","M","?","R","M","R","B",null,"M","M","?","$","M","R","E","R","T","M","M"],"character_chosen":"IRONCLAD","items_purchased":["Bottled Tornado","Regen Potion","Clothesline"],"gold_per_floor":[110,110,110,129,179,179,196,196,242,254,254,284,284,296,296,367,367,367,367,367,367,38,38,38,38,38,38,38,38,38,38,38,38,38,38,38,0,0,0,0,0,0,0,0,0,0],"floor_reached":46,"campfire_rested":5,"playtime":1620,"current_hp_per_floor":[62,39,39,39,39,39,39,39,46,43,43,13,37,37,61,1,62,50,34,34,34,34,58,44,44,44,44,53,53,53,56,56,16,66,61,15,15,15,15,39,35,59,59,56,40,1],"items_purged":[],"gold":0,"score":788,"play_id":"112fb0ad-a694-47df-9574-f83cceaeef85","local_time":"20180414133612","is_prod":false,"is_daily":false,"chose_seed":false,"is_ascension_mode":true,"campfire_upgraded":6,"timestamp":1523730972,"path_taken":["M","?","?","M","?","R","M","R","T","?","R","E","R","M","R","BOSS","M","?","?","?","?","R","M","?","T","R","?","?","R","M","R","BOSS","M","?","?","$","?","R","E","R","T","M","M","M"],"build_version":"2018-04-12","seed_source_timestamp":320881460334725,"purchased_purges":1,"victory":false,"master_deck":["Strike_R+1","Strike_R","Strike_R+1","Defend_R","Defend_R","Defend_R","Defend_R+1","Bash+1","AscendersBane","Rage+1","Infernal Blade","Reckless Charge+1","Shrug It Off","Cleave+1","Feel No Pain+1","Dark Embrace+1","Warcry","Evolve+1","Disarm","Clothesline","Thunderclap","Fiend Fire+1","Demon Form","Ghostly Armor+1","Burning Pact+1","Rage","Infernal Blade+1","Havoc+1","Body Slam"],"max_hp_per_floor":[75,75,75,75,75,75,75,75,82,82,82,82,82,82,82,82,82,82,82,82,82,82,82,82,82,82,82,82,82,82,82,82,82,82,82,82,82,82,82,82,82,82,82,82,82,82],"relics":["Mark of Pain","Strawberry","Bottled Flame","Ectoplasm","Bottled Tornado","Whetstone","Self Forming Clay","Orrery","Red Mask","Shuriken","Dodecahedron"],"card_choices":[{"not_picked":["Clash","Body Slam"],"picked":"Rage","floor":1},{"not_picked":["Perfected Strike","Rage"],"picked":"Reckless Charge","floor":4},{"not_picked":["Warcry","Fire Breathing"],"picked":"Shrug It Off","floor":7},{"not_picked":["Armaments","Infernal Blade"],"picked":"Cleave","floor":10},{"not_picked":["Reckless Charge","Bloodletting"],"picked":"Feel No Pain","floor":14},{"not_picked":["Impervious","Fiend Fire"],"picked":"Dark Embrace","floor":16},{"not_picked":["Cleave","Sword Boomerang"],"picked":"Warcry","floor":18},{"not_picked":["Sword Boomerang","Twin Strike"],"picked":"Evolve","floor":19},{"not_picked":["Rupture","Clash"],"picked":"Thunderclap","floor":24},{"not_picked":["Iron Wave","Flame Barrier"],"picked":"Fiend Fire","floor":28},{"not_picked":["Brutality","Feed"],"picked":"Demon Form","floor":33},{"not_picked":["Sever Soul","Searing Blow"],"picked":"Ghostly Armor","floor":34},{"not_picked":["Inflame","Armaments"],"picked":"Burning Pact","floor":34},{"not_picked":["Ghostly Armor","Twin Strike"],"picked":"Rage","floor":34},{"not_picked":["Shrug It Off","Havoc"],"picked":"Infernal Blade","floor":35},{"not_picked":["Blood for Blood","Corruption"],"picked":"Havoc","floor":44},{"not_picked":["Hemokinesis","Shrug It Off"],"picked":"Body Slam","floor":45}],"player_experience":456455,"potions_floor_usage":[12,28,33,33,33],"damage_taken":[{"damage":6,"enemies":"Cultist","floor":1,"turns":4},{"damage":0,"enemies":"Jaw Worm","floor":4,"turns":1},{"damage":0,"enemies":"Small Slimes","floor":7,"turns":3},{"damage":3,"enemies":"3 Louse","floor":10,"turns":4},{"damage":30,"enemies":"Lagavulin","floor":12,"turns":4},{"damage":0,"enemies":"Exordium Thugs","floor":14,"turns":4},{"damage":60,"enemies":"The Guardian","floor":16,"turns":14},{"damage":13,"enemies":"Spheric Guardian","floor":18,"turns":6},{"damage":16,"enemies":"Shell Parasite","floor":19,"turns":6},{"damage":14,"enemies":"Snake Plant","floor":24,"turns":5},{"damage":0,"enemies":"Chosen and Byrds","floor":28,"turns":5},{"damage":7,"enemies":"Centurion and Healer","floor":31,"turns":5},{"damage":40,"enemies":"Collector","floor":33,"turns":10},{"damage":5,"enemies":"3 Shapes","floor":35,"turns":4},{"damage":46,"enemies":"3 Darklings","floor":36,"turns":6},{"damage":0,"enemies":"Maw","floor":39,"turns":6},{"damage":4,"enemies":"Nemesis","floor":41,"turns":7},{"damage":3,"enemies":"Sphere and 2 Shapes","floor":44,"turns":4},{"damage":16,"enemies":"3 Darklings","floor":45,"turns":5},{"damage":39,"enemies":"4 Shapes","floor":46,"turns":5}],"event_choices":[{"event_name":"Shining Light","player_choice":"Entered Light","floor":2,"damage_taken":0},{"event_name":"Living Wall","player_choice":"Change","floor":3,"damage_taken":0},{"event_name":"Golden Shrine","player_choice":"Pray","floor":5,"damage_taken":0},{"event_name":"Drug Dealer","player_choice":"Ignored","floor":20,"damage_taken":0},{"event_name":"Transmorgrifier","player_choice":"Transform","floor":21,"damage_taken":0},{"event_name":"Cursed Tome","player_choice":"Ignored","floor":29,"damage_taken":0},{"event_name":"Tomb of Lord Red Mask","player_choice":"Paid","floor":37,"damage_taken":0}],"boss_relics":[{"not_picked":["Pandora\u0027s Box","Snecko Eye"],"picked":"Ectoplasm"},{"not_picked":["Runic Cube","Sozu"],"picked":"Orrery"}],"potions_floor_spawned":[4,14,16,24,28,36,41],"seed_played":"5716110982244645470","killed_by":"4 Shapes","ascension_level":15,"is_trial":false}