{"path_per_floor":["M","M","?","?","?","M","M","?","T","$","R","M","R","M","R","B",null,"M","T","M","M","?","M","R","M","T","$","$","R","M","M","R","B",null,"M","$","T","M","M","R","$","M","T"],"character_chosen":"IRONCLAD","items_purchased":["Vajra","Shrug It Off","Flash of Steel"],"gold_per_floor":[112,122,122,197,197,213,231,231,308,50,50,21,21,46,46,171,171,191,239,253,266,266,279,279,292,292,192,67,67,81,96,96,217,217,240,139,139,154,174,174,24,48,121,121],"floor_reached":44,"campfire_rested":3,"playtime":1955,"current_hp_per_floor":[70,70,63,52,52,45,44,44,44,44,44,38,60,72,72,49,68,61,61,69,47,71,74,74,74,74,74,74,74,63,51,73,33,64,63,63,63,57,10,32,32,11,11,0],"items_purged":["Defend_R","Strike_R","Defend_R","Strike_R"],"gold":121,"score":606,"play_id":"bc1497cc-5d72-4092-bdef-8a5c0a3a9c85","local_time":"20180407202940","is_prod":false,"is_daily":false,"is_ascension_mode":true,"campfire_upgraded":3,"timestamp":1523147380,"path_taken":["M","M","?","?","?","M","M","?","T","$","R","M","R","M","R","BOSS","M","?","M","?","?","M","R","M","T","?","$","R","M","M","R","BOSS","M","$","?","M","M","R","$","M","T","E"],"build_version":"2018-04-05v2","purchased_purges":4,"victory":false,"master_deck":["Strike_R","Strike_R","Defend_R","Defend_R","Bash","AscendersBane","Armaments+1","Reaper","Shrug It Off","Infernal Blade","Battle Trance+1","Double Tap+1","Dropkick+1","Reaper","Flash of Steel","Warcry+1"],"max_hp_per_floor":[80,80,80,80,74,74,74,74,74,74,74,74,74,74,74,74,74,74,74,74,74,74,74,74,74,74,74,74,74,74,74,74,74,74,74,74,74,74,74,74,74,74,74,74],"relics":["Burning Blood","Golden Idol","Tiny Chest","Vajra","Sozu","Anchor","Shovel","Self Forming Clay","Runic Cube","Ginger","Molten Egg 2"],"card_choices":[{"not_picked":["Wild Strike","Cleave"],"picked":"Armaments","floor":1},{"not_picked":["Shrug It Off","Flex"],"picked":"Reaper","floor":2},{"not_picked":["Metallicize","Disarm"],"picked":"Infernal Blade","floor":12},{"not_picked":["Iron Wave","Clothesline"],"picked":"Battle Trance","floor":14},{"not_picked":["Feed","Brutality"],"picked":"Double Tap","floor":16},{"not_picked":["Clothesline","Rage"],"picked":"Dropkick","floor":21},{"not_picked":["Dark Embrace","Offering"],"picked":"Reaper","floor":33},{"not_picked":["Clothesline","Flex"],"picked":"Warcry","floor":38}],"player_experience":227966,"potions_floor_usage":[21,25,33],"damage_taken":[{"damage":8,"enemies":"Jaw Worm","floor":1,"turns":4},{"damage":6,"enemies":"Cultist","floor":2,"turns":3},{"damage":17,"enemies":"Small Slimes","floor":6,"turns":7},{"damage":7,"enemies":"Looter","floor":7,"turns":5},{"damage":22,"enemies":"Exordium Thugs","floor":12,"turns":5},{"damage":8,"enemies":"Large Slime","floor":14,"turns":8},{"damage":34,"enemies":"The Guardian","floor":16,"turns":11},{"damage":13,"enemies":"Spheric Guardian","floor":18,"turns":4},{"damage":5,"enemies":"Shell Parasite","floor":20,"turns":4},{"damage":42,"enemies":"Snake Plant","floor":21,"turns":4},{"damage":0,"enemies":"Centurion and Healer","floor":23,"turns":5},{"damage":5,"enemies":"Snecko","floor":25,"turns":3},{"damage":19,"enemies":"Cultist and Chosen","floor":30,"turns":4},{"damage":24,"enemies":"Snake Plant","floor":31,"turns":5},{"damage":75,"enemies":"Collector","floor":33,"turns":12},{"damage":7,"enemies":"Orb Walker","floor":35,"turns":3},{"damage":23,"enemies":"3 Shapes","floor":38,"turns":3},{"damage":73,"enemies":"Sphere and 2 Shapes","floor":39,"turns":7},{"damage":76,"enemies":"4 Shapes","floor":42,"turns":5},{"damage":53,"enemies":"Giant Head","floor":44,"turns":6}],"event_choices":[{"event_name":"Golden Wing","player_choice":"Card Removal","floor":3,"damage_taken":0},{"event_name":"World of Goop","player_choice":"Gather Gold","floor":4,"damage_taken":0},{"event_name":"Golden Idol","player_choice":"Lose Max HP","floor":5,"damage_taken":0},{"event_name":"Liars Game","player_choice":"disagreed","floor":8,"damage_taken":0},{"event_name":"The Library","player_choice":"Heal","floor":22,"damage_taken":0}],"boss_relics":[{"not_picked":["Runic Dome","Eternal Feather"],"picked":"Sozu"},{"not_picked":["Velvet Choker","Philosopher\u0027s Stone"],"picked":"Runic Cube"}],"potions_floor_spawned":[2,6,12,23,31,33,38,39],"seed_played":"3335436481353785686","killed_by":"Giant Head","ascension_level":10,"is_trial":false}