{"path_per_floor":["M","M","M","M","M","R","?","?","T","?","R","M","?","E","R"],"character_chosen":"IRONCLAD","items_purchased":[],"gold_per_floor":[112,123,135,152,171,171,171,171,171,171,171,191,191,217,217,217],"floor_reached":16,"campfire_rested":0,"playtime":536,"current_hp_per_floor":[73,75,68,67,73,73,73,73,73,78,78,81,81,48,48,0],"items_purged":[],"gold":217,"score":158,"play_id":"788ecb4a-165d-444f-8898-7ed1da63109c","local_time":"20180408013151","is_prod":false,"is_daily":false,"is_ascension_mode":true,"campfire_upgraded":3,"timestamp":1523165511,"path_taken":["M","M","M","M","?","R","?","?","T","?","R","?","?","E","R","BOSS"],"build_version":"2018-04-05v2","purchased_purges":0,"victory":false,"master_deck":["Strike_R","Strike_R","Strike_R","Strike_R","Strike_R","Defend_R","Defend_R","Defend_R","Defend_R","Bash+1","AscendersBane","Whirlwind+1","Shrug It Off+1","Battle Trance+1","Metallicize+1","Shrug It Off"],"max_hp_per_floor":[80,80,80,80,80,80,80,80,80,85,85,85,85,85,85,85],"relics":["Burning Blood","Gambling Chip","Ancient Tea Set","Toxic Egg 2"],"card_choices":[{"not_picked":["Heavy Blade","Thunderclap"],"picked":"Whirlwind","floor":1},{"not_picked":["Evolve","Inflame"],"picked":"Shrug It Off","floor":2},{"not_picked":["Perfected Strike","Sword Boomerang"],"picked":"Battle Trance","floor":3},{"not_picked":["Evolve","Flex"],"picked":"Metallicize","floor":4},{"not_picked":["Spot Weakness","Headbutt"],"picked":"Shrug It Off","floor":12}],"player_experience":510619,"potions_floor_usage":[16,16],"damage_taken":[{"damage":5,"enemies":"Cultist","floor":1,"turns":5},{"damage":4,"enemies":"2 Louse","floor":2,"turns":2},{"damage":13,"enemies":"Jaw Worm","floor":3,"turns":6},{"damage":7,"enemies":"2 Fungi Beasts","floor":4,"turns":4},{"damage":0,"enemies":"Lots of Slimes","floor":5,"turns":1},{"damage":3,"enemies":"Blue Slaver","floor":12,"turns":6},{"damage":39,"enemies":"Gremlin Nob","floor":14,"turns":5},{"damage":52,"enemies":"Hexaghost","floor":16,"turns":14}],"event_choices":[{"event_name":"Accursed Blacksmith","player_choice":"Forge","floor":7,"damage_taken":0},{"event_name":"Upgrade Shrine","player_choice":"Upgraded","floor":8,"damage_taken":0},{"event_name":"Big Fish","player_choice":"Donut","floor":10,"damage_taken":0},{"event_name":"Dead Adventurer","player_choice":"Searched \u00271\u0027 times","floor":13,"damage_taken":0}],"boss_relics":[],"potions_floor_spawned":[3,5,14],"seed_played":"-6480142115904287877","killed_by":"Hexaghost","ascension_level":11,"is_trial":false}