{"path_per_floor":["M","?","M","M","?","E","R","M","T","M","R","$","M","$","R","B",null,"M","$","?","?","M","R","M","R","T","?","?","$","?","M","R"],"character_chosen":"IRONCLAD","items_purchased":["Vajra","Finesse"],"gold_per_floor":[119,119,136,156,156,182,182,196,196,212,212,137,157,57,57,152,152,169,26,26,26,44,44,62,62,107,107,107,11,11,25,25,25],"floor_reached":33,"campfire_rested":0,"playtime":1132,"current_hp_per_floor":[78,71,77,80,80,42,42,48,48,48,48,48,47,47,47,35,69,66,66,66,66,66,66,58,58,58,40,40,40,40,35,35,0],"items_purged":["Strike_R","Strike_R"],"gold":25,"score":406,"play_id":"9eaa0118-6d20-4eed-a243-c55424596c94","local_time":"20180407172850","is_prod":false,"is_daily":false,"is_ascension_mode":true,"campfire_upgraded":6,"timestamp":1523136530,"path_taken":["M","?","?","?","?","E","R","M","T","M","R","$","M","$","R","BOSS","M","$","?","?","M","R","M","R","T","?","?","$","?","M","R","BOSS"],"build_version":"2018-04-05v2","purchased_purges":2,"victory":false,"master_deck":["Defend_R","Defend_R","Defend_R","AscendersBane","Twin Strike+1","Pommel Strike+1","Seeing Red","Twin Strike+1","Shrug It Off","Double Tap","Cleave+1","Metallicize+1","Hemokinesis+1","Searing Blow+3","Armaments","Ghostly+1","Ghostly","Ghostly","Ghostly","Ghostly","Intimidate","Finesse","Ghostly Armor+1"],"max_hp_per_floor":[80,80,80,80,80,80,80,80,80,80,80,80,80,80,80,80,80,80,80,80,80,80,80,80,80,80,40,40,40,40,40,40,40],"relics":["Burning Blood","NeowsBlessing","Gremlin Horn","Charon\u0027s Ashes","Astrolabe","Vajra","Bronze Scales"],"card_choices":[{"not_picked":["Sword Boomerang","Inflame"],"picked":"Twin Strike","floor":4},{"not_picked":["Dropkick","Berserk"],"picked":"Pommel Strike","floor":6},{"not_picked":["Cleave","Sentinel"],"picked":"Seeing Red","floor":8},{"not_picked":["Iron Wave","Clash"],"picked":"Twin Strike","floor":10},{"not_picked":["Clash","Havoc"],"picked":"Shrug It Off","floor":13},{"not_picked":["Berserk","Dark Embrace"],"picked":"Double Tap","floor":16},{"not_picked":["Second Wind","Uppercut"],"picked":"Searing Blow","floor":18},{"not_picked":["Havoc","Cleave"],"picked":"Armaments","floor":22},{"not_picked":["Combust","Cleave"],"picked":"Ghostly Armor","floor":31}],"player_experience":503683,"potions_floor_usage":[18,18],"damage_taken":[{"damage":0,"enemies":"Small Slimes","floor":1,"turns":1},{"damage":0,"enemies":"2 Louse","floor":3,"turns":1},{"damage":0,"enemies":"Cultist","floor":4,"turns":1},{"damage":44,"enemies":"3 Sentries","floor":6,"turns":11},{"damage":0,"enemies":"Lots of Slimes","floor":8,"turns":3},{"damage":6,"enemies":"3 Louse","floor":10,"turns":4},{"damage":7,"enemies":"Exordium Thugs","floor":13,"turns":3},{"damage":18,"enemies":"Slime Boss","floor":16,"turns":9},{"damage":21,"enemies":"Shell Parasite","floor":18,"turns":5},{"damage":6,"enemies":"3 Byrds","floor":22,"turns":3},{"damage":14,"enemies":"Centurion and Healer","floor":24,"turns":7},{"damage":11,"enemies":"Chosen and Byrds","floor":31,"turns":5},{"damage":41,"enemies":"Champ","floor":33,"turns":13}],"event_choices":[{"event_name":"Golden Wing","player_choice":"Card Removal","floor":2,"damage_taken":0},{"event_name":"Purifier","player_choice":"One Purge","floor":5,"damage_taken":0},{"event_name":"Match and Keep!","player_choice":"0 cards matched","floor":20,"damage_taken":0},{"event_name":"Accursed Blacksmith","player_choice":"Ignore","floor":21,"damage_taken":0},{"event_name":"Ghosts","player_choice":"Became a Ghost","floor":27,"damage_taken":0},{"event_name":"The Library","player_choice":"Read","floor":28,"damage_taken":0},{"event_name":"Vampires","player_choice":"Ignored","floor":30,"damage_taken":0}],"boss_relics":[{"not_picked":["Philosopher\u0027s Stone","Pandora\u0027s Box"],"picked":"Astrolabe"}],"potions_floor_spawned":[6,10,13,18,24,31],"seed_played":"-1917499459704997784","killed_by":"Champ","ascension_level":11,"is_trial":false}