{"path_per_floor":["M","?","?","M","T","E","R","E","T","M","$","M","M","M","R","B",null,"M","?","M","?"],"character_chosen":"IRONCLAD","items_purchased":["Dual Wield","Sundial"],"gold_per_floor":[112,112,162,175,225,251,251,278,578,597,142,154,170,185,185,264,264,251,251,263,263,263],"floor_reached":22,"campfire_rested":1,"playtime":749,"current_hp_per_floor":[74,74,74,75,75,75,75,51,51,60,60,39,36,33,55,16,60,32,32,30,9,0],"items_purged":["Strike_R"],"gold":263,"score":413,"play_id":"f5b098ad-0232-431e-b98e-beb1ab62b11c","local_time":"20180412211145","is_prod":false,"is_daily":false,"is_ascension_mode":true,"campfire_upgraded":1,"timestamp":1523560305,"path_taken":["M","?","?","M","?","E","R","E","T","M","$","M","M","M","R","BOSS","M","?","?","?","?"],"build_version":"2018-04-05v2","purchased_purges":1,"victory":false,"master_deck":["Strike_R","Strike_R","Strike_R","Strike_R","Defend_R","Defend_R","Defend_R","Defend_R","Bash","AscendersBane","Cleave","Clothesline+1","Reaper","Clash","Shockwave","Dual Wield","Clash","Disarm","Feel No Pain","Exhume","True Grit","Double Tap","Rampage","Battle Trance","Ghostly","Ghostly","Ghostly","Ghostly","Ghostly","Pommel Strike"],"max_hp_per_floor":[75,75,75,75,75,75,75,75,75,75,75,75,75,75,75,75,75,75,37,37,37,37],"relics":["Burning Blood","NeowsBlessing","Lantern","Shuriken","Bag of Preparation","Old Coin","Sundial","Orrery","Enchiridion"],"card_choices":[{"not_picked":["Twin Strike","Power Through"],"picked":"Cleave","floor":1},{"not_picked":["Dual Wield","Warcry"],"picked":"Clothesline","floor":4},{"not_picked":["Anger","Whirlwind"],"picked":"Reaper","floor":6},{"not_picked":["Heavy Blade","Warcry"],"picked":"Clash","floor":8},{"not_picked":["Flex","Clothesline"],"picked":"Shockwave","floor":10},{"not_picked":["Twin Strike","Heavy Blade"],"picked":"Clash","floor":12},{"not_picked":["Rampage","Armaments"],"picked":"Disarm","floor":13},{"not_picked":["Thunderclap","Warcry"],"picked":"Feel No Pain","floor":14},{"not_picked":["Feed","Bludgeon"],"picked":"Exhume","floor":16},{"not_picked":["Cleave","Rupture"],"picked":"True Grit","floor":17},{"not_picked":["Wild Strike","Anger"],"picked":"Double Tap","floor":17},{"not_picked":["Anger","Iron Wave"],"picked":"Rampage","floor":17},{"not_picked":["Flex","Dual Wield"],"picked":"Battle Trance","floor":18},{"not_picked":["Body Slam","Heavy Blade"],"picked":"Pommel Strike","floor":20}],"player_experience":394106,"potions_floor_usage":[16,22],"damage_taken":[{"damage":0,"enemies":"2 Louse","floor":1,"turns":1},{"damage":0,"enemies":"Jaw Worm","floor":4,"turns":1},{"damage":0,"enemies":"Gremlin Nob","floor":6,"turns":1},{"damage":30,"enemies":"Lagavulin","floor":8,"turns":5},{"damage":1,"enemies":"Cultist","floor":10,"turns":3},{"damage":31,"enemies":"Exordium Thugs","floor":12,"turns":6},{"damage":12,"enemies":"Blue Slaver","floor":13,"turns":4},{"damage":9,"enemies":"Looter","floor":14,"turns":3},{"damage":49,"enemies":"Slime Boss","floor":16,"turns":10},{"damage":34,"enemies":"2 Thieves","floor":18,"turns":4},{"damage":8,"enemies":"Shell Parasite","floor":20,"turns":12},{"damage":27,"enemies":"Centurion and Healer","floor":22,"turns":9}],"event_choices":[{"event_name":"Liars Game","player_choice":"disagreed","floor":2,"damage_taken":0},{"event_name":"Golden Shrine","player_choice":"Pray","floor":3,"damage_taken":0},{"event_name":"Ghosts","player_choice":"Became a Ghost","floor":19,"damage_taken":0},{"event_name":"Cursed Tome","player_choice":"Obtained Book","floor":21,"damage_taken":0}],"boss_relics":[{"not_picked":["Black Star","Runic Cube"],"picked":"Orrery"}],"potions_floor_spawned":[4,12,14,16,18],"seed_played":"934634135758284262","killed_by":"Centurion and Healer","ascension_level":15,"is_trial":false}