{"path_per_floor":["M","M","?","?","$","R","M","?","T","R","M","M","E","$","R","B",null,"M","?","?","?","$","R","E","M","T","E","$","M","M","M","R","B",null,"M","M","M","M","?","R","E","R","T","?","E","M","R","$","R","B"],"character_chosen":"IRONCLAD","items_purchased":["Jack Of All Trades","Armaments","True Grit","Purity","Lantern","Seeing Red"],"gold_per_floor":[116,128,128,128,53,53,77,110,110,110,133,148,186,53,53,177,177,193,193,193,93,93,93,158,173,198,232,108,121,141,157,157,258,258,268,283,302,313,0,0,31,31,31,31,361,374,374,48,48,48],"floor_reached":51,"campfire_rested":0,"playtime":2578,"current_hp_per_floor":[80,79,59,59,59,59,65,31,31,31,22,24,27,27,27,14,80,73,57,57,57,57,57,74,78,80,73,73,66,80,83,83,83,83,83,86,86,86,86,86,86,86,86,76,85,86,86,86,86,87],"items_purged":["Strike_R","Decay"],"gold":48,"score":995,"play_id":"dccb8fd1-825c-4eb2-9dd5-c5cbb8120f93","local_time":"20180410161702","is_prod":false,"is_daily":false,"is_ascension_mode":false,"campfire_upgraded":6,"timestamp":1523369822,"path_taken":["M","M","?","?","?","R","M","?","T","R","?","M","E","?","R","BOSS","M","?","?","?","$","R","E","M","T","E","$","M","M","M","R","BOSS","M","M","M","M","?","R","E","R","T","?","E","M","R","$","R","BOSS"],"build_version":"2018-04-05v2","purchased_purges":2,"victory":true,"master_deck":["Strike_R","Strike_R","Strike_R","Strike_R","Defend_R","Defend_R","Defend_R","Defend_R","Bash","Feel No Pain+1","Havoc+1","Body Slam+1","Limit Break","Infernal Blade","Intimidate","Limit Break+1","Jack Of All Trades+1","Armaments","Offering+1","Shockwave+1","J.A.X.","Infernal Blade+1","Corruption","True Grit","Purity","True Grit+1","Immolate","Disarm+1","Feel No Pain+1","Decay","Body Slam+1","Master of Strategy","Master of Strategy","Flash of Steel","Offering","Dual Wield+1","Seeing Red"],"max_hp_per_floor":[80,80,80,80,80,80,80,80,80,80,80,80,80,80,80,80,80,80,80,80,80,80,80,80,80,80,80,80,80,80,83,83,83,83,83,86,86,86,86,86,86,86,86,86,86,86,86,86,86,92],"relics":["Burning Blood","Prayer Wheel","Bloody Idol","Odd Mushroom","Unceasing Top","Girya","Cursed Key","Nilry\u0027s Codex","Tiny Chest","Oddly Smooth Stone","Dead Branch","Mark of Pain","Red Mask","Letter Opener","Charon\u0027s Ashes","Old Coin","Lantern"],"card_choices":[{"not_picked":["Headbutt","Pommel Strike"],"picked":"Feel No Pain","floor":1},{"not_picked":["Armaments","Sword Boomerang"],"picked":"Havoc","floor":2},{"not_picked":["Thunderclap","Pommel Strike"],"picked":"Body Slam","floor":7},{"not_picked":["Whirlwind","Thunderclap"],"picked":"Limit Break","floor":9},{"not_picked":["Heavy Blade","Armaments"],"picked":"Infernal Blade","floor":11},{"not_picked":["Twin Strike","Searing Blow"],"picked":"Intimidate","floor":12},{"not_picked":["Carnage","Demon Form"],"picked":"Limit Break","floor":13},{"not_picked":["Demon Form","Dark Embrace"],"picked":"Offering","floor":16},{"not_picked":["Dual Wield","Second Wind"],"picked":"Shockwave","floor":18},{"not_picked":["Perfected Strike","Twin Strike"],"picked":"Infernal Blade","floor":25},{"not_picked":["Carnage","Anger"],"picked":"Corruption","floor":27},{"not_picked":["Hemokinesis","Metallicize"],"picked":"True Grit","floor":29},{"not_picked":["Bludgeon","Juggernaut"],"picked":"Immolate","floor":33},{"not_picked":["Inflame","Havoc"],"picked":"Disarm","floor":35},{"not_picked":["Ghostly Armor","Headbutt"],"picked":"Feel No Pain","floor":37},{"not_picked":["Perfected Strike","Warcry"],"picked":"Body Slam","floor":43},{"not_picked":["Blind","Swift Strike"],"picked":"Master of Strategy","floor":44},{"not_picked":["Trip","Enlightenment"],"picked":"Master of Strategy","floor":44},{"not_picked":["Trip","Swift Strike"],"picked":"Flash of Steel","floor":44},{"not_picked":["Body Slam","Uppercut"],"picked":"Offering","floor":45},{"not_picked":["Perfected Strike","Whirlwind"],"picked":"Dual Wield","floor":46}],"player_experience":378103,"potions_floor_usage":[13,16,16,18,24],"damage_taken":[{"damage":2,"enemies":"2 Louse","floor":1,"turns":3},{"damage":7,"enemies":"Jaw Worm","floor":2,"turns":5},{"damage":0,"enemies":"Cultist","floor":7,"turns":5},{"damage":40,"enemies":"The Mushroom Lair","floor":8,"turns":8},{"damage":15,"enemies":"Exordium Wildlife","floor":11,"turns":8},{"damage":4,"enemies":"3 Louse","floor":12,"turns":4},{"damage":3,"enemies":"3 Sentries","floor":13,"turns":11},{"damage":19,"enemies":"Slime Boss","floor":16,"turns":11},{"damage":13,"enemies":"2 Thieves","floor":18,"turns":4},{"damage":8,"enemies":"Book of Stabbing","floor":24,"turns":4},{"damage":7,"enemies":"3 Byrds","floor":25,"turns":5},{"damage":18,"enemies":"Slavers","floor":27,"turns":4},{"damage":18,"enemies":"Snake Plant","floor":29,"turns":4},{"damage":4,"enemies":"Snecko","floor":30,"turns":4},{"damage":7,"enemies":"Cultist and Chosen","floor":31,"turns":5},{"damage":11,"enemies":"Automaton","floor":33,"turns":4},{"damage":7,"enemies":"3 Darklings","floor":35,"turns":3},{"damage":15,"enemies":"3 Shapes","floor":36,"turns":2},{"damage":7,"enemies":"3 Darklings","floor":37,"turns":3},{"damage":8,"enemies":"4 Shapes","floor":38,"turns":3},{"damage":0,"enemies":"Nemesis","floor":41,"turns":3},{"damage":7,"enemies":"Giant Head","floor":45,"turns":2},{"damage":7,"enemies":"Sphere and 2 Shapes","floor":46,"turns":1},{"damage":11,"enemies":"Donu and Deca","floor":50,"turns":2}],"event_choices":[{"event_name":"Golden Idol","player_choice":"Take Damage","floor":3,"damage_taken":0},{"event_name":"Liars Game","player_choice":"disagreed","floor":4,"damage_taken":0},{"event_name":"Mushrooms","player_choice":"Fought Mushrooms","floor":8,"damage_taken":0},{"event_name":"Cursed Tome","player_choice":"Obtained Book","floor":19,"damage_taken":0},{"event_name":"Forgotten Altar","player_choice":"Gave Idol","floor":20,"damage_taken":0},{"event_name":"Drug Dealer","player_choice":"Got JAXXED","floor":21,"damage_taken":0},{"event_name":"Tomb of Lord Red Mask","player_choice":"Paid","floor":39,"damage_taken":0},{"event_name":"SensoryStone","player_choice":"Memory 3","floor":44,"damage_taken":0}],"boss_relics":[{"not_picked":["Lizard Tail","Eternal Feather"],"picked":"Cursed Key"},{"not_picked":["White Beast Statue","Runic Cube"],"picked":"Mark of Pain"}],"potions_floor_spawned":[8,11,12,13,18,25,33,35,37,38],"seed_played":"8907871517527869402","ascension_level":0,"is_trial":false}