{"path_per_floor":["M","?","?","M","M","R","?","T","T","$","M","M","M","M","R","B",null,"M","$","?"],"character_chosen":"IRONCLAD","items_purchased":["Prayer Wheel"],"gold_per_floor":[13,13,113,136,149,149,224,224,224,149,172,186,206,226,226,357,357,375,123,123,123],"floor_reached":21,"campfire_rested":1,"playtime":990,"current_hp_per_floor":[80,74,74,74,74,74,63,63,63,63,58,56,53,58,74,34,74,70,70,51,0],"items_purged":["Strike_R","Barricade"],"gold":123,"score":196,"play_id":"3ac74495-b4bf-4b4a-81cc-29a892951efb","local_time":"20180415201939","is_prod":false,"is_daily":false,"chose_seed":false,"is_ascension_mode":false,"campfire_upgraded":1,"timestamp":1523837979,"path_taken":["M","?","?","M","?","R","?","?","T","$","M","M","M","M","R","BOSS","M","$","?","?"],"build_version":"2018-04-12","seed_source_timestamp":36149448897168,"purchased_purges":2,"victory":false,"master_deck":["Defend_R","Defend_R","Defend_R","Bash","Anger+1","Warcry","Bite","Bite","Bite","Bite","Bite"],"max_hp_per_floor":[80,74,74,74,74,74,74,74,74,74,74,74,74,74,74,74,74,74,74,51,51],"relics":["Burning Blood","Golden Idol","Centennial Puzzle","Gremlin Horn","Black Star","Prayer Wheel"],"card_choices":[{"not_picked":["Searing Blow","Iron Wave"],"picked":"Anger","floor":1},{"not_picked":["Fiend Fire","Double Tap"],"picked":"Barricade","floor":16},{"not_picked":["Iron Wave","Clothesline"],"picked":"Warcry","floor":18}],"player_experience":47506,"potions_floor_usage":[16],"damage_taken":[{"damage":6,"enemies":"2 Louse","floor":1,"turns":2},{"damage":1,"enemies":"Cultist","floor":4,"turns":3},{"damage":3,"enemies":"Small Slimes","floor":5,"turns":3},{"damage":11,"enemies":"Red Slaver","floor":11,"turns":3},{"damage":8,"enemies":"Exordium Thugs","floor":12,"turns":4},{"damage":9,"enemies":"Blue Slaver","floor":13,"turns":3},{"damage":1,"enemies":"Exordium Wildlife","floor":14,"turns":2},{"damage":46,"enemies":"Slime Boss","floor":16,"turns":8},{"damage":10,"enemies":"Chosen","floor":18,"turns":4},{"damage":51,"enemies":"3 Byrds","floor":21,"turns":3}],"event_choices":[{"event_name":"Golden Idol","player_choice":"Lose Max HP","floor":2,"damage_taken":0},{"event_name":"Golden Shrine","player_choice":"Pray","floor":3,"damage_taken":0},{"event_name":"World of Goop","player_choice":"Gather Gold","floor":7,"damage_taken":0},{"event_name":"Vampires","player_choice":"Became a vampire","floor":20,"damage_taken":0}],"boss_relics":[{"not_picked":["Runic Dome","Mark of Pain"],"picked":"Black Star"}],"potions_floor_spawned":[1,11,12,14,18],"seed_played":"-5450480361905631945","killed_by":"3 Byrds","ascension_level":0,"is_trial":false}