{"path_per_floor":["M","M","M","M","M","E","?","R","T","M","E","M","M","?","R","B",null,"M","M","?","$"],"character_chosen":"IRONCLAD","items_purchased":["Molten Egg 2","Ghostly Armor","Heavy Blade"],"gold_per_floor":[113,123,140,153,171,197,197,197,224,234,262,279,295,325,325,423,423,440,450,450,53,53],"floor_reached":22,"campfire_rested":1,"playtime":780,"current_hp_per_floor":[76,75,80,76,74,41,25,49,49,51,25,33,38,38,38,27,75,51,49,49,49,0],"items_purged":["Bash"],"gold":53,"score":310,"play_id":"9f1ad1b1-d300-4298-a6db-4ccc17349c6f","local_time":"20180407110746","is_prod":false,"is_daily":false,"is_ascension_mode":true,"campfire_upgraded":1,"timestamp":1523113666,"path_taken":["M","M","M","M","M","E","?","R","T","M","E","M","M","?","R","BOSS","M","?","?","$","M"],"build_version":"2018-04-05v2","purchased_purges":2,"victory":false,"master_deck":["Strike_R","Strike_R","Strike_R","Strike_R","Strike_R","Defend_R","Defend_R","Defend_R","Defend_R","AscendersBane","Perfected Strike","Flex+1","Spot Weakness","Pommel Strike","Disarm+1","Demon Form+1","Perfected Strike","Offering","Perfected Strike","Armaments","Shrug It Off","Ghostly Armor","Heavy Blade+1"],"max_hp_per_floor":[80,80,80,80,80,80,80,80,80,82,82,84,86,86,86,86,90,92,94,94,94,94],"relics":["Burning Blood","Anchor","Gremlin Horn","Singing Bowl","Pantograph","Dream Catcher","Orrery","Molten Egg 2"],"card_choices":[{"not_picked":["Metallicize","Warcry"],"picked":"Perfected Strike","floor":1},{"not_picked":["Heavy Blade","Power Through"],"picked":"Flex","floor":2},{"not_picked":["Metallicize","Heavy Blade"],"picked":"Spot Weakness","floor":3},{"not_picked":["Intimidate","Fire Breathing"],"picked":"Pommel Strike","floor":4},{"not_picked":["Burning Pact","Dual Wield"],"picked":"Disarm","floor":5},{"not_picked":["Warcry","Clothesline"],"picked":"Demon Form","floor":6},{"not_picked":["Seeing Red","Carnage"],"picked":"Perfected Strike","floor":11},{"not_picked":["Dark Embrace","Demon Form"],"picked":"Offering","floor":16},{"not_picked":["Pommel Strike","Battle Trance"],"picked":"Perfected Strike","floor":17},{"not_picked":["Evolve","Power Through"],"picked":"Armaments","floor":17},{"not_picked":["Havoc","Hemokinesis"],"picked":"Shrug It Off","floor":17}],"player_experience":498337,"potions_floor_usage":[6,12,12,16],"damage_taken":[{"damage":2,"enemies":"Jaw Worm","floor":1,"turns":3},{"damage":7,"enemies":"Small Slimes","floor":2,"turns":3},{"damage":1,"enemies":"Cultist","floor":3,"turns":4},{"damage":10,"enemies":"Exordium Wildlife","floor":4,"turns":3},{"damage":8,"enemies":"Large Slime","floor":5,"turns":4},{"damage":39,"enemies":"Lagavulin","floor":6,"turns":6},{"damage":6,"enemies":"Lots of Slimes","floor":10,"turns":4},{"damage":32,"enemies":"Gremlin Nob","floor":11,"turns":4},{"damage":0,"enemies":"Gremlin Gang","floor":12,"turns":2},{"damage":3,"enemies":"Large Slime","floor":13,"turns":6},{"damage":42,"enemies":"The Guardian","floor":16,"turns":10},{"damage":32,"enemies":"Shell Parasite","floor":18,"turns":6},{"damage":10,"enemies":"Spheric Guardian","floor":19,"turns":3},{"damage":51,"enemies":"Slaver and Parasite","floor":22,"turns":3}],"event_choices":[{"event_name":"Shining Light","player_choice":"Entered Light","floor":7,"damage_taken":0},{"event_name":"Dead Adventurer","player_choice":"Searched \u00273\u0027 times","floor":14,"damage_taken":0},{"event_name":"Drug Dealer","player_choice":"Ignored","floor":20,"damage_taken":0}],"boss_relics":[{"not_picked":["Tiny House","Eternal Feather"],"picked":"Orrery"}],"potions_floor_spawned":[1,6,10,11,13,16,19],"seed_played":"1027016220408869562","killed_by":"Slaver and Parasite","ascension_level":11,"is_trial":false}