{"path_per_floor":["M","?","M","?","M","R","M","R","T","T","M","?","M","T","R","B",null,"M","$","M","?","?","R"],"character_chosen":"IRONCLAD","items_purchased":["Ice Cream"],"gold_per_floor":[113,188,198,123,137,137,148,148,223,293,303,303,320,320,320,392,392,402,30,50,50,50,50,50],"floor_reached":24,"campfire_rested":0,"playtime":854,"current_hp_per_floor":[66,55,57,57,57,57,55,55,55,55,57,57,59,59,59,25,63,52,52,40,40,40,40,0],"items_purged":["Strike_R"],"gold":50,"score":326,"play_id":"46daf0a6-a5d4-4cea-9ca6-0515ff423627","local_time":"20180416015928","is_prod":false,"is_daily":false,"chose_seed":false,"is_ascension_mode":true,"campfire_upgraded":4,"timestamp":1523836768,"path_taken":["M","?","M","?","M","R","M","R","T","?","M","?","?","?","R","BOSS","M","$","M","?","?","R","M"],"build_version":"2018-04-12","seed_source_timestamp":54844852089823,"purchased_purges":1,"victory":false,"master_deck":["Strike_R","Strike_R","Strike_R","Defend_R","Defend_R","Defend_R","Defend_R","Bash","AscendersBane","Warcry","Metallicize+1","Battle Trance","Inflame+1","Feel No Pain+1","True Grit+1","Demon Form","Reckless Charge+1","Power Through","Writhe"],"max_hp_per_floor":[75,75,75,75,75,75,75,75,75,75,75,75,75,75,75,75,75,75,75,75,75,75,75,75],"relics":["Burning Blood","Gremlin Horn","Question Card","Blue Candle","Cursed Key","Ice Cream","Happy Flower"],"card_choices":[{"not_picked":["Sword Boomerang","Anger"],"picked":"Warcry","floor":1},{"not_picked":["Thunderclap","Sword Boomerang"],"picked":"Metallicize","floor":3},{"not_picked":["Clothesline","Havoc"],"picked":"Battle Trance","floor":5},{"not_picked":["Cleave","Rupture"],"picked":"Inflame","floor":7},{"not_picked":["Sentinel","Clash","Flex"],"picked":"Feel No Pain","floor":11},{"not_picked":["Seeing Red","Uppercut","Offering"],"picked":"True Grit","floor":13},{"not_picked":["Brutality","Impervious","Juggernaut"],"picked":"Demon Form","floor":16},{"not_picked":["Intimidate","Rampage","Shockwave"],"picked":"Reckless Charge","floor":18},{"not_picked":["Shrug It Off","Cleave","Warcry"],"picked":"Power Through","floor":20}],"player_experience":410472,"potions_floor_usage":[16,16,16,24],"damage_taken":[{"damage":8,"enemies":"Jaw Worm","floor":1,"turns":4},{"damage":4,"enemies":"Small Slimes","floor":3,"turns":4},{"damage":6,"enemies":"2 Louse","floor":5,"turns":4},{"damage":8,"enemies":"2 Fungi Beasts","floor":7,"turns":6},{"damage":4,"enemies":"Looter","floor":11,"turns":4},{"damage":4,"enemies":"Blue Slaver","floor":13,"turns":6},{"damage":40,"enemies":"Slime Boss","floor":16,"turns":19},{"damage":17,"enemies":"Spheric Guardian","floor":18,"turns":7},{"damage":18,"enemies":"Shell Parasite","floor":20,"turns":6},{"damage":44,"enemies":"3 Cultists","floor":24,"turns":5}],"event_choices":[{"event_name":"World of Goop","player_choice":"Gather Gold","floor":2,"damage_taken":0},{"event_name":"The Cleric","player_choice":"Card Removal","floor":4,"damage_taken":0},{"event_name":"Shining Light","player_choice":"Ignored","floor":12,"damage_taken":0},{"event_name":"The Mausoleum","player_choice":"Yes","floor":21,"damage_taken":0},{"event_name":"Beggar","player_choice":"Ignored","floor":22,"damage_taken":0}],"boss_relics":[{"not_picked":["Runic Cube","Eternal Feather"],"picked":"Cursed Key"}],"potions_floor_spawned":[3,5,13,20],"seed_played":"-3424565455392527609","killed_by":"3 Cultists","ascension_level":15,"is_trial":false}