{"path_per_floor":["M","M","$","M","$","R","?","R","T","R","?","R","?","E","R","B",null,"M","M","?","T","$","R","E","R","T","M","R","M","M","M","R"],"character_chosen":"IRONCLAD","items_purchased":["Rampage","Shrug It Off","Finesse"],"gold_per_floor":[116,133,16,33,33,33,33,33,33,33,33,33,60,87,87,182,182,194,204,204,258,80,80,114,114,140,157,157,177,189,207,207,207],"floor_reached":33,"campfire_rested":3,"playtime":926,"current_hp_per_floor":[72,69,69,69,69,69,69,69,69,69,80,80,80,67,67,25,66,62,58,42,49,49,75,59,59,59,48,74,70,66,39,65,0],"items_purged":["Thunderclap"],"gold":207,"score":395,"play_id":"a887c086-b9ac-43ed-b2a8-6536f31f19f0","local_time":"20180406154009","is_prod":false,"is_daily":false,"is_ascension_mode":true,"campfire_upgraded":3,"timestamp":1523043609,"path_taken":["M","?","$","M","$","R","?","R","T","R","?","R","?","E","R","BOSS","M","M","?","?","?","R","E","R","T","M","R","M","?","M","R","BOSS"],"build_version":"2018-04-05v2","purchased_purges":1,"victory":false,"master_deck":["Bash+1","AscendersBane","Thunderclap","Pommel Strike","Inflame+1","Whirlwind+1","Rampage","Shrug It Off","Double Tap+1","Flex+1","Bludgeon+1","Offering+1","Flex+1","Finesse","Feed","Shrug It Off","Impervious"],"max_hp_per_floor":[80,80,80,80,80,80,80,80,80,80,80,80,80,80,80,80,80,80,80,80,87,87,87,87,87,87,87,87,87,87,87,87,87],"relics":["Pandora\u0027s Box","Peace Pipe","Odd Mushroom","Art of War","Astrolabe","Enchiridion","Strawberry","Darkstone Periapt","Vajra"],"card_choices":[{"not_picked":["Headbutt","Evolve"],"picked":"Inflame","floor":1},{"not_picked":["Fire Breathing","Combust"],"picked":"Whirlwind","floor":2},{"not_picked":["Reckless Charge","Anger"],"picked":"Thunderclap","floor":4},{"not_picked":["Demon Form","Exhume"],"picked":"Double Tap","floor":16},{"not_picked":["Sword Boomerang","Clash"],"picked":"Flex","floor":18},{"not_picked":["Twin Strike","Intimidate"],"picked":"Feed","floor":24},{"not_picked":["Burning Pact","Armaments"],"picked":"Shrug It Off","floor":27},{"not_picked":["Clash","Shrug It Off"],"picked":"Impervious","floor":30}],"player_experience":209589,"potions_floor_usage":[16,16,30,30,33],"damage_taken":[{"damage":0,"enemies":"Cultist","floor":1,"turns":2},{"damage":3,"enemies":"Small Slimes","floor":2,"turns":2},{"damage":0,"enemies":"2 Louse","floor":4,"turns":1},{"damage":0,"enemies":"The Mushroom Lair","floor":13,"turns":2},{"damage":13,"enemies":"3 Sentries","floor":14,"turns":3},{"damage":42,"enemies":"Hexaghost","floor":16,"turns":7},{"damage":4,"enemies":"2 Thieves","floor":18,"turns":1},{"damage":4,"enemies":"Spheric Guardian","floor":19,"turns":1},{"damage":16,"enemies":"Book of Stabbing","floor":24,"turns":2},{"damage":11,"enemies":"Slaver and Parasite","floor":27,"turns":2},{"damage":4,"enemies":"Centurion and Healer","floor":29,"turns":2},{"damage":4,"enemies":"Snake Plant","floor":30,"turns":1},{"damage":27,"enemies":"Cultist and Chosen","floor":31,"turns":3},{"damage":88,"enemies":"Automaton","floor":33,"turns":6}],"event_choices":[{"event_name":"Living Wall","player_choice":"Grow","floor":7,"damage_taken":0},{"event_name":"Bonfire Elementals","player_choice":"UNCOMMON","floor":11,"damage_taken":0},{"event_name":"Mushrooms","player_choice":"Fought Mushrooms","floor":13,"damage_taken":0},{"event_name":"Cursed Tome","player_choice":"Obtained Book","floor":20,"damage_taken":0}],"boss_relics":[{"not_picked":["Eternal Feather","Tiny House"],"picked":"Astrolabe"}],"potions_floor_spawned":[4,13,16,24,27],"seed_played":"-2405673702509249357","killed_by":"Automaton","ascension_level":10,"is_trial":false}