{"path_per_floor":["M","?","$","M","$","R","?","M","T","M","E","M","R","E","R","B",null,"M","M","?","$","M","R","?","R","T","?","?","$","R","M","R","B",null,"M","?","$","?","M","R","M","R","T","M","R","M","R","M","R"],"character_chosen":"IRONCLAD","items_purchased":[],"gold_per_floor":[11,11,11,22,22,22,22,41,41,54,84,98,98,129,129,227,227,240,255,255,180,198,198,198,198,198,98,23,23,23,36,36,137,137,150,150,50,50,69,69,84,84,110,122,122,141,141,152,152,152],"floor_reached":50,"campfire_rested":3,"playtime":1528,"current_hp_per_floor":[80,64,64,68,68,68,68,74,74,74,64,63,63,35,59,28,80,73,67,52,52,37,37,37,37,51,51,51,51,51,56,56,37,99,99,87,87,77,60,60,27,56,56,63,63,43,43,43,72,0],"items_purged":["Strike_R","Strike_R"],"gold":152,"score":500,"play_id":"218881cd-6364-4604-9965-7760752d5997","local_time":"20180413203616","is_prod":false,"is_daily":false,"chose_seed":false,"is_ascension_mode":false,"campfire_upgraded":9,"timestamp":1523666176,"path_taken":["M","?","?","M","?","R","?","M","T","?","E","M","R","E","R","BOSS","M","M","?","$","M","R","?","R","T","?","?","$","R","?","R","BOSS","M","?","$","?","M","R","M","R","T","M","R","M","R","M","R","BOSS"],"build_version":"2018-04-12","seed_source_timestamp":252059436413191,"purchased_purges":2,"victory":false,"master_deck":["Strike_R","Strike_R+1","Defend_R","Defend_R+1","Bash","Searing Blow+8","Demon Form","Reckless Charge","Headbutt","Double Tap+1","True Grit+1","Clumsy","J.A.X.","Rampage+1","Limit Break","Madness","Madness","Master of Strategy","Flash of Steel","Blind","Feel No Pain","Writhe","Disarm","Shrug It Off+1","Shockwave"],"max_hp_per_floor":[80,80,80,80,80,80,80,80,80,80,80,80,80,80,80,80,80,80,80,85,85,85,85,85,85,99,99,99,99,99,99,99,99,99,99,99,99,99,99,99,99,99,99,99,99,99,99,99,99,99],"relics":["Black Blood","Shuriken","Blood Vial","Mummified Hand","Cursed Key","Mango","Singing Bowl"],"card_choices":[{"not_picked":["Perfected Strike","Power Through"],"picked":"Searing Blow","floor":1},{"not_picked":["Flex","Twin Strike"],"picked":"Demon Form","floor":10},{"not_picked":["Cleave","Carnage"],"picked":"Reckless Charge","floor":11},{"not_picked":["Flame Barrier","Uppercut"],"picked":"Headbutt","floor":14},{"not_picked":["Offering","Demon Form"],"picked":"Double Tap","floor":16},{"not_picked":["Shrug It Off","Headbutt"],"picked":"True Grit","floor":19},{"not_picked":["Whirlwind","Sword Boomerang"],"picked":"Rampage","floor":31},{"not_picked":["Barricade","Juggernaut"],"picked":"Limit Break","floor":33},{"not_picked":["Dramatic Entrance","Jack Of All Trades"],"picked":"Master of Strategy","floor":38},{"not_picked":["Deep Breath","Trip"],"picked":"Flash of Steel","floor":38},{"not_picked":["Mind Blast","Dramatic Entrance"],"picked":"Blind","floor":38},{"not_picked":["Battle Trance","Clothesline"],"picked":"Feel No Pain","floor":41},{"not_picked":["Anger","Wild Strike"],"picked":"Disarm","floor":44},{"not_picked":["Dual Wield","Reckless Charge"],"picked":"Shrug It Off","floor":46},{"not_picked":["Perfected Strike","Armaments"],"picked":"Shockwave","floor":48}],"player_experience":271603,"potions_floor_usage":[10,11,14,16,33,33,39,39,50,50],"damage_taken":[{"damage":1,"enemies":"Jaw Worm","floor":1,"turns":3},{"damage":2,"enemies":"2 Louse","floor":4,"turns":3},{"damage":0,"enemies":"Cultist","floor":8,"turns":3},{"damage":6,"enemies":"Exordium Wildlife","floor":10,"turns":3},{"damage":16,"enemies":"3 Sentries","floor":11,"turns":6},{"damage":9,"enemies":"2 Fungi Beasts","floor":12,"turns":3},{"damage":36,"enemies":"Lagavulin","floor":14,"turns":4},{"damage":54,"enemies":"Hexaghost","floor":16,"turns":7},{"damage":13,"enemies":"3 Byrds","floor":18,"turns":4},{"damage":14,"enemies":"Shell Parasite","floor":19,"turns":3},{"damage":23,"enemies":"Centurion and Healer","floor":22,"turns":5},{"damage":3,"enemies":"Sentry and Sphere","floor":31,"turns":2},{"damage":27,"enemies":"Champ","floor":33,"turns":7},{"damage":0,"enemies":"Orb Walker","floor":35,"turns":1},{"damage":29,"enemies":"3 Darklings","floor":39,"turns":5},{"damage":45,"enemies":"Sphere and 2 Shapes","floor":41,"turns":5},{"damage":5,"enemies":"Maw","floor":44,"turns":6},{"damage":32,"enemies":"3 Darklings","floor":46,"turns":7},{"damage":12,"enemies":"Sphere and 2 Shapes","floor":48,"turns":5},{"damage":79,"enemies":"Time Eater","floor":50,"turns":9}],"event_choices":[{"event_name":"Shining Light","player_choice":"Entered Light","floor":2,"damage_taken":0},{"event_name":"Liars Game","player_choice":"disagreed","floor":7,"damage_taken":0},{"event_name":"Forgotten Altar","player_choice":"Shed Blood","floor":20,"damage_taken":0},{"event_name":"The Lab","player_choice":"Got Potions","floor":24,"damage_taken":0},{"event_name":"Drug Dealer","player_choice":"Got JAXXED","floor":27,"damage_taken":0},{"event_name":"Beggar","player_choice":"Gave Gold","floor":28,"damage_taken":0},{"event_name":"Winding Halls","player_choice":"Embrace Madness","floor":36,"damage_taken":0},{"event_name":"SensoryStone","player_choice":"Memory 3","floor":38,"damage_taken":0}],"boss_relics":[{"not_picked":["Orrery","Runic Cube"],"picked":"Cursed Key"},{"not_picked":["Sozu","Tiny House"],"picked":"Black Blood"}],"potions_floor_spawned":[1,8,10,14,22,31,35,44,48],"seed_played":"799481000503365813","killed_by":"Time Eater","ascension_level":0,"is_trial":false}