{"path_per_floor":["M","$","?","?","M","R","E","R","T","E","M","?","$","M","R","B",null,"M","?","M","M","M","R","?","M","T","R","?","M","$","E","R","B",null,"M","M","?","M","?","R","$","$","T","?","R","M","?","M","R","B"],"character_chosen":"IRONCLAD","items_purchased":["Lantern","Rampage","True Grit","Havoc"],"gold_per_floor":[320,8,8,8,25,25,55,55,81,107,126,126,72,83,83,160,160,160,160,160,160,160,160,160,160,160,160,160,160,60,60,60,60,60,60,60,60,60,60,60,35,35,35,35,35,35,0,0,0,0],"floor_reached":51,"campfire_rested":4,"playtime":1999,"current_hp_per_floor":[69,69,58,51,53,53,45,45,45,51,56,56,56,58,58,46,68,47,47,36,30,47,47,47,37,37,59,59,58,58,39,61,42,74,45,47,32,46,46,46,46,46,46,41,65,28,28,42,66,51],"items_purged":["Strike_R","Strike_R"],"gold":0,"score":1288,"play_id":"28b512d9-4a87-48c3-8362-97f2fa1b7211","local_time":"20180412214534","is_prod":false,"is_daily":false,"is_ascension_mode":true,"campfire_upgraded":5,"timestamp":1523562334,"path_taken":["M","$","?","?","M","R","E","R","T","E","M","?","$","M","R","BOSS","M","?","M","M","M","R","?","M","T","R","?","M","$","E","R","BOSS","M","M","?","M","?","R","?","$","T","?","R","M","?","M","R","BOSS"],"build_version":"2018-04-05v2","purchased_purges":2,"victory":true,"master_deck":["Strike_R","Defend_R+1","Defend_R+1","Defend_R","Defend_R","Bash","AscendersBane","Wild Strike+1","Rampage+1","Feel No Pain+1","Evolve","Regret","True Grit+1","Shrug It Off+1","Dark Embrace+1","Sever Soul+1","True Grit+1","Barricade+1","Feel No Pain+1","Wild Strike","Headbutt","Offering+1","Normality","Injury","Writhe","Shockwave+1","Warcry+1","Madness+1","Madness+1","Exhume+1","Havoc+1","Apotheosis+1","Master of Strategy+1","Warcry+1"],"max_hp_per_floor":[75,75,75,75,75,75,75,75,75,75,75,75,75,75,75,75,75,75,75,75,75,75,75,75,75,75,75,75,75,75,75,75,75,82,82,82,82,82,82,82,82,82,82,82,82,82,82,82,82,82],"relics":["Burning Blood","Old Coin","Lantern","Meat on the Bone","Centennial Puzzle","Juzu Bracelet","Du-Vu Doll","Toxic Egg 2","Ectoplasm","Ice Cream","Ancient Tea Set","Calling Bell","Strawberry","War Paint","Mercury Hourglass","Shuriken","Red Mask"],"card_choices":[{"not_picked":["Power Through","Pommel Strike"],"picked":"Wild Strike","floor":1},{"not_picked":["True Grit","Demon Form"],"picked":"Feel No Pain","floor":5},{"not_picked":["Anger","Exhume"],"picked":"Evolve","floor":7},{"not_picked":["Cleave","Metallicize"],"picked":"Shrug It Off","floor":14},{"not_picked":["Juggernaut","Feed"],"picked":"Dark Embrace","floor":16},{"not_picked":["Warcry","Anger"],"picked":"Sever Soul","floor":18},{"not_picked":["Dropkick","Ghostly Armor"],"picked":"True Grit","floor":20},{"not_picked":["Entrench","Body Slam"],"picked":"Barricade","floor":21},{"not_picked":["Infernal Blade","Searing Blow"],"picked":"Wild Strike","floor":25},{"not_picked":["Heavy Blade","Twin Strike"],"picked":"Headbutt","floor":29},{"not_picked":["Barricade","Berserk"],"picked":"Offering","floor":33},{"not_picked":["Fire Breathing","Pummel"],"picked":"Shockwave","floor":35},{"not_picked":["Intimidate","True Grit"],"picked":"Warcry","floor":36},{"not_picked":["Armaments","Havoc"],"picked":"Exhume","floor":38},{"not_picked":["Thinking Ahead","Transmutation"],"picked":"Apotheosis","floor":44},{"not_picked":["Swift Strike","Panacea"],"picked":"Master of Strategy","floor":44},{"not_picked":["Pommel Strike","Armaments"],"picked":"Warcry","floor":48}],"player_experience":394855,"potions_floor_usage":[21,29,33,46,48,50],"damage_taken":[{"damage":5,"enemies":"2 Louse","floor":1,"turns":4},{"damage":4,"enemies":"Small Slimes","floor":5,"turns":3},{"damage":14,"enemies":"3 Sentries","floor":7,"turns":8},{"damage":12,"enemies":"Gremlin Nob","floor":10,"turns":3},{"damage":1,"enemies":"Cultist","floor":11,"turns":3},{"damage":4,"enemies":"2 Fungi Beasts","floor":14,"turns":2},{"damage":30,"enemies":"Slime Boss","floor":16,"turns":7},{"damage":39,"enemies":"Spheric Guardian","floor":18,"turns":6},{"damage":29,"enemies":"Shell Parasite","floor":20,"turns":7},{"damage":24,"enemies":"Snecko","floor":21,"turns":6},{"damage":1,"enemies":"Cultist and Chosen","floor":22,"turns":6},{"damage":28,"enemies":"Snake Plant","floor":25,"turns":6},{"damage":7,"enemies":"Centurion and Healer","floor":29,"turns":8},{"damage":37,"enemies":"Slavers","floor":31,"turns":7},{"damage":37,"enemies":"Automaton","floor":33,"turns":13},{"damage":47,"enemies":"3 Darklings","floor":35,"turns":8},{"damage":16,"enemies":"Orb Walker","floor":36,"turns":2},{"damage":4,"enemies":"Maw","floor":38,"turns":7},{"damage":55,"enemies":"4 Shapes","floor":46,"turns":4},{"damage":4,"enemies":"Sphere and 2 Shapes","floor":48,"turns":4},{"damage":21,"enemies":"Awakened One","floor":50,"turns":8}],"event_choices":[{"event_name":"Scrap Ooze","player_choice":"success","floor":3,"damage_taken":11},{"event_name":"Golden Wing","player_choice":"Card Removal","floor":4,"damage_taken":0},{"event_name":"Big Fish","player_choice":"Box","floor":12,"damage_taken":0},{"event_name":"Fountain of Cleansing","player_choice":"Ignored","floor":19,"damage_taken":0},{"event_name":"Duplicator","player_choice":"One dupe","floor":24,"damage_taken":0},{"event_name":"Vampires","player_choice":"Ignored","floor":28,"damage_taken":0},{"event_name":"Winding Halls","player_choice":"Embrace Madness","floor":37,"damage_taken":0},{"event_name":"SensoryStone","player_choice":"Memory 2","floor":44,"damage_taken":0},{"event_name":"Tomb of Lord Red Mask","player_choice":"Paid","floor":47,"damage_taken":0}],"boss_relics":[{"not_picked":["Runic Pyramid","Snecko Eye"],"picked":"Ectoplasm"},{"not_picked":["Velvet Choker","Runic Dome"],"picked":"Calling Bell"}],"potions_floor_spawned":[14,18,21,29,31,36,38,48],"seed_played":"3899827759350657979","ascension_level":15,"is_trial":false}