{"path_per_floor":["M","M","M","?","?","E","M","R","T","$","?","M","R","?","R","B",null,"M","?","?","?","$","R","M","M","T"],"character_chosen":"IRONCLAD","items_purchased":["Headbutt","Evolve"],"gold_per_floor":[115,128,148,223,223,249,262,262,262,69,34,53,53,53,53,124,124,143,143,143,143,43,43,57,72,72,72],"floor_reached":27,"campfire_rested":0,"playtime":637,"current_hp_per_floor":[65,68,68,68,68,40,32,32,32,32,50,53,53,53,53,59,71,46,46,46,46,46,52,43,11,11,0],"items_purged":["Strike_R","Strike_R"],"gold":72,"score":456,"play_id":"3d58d8ed-d67d-433b-8635-1cc7f6a17360","local_time":"20180413134649","is_prod":false,"is_daily":false,"chose_seed":false,"is_ascension_mode":true,"campfire_upgraded":4,"timestamp":1523620009,"path_taken":["M","M","M","?","?","E","M","R","T","$","?","M","R","?","R","BOSS","M","?","?","?","$","R","M","M","T","M"],"build_version":"2018-04-12","seed_source_timestamp":16335739407663,"purchased_purges":2,"victory":false,"master_deck":["Strike_R","Strike_R","Defend_R","Defend_R","Defend_R","Defend_R","Bash+1","AscendersBane","Spot Weakness+1","Disarm+1","Heavy Blade+1","Rampage+1","Headbutt","Evolve","Exhume","Feel No Pain+1","Anger","Battle Trance"],"max_hp_per_floor":[75,75,75,75,75,75,75,75,75,75,75,75,75,75,75,75,75,75,75,75,75,75,75,75,75,75,75],"relics":["Burning Blood","Vajra","Mercury Hourglass","Eternal Feather","Spirit Poop","Darkstone Periapt"],"card_choices":[{"not_picked":["Power Through","Pommel Strike"],"picked":"Spot Weakness","floor":1},{"not_picked":["Twin Strike","Sword Boomerang"],"picked":"Disarm","floor":2},{"not_picked":["Pommel Strike","Clash"],"picked":"Heavy Blade","floor":3},{"not_picked":["Reaper","Twin Strike"],"picked":"Rampage","floor":6},{"not_picked":["Impervious","Immolate"],"picked":"Exhume","floor":16},{"not_picked":["Pummel","Sword Boomerang"],"picked":"Feel No Pain","floor":18}],"player_experience":404305,"potions_floor_usage":[24],"damage_taken":[{"damage":9,"enemies":"Jaw Worm","floor":1,"turns":5},{"damage":3,"enemies":"2 Louse","floor":2,"turns":3},{"damage":6,"enemies":"Cultist","floor":3,"turns":4},{"damage":34,"enemies":"Gremlin Nob","floor":6,"turns":5},{"damage":14,"enemies":"Blue Slaver","floor":7,"turns":3},{"damage":3,"enemies":"Exordium Thugs","floor":12,"turns":3},{"damage":0,"enemies":"Slime Boss","floor":16,"turns":7},{"damage":31,"enemies":"Chosen","floor":18,"turns":5},{"damage":15,"enemies":"Shell Parasite","floor":24,"turns":6},{"damage":38,"enemies":"Sentry and Sphere","floor":25,"turns":7},{"damage":18,"enemies":"Slaver and Parasite","floor":27,"turns":1}],"event_choices":[{"event_name":"Golden Wing","player_choice":"Gained Gold","floor":4,"damage_taken":0},{"event_name":"Accursed Blacksmith","player_choice":"Forge","floor":5,"damage_taken":0},{"event_name":"The Cleric","player_choice":"Healed","floor":11,"damage_taken":0},{"event_name":"The Lab","player_choice":"Got Potions","floor":14,"damage_taken":0},{"event_name":"Transmorgrifier","player_choice":"Transform","floor":19,"damage_taken":0},{"event_name":"The Library","player_choice":"Read","floor":20,"damage_taken":0},{"event_name":"Bonfire Elementals","player_choice":"CURSE","floor":21,"damage_taken":0}],"boss_relics":[{"not_picked":["Tiny House","White Beast Statue"],"picked":"Eternal Feather"}],"potions_floor_spawned":[1,2,7,12,25],"seed_played":"4988912103082330005","killed_by":"Slaver and Parasite","ascension_level":15,"is_trial":false}