{"path_per_floor":["M","?","M","M","M","R","?","M","T","R","?","E","?","T","R"],"character_chosen":"IRONCLAD","items_purchased":[],"gold_per_floor":[114,189,201,217,236,236,236,249,249,249,214,246,246,246,246,246],"floor_reached":16,"campfire_rested":0,"playtime":466,"current_hp_per_floor":[68,57,51,46,39,39,64,51,51,51,69,42,42,42,42,0],"items_purged":[],"gold":246,"score":175,"play_id":"30bd7d21-8d19-4010-b96b-d1dd72844b1d","local_time":"20180417021449","is_prod":false,"is_daily":false,"chose_seed":false,"is_ascension_mode":true,"campfire_upgraded":3,"timestamp":1523924089,"path_taken":["M","?","M","?","M","R","?","M","T","R","?","E","?","?","R","BOSS"],"build_version":"2018-04-12","seed_source_timestamp":53667152403376,"purchased_purges":0,"victory":false,"master_deck":["Strike_R","Strike_R","Strike_R","Strike_R","Defend_R","Defend_R","Defend_R","Defend_R","Bash","AscendersBane","Body Slam+1","Second Wind","Seeing Red","Spot Weakness+1","Clothesline","Dual Wield+1"],"max_hp_per_floor":[75,75,75,75,75,75,75,75,75,75,75,75,75,75,75,75],"relics":["Burning Blood","Unceasing Top","Bird Faced Urn","Toolbox"],"card_choices":[{"not_picked":["Anger","Heavy Blade"],"picked":"Body Slam","floor":1},{"not_picked":["Anger","Warcry"],"picked":"Second Wind","floor":3},{"not_picked":["Thunderclap","Havoc"],"picked":"Seeing Red","floor":4},{"not_picked":["Anger","Shrug It Off"],"picked":"Spot Weakness","floor":5},{"not_picked":["Shrug It Off","Sever Soul"],"picked":"Clothesline","floor":8},{"not_picked":["Uppercut","Clothesline"],"picked":"Dual Wield","floor":12}],"player_experience":422960,"potions_floor_usage":[12],"damage_taken":[{"damage":6,"enemies":"Small Slimes","floor":1,"turns":7},{"damage":12,"enemies":"2 Louse","floor":3,"turns":4},{"damage":11,"enemies":"Cultist","floor":4,"turns":4},{"damage":13,"enemies":"Red Slaver","floor":5,"turns":5},{"damage":19,"enemies":"Large Slime","floor":8,"turns":7},{"damage":33,"enemies":"3 Sentries","floor":12,"turns":8},{"damage":43,"enemies":"Hexaghost","floor":16,"turns":11}],"event_choices":[{"event_name":"World of Goop","player_choice":"Gather Gold","floor":2,"damage_taken":0},{"event_name":"Big Fish","player_choice":"Banana","floor":7,"damage_taken":0},{"event_name":"The Cleric","player_choice":"Healed","floor":11,"damage_taken":0},{"event_name":"Living Wall","player_choice":"Forget","floor":13,"damage_taken":0}],"boss_relics":[],"potions_floor_spawned":[4,12],"seed_played":"9136230198617161362","killed_by":"Hexaghost","ascension_level":15,"is_trial":false}