{"path_per_floor":["M","$","M","?","?","R","E","R","T","R","M","M","$","M","R","B",null,"M","?","$","M","M","R","$","R","T","R","M","M"],"character_chosen":"IRONCLAD","items_purchased":["Cleave","Finesse","Bronze Scales"],"gold_per_floor":[116,18,30,30,30,30,62,62,108,108,125,145,52,66,66,141,141,161,161,161,172,184,184,28,28,28,28,39,57,57],"floor_reached":30,"campfire_rested":0,"playtime":1340,"current_hp_per_floor":[74,74,60,60,60,60,55,55,55,55,60,57,57,58,58,15,60,62,75,75,69,52,52,52,52,52,52,34,27,0],"items_purged":["Strike_R"],"gold":57,"score":403,"play_id":"672eae06-54f4-43b3-b145-eb91bc7d753f","local_time":"20180415163606","is_prod":false,"is_daily":false,"chose_seed":false,"is_ascension_mode":true,"campfire_upgraded":7,"timestamp":1523828166,"path_taken":["M","?","M","?","?","R","E","R","T","R","M","M","$","?","R","BOSS","M","?","$","?","M","R","$","R","T","R","M","M","E"],"build_version":"2018-04-12","seed_source_timestamp":71835085564816,"purchased_purges":2,"victory":false,"master_deck":["Strike_R","Strike_R","Strike_R","Defend_R+1","Defend_R","Defend_R","Defend_R+1","Bash","AscendersBane","Body Slam+1","Cleave+1","Evolve+1","Warcry","Intimidate","Power Through+1","Reckless Charge","Finesse","True Grit+1","Offering+1","Disarm","Thunderclap","Warcry","Metallicize","Spot Weakness","Pommel Strike+1","Entrench+1","Flame Barrier+1","Battle Trance"],"max_hp_per_floor":[75,75,75,75,75,75,75,75,75,75,75,75,75,75,75,75,75,75,75,75,75,75,75,75,75,75,75,75,75,75],"relics":["Burning Blood","War Paint","Oddly Smooth Stone","Orichalcum","Orrery","Bronze Scales","Bottled Flame"],"card_choices":[{"not_picked":["Pommel Strike","Dual Wield"],"picked":"Body Slam","floor":1},{"not_picked":["Bloodletting","Cleave"],"picked":"Evolve","floor":3},{"not_picked":["Iron Wave","Cleave"],"picked":"Intimidate","floor":7},{"not_picked":["Headbutt","True Grit"],"picked":"Power Through","floor":11},{"not_picked":["Rampage","Warcry"],"picked":"Reckless Charge","floor":12},{"not_picked":["Heavy Blade","Sword Boomerang"],"picked":"True Grit","floor":14},{"not_picked":["Limit Break","Demon Form"],"picked":"Offering","floor":16},{"not_picked":["Anger","Perfected Strike"],"picked":"Disarm","floor":17},{"not_picked":["Rupture","Rage"],"picked":"Thunderclap","floor":17},{"not_picked":["Anger","Flex"],"picked":"Warcry","floor":17},{"not_picked":["Heavy Blade","Perfected Strike"],"picked":"Metallicize","floor":17},{"not_picked":["Ghostly Armor","Sword Boomerang"],"picked":"Spot Weakness","floor":18},{"not_picked":["Flex","Pummel"],"picked":"Pommel Strike","floor":21},{"not_picked":["Ghostly Armor","Feel No Pain"],"picked":"Entrench","floor":22},{"not_picked":["Ghostly Armor","Fire Breathing"],"picked":"Flame Barrier","floor":28},{"not_picked":["Cleave","Thunderclap"],"picked":"Battle Trance","floor":29}],"player_experience":466969,"potions_floor_usage":[12,14,29,30,30],"damage_taken":[{"damage":0,"enemies":"Cultist","floor":1,"turns":3},{"damage":20,"enemies":"Small Slimes","floor":3,"turns":4},{"damage":11,"enemies":"3 Sentries","floor":7,"turns":7},{"damage":1,"enemies":"Jaw Worm","floor":11,"turns":4},{"damage":9,"enemies":"Lots of Slimes","floor":12,"turns":5},{"damage":5,"enemies":"Exordium Wildlife","floor":14,"turns":5},{"damage":49,"enemies":"Slime Boss","floor":16,"turns":16},{"damage":4,"enemies":"3 Byrds","floor":18,"turns":6},{"damage":12,"enemies":"Shell Parasite","floor":21,"turns":6},{"damage":23,"enemies":"Centurion and Healer","floor":22,"turns":9},{"damage":24,"enemies":"Snecko","floor":28,"turns":8},{"damage":13,"enemies":"Cultist and Chosen","floor":29,"turns":7},{"damage":41,"enemies":"Gremlin Leader","floor":30,"turns":7}],"event_choices":[{"event_name":"The Lab","player_choice":"Got Potions","floor":4,"damage_taken":0},{"event_name":"Transmorgrifier","player_choice":"Transform","floor":5,"damage_taken":0},{"event_name":"Wheel of Change","player_choice":"Full Heal","floor":19,"damage_taken":0}],"boss_relics":[{"not_picked":["Lizard Tail","Black Blood"],"picked":"Orrery"}],"potions_floor_spawned":[11,16,21],"seed_played":"-7159220390175952364","killed_by":"Gremlin Leader","ascension_level":15,"is_trial":false}