{"path_per_floor":["M","$","M","?","?","R","M","T","T","M","?","R","M","M","R","B",null,"M","?","?"],"character_chosen":"IRONCLAD","items_purchased":["Shrug It Off"],"gold_per_floor":[119,22,38,3,3,3,18,18,18,29,104,104,120,136,136,215,215,233,233,323,223],"floor_reached":21,"campfire_rested":1,"playtime":605,"current_hp_per_floor":[29,29,29,47,40,75,75,89,89,79,68,68,64,56,56,16,71,48,48,32,32],"items_purged":["Doubt","Injury"],"gold":223,"score":287,"play_id":"565f07e2-44a9-43c4-a97f-6497a6ad2177","local_time":"20180406193339","is_prod":false,"is_daily":false,"is_ascension_mode":true,"campfire_upgraded":2,"timestamp":1523061219,"path_taken":["M","$","M","?","?","R","M","?","T","M","?","R","M","?","R","BOSS","M","?","?","$"],"build_version":"2018-04-05v2","purchased_purges":3,"victory":false,"master_deck":["Strike_R","Strike_R","Strike_R","Strike_R","Strike_R","Defend_R","Defend_R","Defend_R","Defend_R","Bash+1","AscendersBane","Shrug It Off","Metallicize+1","Iron Wave","Pummel","Fiend Fire","Rage"],"max_hp_per_floor":[75,75,75,75,75,75,75,89,89,89,89,89,89,89,89,89,89,89,89,89,89],"relics":["Calling Bell","Regal Pillow","Red Skull","Anchor","Mango","Omamori","Runic Dome"],"card_choices":[{"not_picked":["Sword Boomerang","True Grit"],"picked":"Metallicize","floor":3},{"not_picked":["Flex","Second Wind"],"picked":"Iron Wave","floor":10},{"not_picked":["Cleave","Double Tap"],"picked":"Pummel","floor":13},{"not_picked":["Berserk","Dark Embrace"],"picked":"Fiend Fire","floor":16},{"not_picked":["Intimidate","Perfected Strike"],"picked":"Rage","floor":18}],"player_experience":423767,"potions_floor_usage":[16],"damage_taken":[{"damage":39,"enemies":"Jaw Worm","floor":1,"turns":8},{"damage":0,"enemies":"Cultist","floor":3,"turns":2},{"damage":0,"enemies":"2 Louse","floor":7,"turns":3},{"damage":10,"enemies":"Looter","floor":10,"turns":4},{"damage":4,"enemies":"Exordium Wildlife","floor":13,"turns":5},{"damage":8,"enemies":"Blue Slaver","floor":14,"turns":3},{"damage":40,"enemies":"The Guardian","floor":16,"turns":14},{"damage":23,"enemies":"3 Byrds","floor":18,"turns":9}],"event_choices":[{"event_name":"The Cleric","player_choice":"Healed","floor":4,"damage_taken":0},{"event_name":"Golden Wing","player_choice":"Card Removal","floor":5,"damage_taken":0},{"event_name":"World of Goop","player_choice":"Gather Gold","floor":11,"damage_taken":0},{"event_name":"Forgotten Altar","player_choice":"Smashed Altar","floor":19,"damage_taken":0},{"event_name":"Knowing Skull","player_choice":"GOLD ","floor":20,"damage_taken":0}],"boss_relics":[{"not_picked":["Runic Cube","Pandora\u0027s Box"],"picked":"Runic Dome"}],"potions_floor_spawned":[3,10,16],"seed_played":"-421321064225689879","ascension_level":14,"is_trial":false}