{"path_per_floor":["M","?","?","$","M","R","M","$","T","M","?","M","M","$","R","B",null,"M","?"],"character_chosen":"IRONCLAD","items_purchased":["Toolbox","Evolve","Second Wind"],"gold_per_floor":[366,366,331,8,24,24,49,12,12,36,36,50,75,0,0,90,90,90,5,5],"floor_reached":20,"campfire_rested":1,"playtime":607,"current_hp_per_floor":[70,44,62,62,61,61,64,64,64,42,42,28,22,22,44,30,64,33,33,0],"items_purged":["Decay"],"gold":5,"score":287,"play_id":"b47a9b7b-a39f-4aaa-ae1e-0185737c08e3","local_time":"20180417023410","is_prod":false,"is_daily":false,"chose_seed":false,"is_ascension_mode":true,"campfire_upgraded":1,"timestamp":1523925250,"path_taken":["M","?","?","$","M","R","M","$","T","M","?","M","M","?","R","BOSS","M","?","M"],"build_version":"2018-04-12","seed_source_timestamp":54673271881741,"purchased_purges":1,"victory":false,"master_deck":["Strike_R","Strike_R","Strike_R","Strike_R","Strike_R","Defend_R","Defend_R","Defend_R","Defend_R","Bash","AscendersBane","Cleave","Evolve+1","Dual Wield","Feel No Pain","Second Wind","Blood for Blood","Reckless Charge","Wild Strike","Limit Break"],"max_hp_per_floor":[75,75,75,75,75,75,75,75,75,75,75,75,75,75,75,75,75,75,75,75],"relics":["Burning Blood","Golden Idol","Toolbox","Frozen Egg 2","Ectoplasm","Art of War"],"card_choices":[{"not_picked":["Flex","Warcry"],"picked":"Cleave","floor":1},{"not_picked":["Shrug It Off","Heavy Blade"],"picked":"Dual Wield","floor":5},{"not_picked":["Warcry","Second Wind"],"picked":"Feel No Pain","floor":7},{"not_picked":["Dual Wield","Seeing Red"],"picked":"Blood for Blood","floor":10},{"not_picked":["Burning Pact","Flame Barrier"],"picked":"Reckless Charge","floor":12},{"not_picked":["Inflame","Corruption"],"picked":"Wild Strike","floor":13},{"not_picked":["Barricade","Offering"],"picked":"Limit Break","floor":16}],"player_experience":423848,"potions_floor_usage":[16,20,20],"damage_taken":[{"damage":4,"enemies":"2 Louse","floor":1,"turns":4},{"damage":7,"enemies":"Jaw Worm","floor":5,"turns":5},{"damage":7,"enemies":"Small Slimes","floor":7,"turns":4},{"damage":28,"enemies":"2 Fungi Beasts","floor":10,"turns":5},{"damage":20,"enemies":"Blue Slaver","floor":12,"turns":5},{"damage":12,"enemies":"3 Louse","floor":13,"turns":5},{"damage":20,"enemies":"Slime Boss","floor":16,"turns":11},{"damage":37,"enemies":"Chosen","floor":18,"turns":6},{"damage":33,"enemies":"3 Byrds","floor":20,"turns":3}],"event_choices":[{"event_name":"Golden Idol","player_choice":"Take Damage","floor":2,"damage_taken":0},{"event_name":"The Cleric","player_choice":"Healed","floor":3,"damage_taken":0},{"event_name":"Dead Adventurer","player_choice":"Searched \u00270\u0027 times","floor":11,"damage_taken":0},{"event_name":"Addict","player_choice":"Obtained Relic","floor":19,"damage_taken":0}],"boss_relics":[{"not_picked":["Tiny House","Sozu"],"picked":"Ectoplasm"}],"potions_floor_spawned":[7,10,16],"seed_played":"8043553243302647363","killed_by":"3 Byrds","ascension_level":15,"is_trial":false}