{"path_per_floor":["M","$","?","M","?","R","E","R","T","M","M","R","M","M","R","B",null,"M","?"],"character_chosen":"IRONCLAD","items_purchased":[],"gold_per_floor":[11,11,11,23,23,23,59,59,59,73,98,98,122,137,137,266,266,280,280,280],"floor_reached":20,"campfire_rested":3,"playtime":834,"current_hp_per_floor":[78,78,78,79,59,80,61,61,61,52,48,72,70,60,80,51,80,62,62,62],"items_purged":[],"gold":280,"score":174,"play_id":"eb43a3c7-93fd-480a-8a3b-6274c99d1452","local_time":"20180419221717","is_prod":false,"is_daily":false,"chose_seed":false,"is_ascension_mode":false,"campfire_upgraded":1,"timestamp":1524190637,"path_taken":["M","$","?","M","?","R","E","R","T","M","M","R","M","M","R","BOSS","M","?","M"],"build_version":"2018-04-19","seed_source_timestamp":13831212968266,"purchased_purges":0,"victory":false,"master_deck":["Strike_R","Strike_R","Strike_R","Strike_R","Strike_R","Defend_R","Defend_R","Defend_R","Defend_R","Bash","Demon Form+1","Cleave","Heavy Blade","Evolve+1","Heavy Blade","Rage","Demon Form","Bloodletting","Flex"],"max_hp_per_floor":[80,80,80,80,80,80,80,80,80,80,80,80,80,80,80,80,80,80,80,80],"relics":["Burning Blood","Golden Idol","Meat on the Bone","Vajra","White Beast Statue"],"card_choices":[{"not_picked":["Juggernaut","Reaper"],"picked":"Demon Form","floor":0},{"not_picked":["Warcry","Iron Wave"],"picked":"Cleave","floor":1},{"not_picked":["Iron Wave","Body Slam"],"picked":"Heavy Blade","floor":4},{"not_picked":["Juggernaut","Body Slam"],"picked":"Evolve","floor":7},{"not_picked":["Warcry","Thunderclap"],"picked":"Heavy Blade","floor":11},{"not_picked":["Warcry","Shrug It Off"],"picked":"Rage","floor":13},{"not_picked":["Offering","Barricade"],"picked":"Demon Form","floor":16},{"not_picked":["Battle Trance","Iron Wave"],"picked":"Bloodletting","floor":18}],"player_experience":84975,"potions_floor_usage":[16,16],"damage_taken":[{"damage":8,"enemies":"2 Louse","floor":1,"turns":3},{"damage":5,"enemies":"Cultist","floor":4,"turns":4},{"damage":25,"enemies":"Gremlin Nob","floor":7,"turns":4},{"damage":15,"enemies":"Small Slimes","floor":10,"turns":3},{"damage":22,"enemies":"Exordium Wildlife","floor":11,"turns":6},{"damage":8,"enemies":"2 Fungi Beasts","floor":13,"turns":4},{"damage":16,"enemies":"Red Slaver","floor":14,"turns":3},{"damage":35,"enemies":"The Guardian","floor":16,"turns":8},{"damage":24,"enemies":"Spheric Guardian","floor":18,"turns":4},{"damage":0,"enemies":"3 Byrds","floor":20,"turns":1}],"event_choices":[{"event_name":"Accursed Blacksmith","player_choice":"Forge","floor":3,"damage_taken":0},{"event_name":"Golden Idol","player_choice":"Take Damage","floor":5,"damage_taken":0},{"event_name":"The Library","player_choice":"Read","floor":19,"damage_taken":0}],"boss_relics":[{"not_picked":["Ectoplasm","Cursed Key"],"picked":"White Beast Statue"}],"potions_floor_spawned":[10,11,13,14,16,18],"seed_played":"545269160944299175","killed_by":"3 Byrds","ascension_level":0,"is_trial":false}