{"path_per_floor":["M","M","?","?","$","E","M","E","T","?","?","M","T","M","R"],"character_chosen":"IRONCLAD","items_purchased":["Uppercut"],"gold_per_floor":[113,128,128,303,158,186,206,231,307,258,333,351,351,365,365,365],"floor_reached":16,"campfire_rested":1,"playtime":459,"current_hp_per_floor":[71,71,71,71,71,63,56,34,34,34,34,34,34,32,56,0],"items_purged":["Doubt"],"gold":365,"score":176,"play_id":"debbb4aa-0eaa-45ac-9787-32c559e08bd0","local_time":"20180421004105","is_prod":false,"is_daily":false,"chose_seed":false,"is_ascension_mode":true,"campfire_upgraded":0,"timestamp":1524285665,"path_taken":["M","M","?","?","$","E","M","E","T","?","?","?","?","M","R","BOSS"],"build_version":"2018-04-19","seed_source_timestamp":370290595694442,"purchased_purges":1,"victory":false,"master_deck":["Strike_R","Strike_R","Strike_R","Strike_R","Strike_R","Defend_R","Defend_R","Defend_R","Defend_R","Bash","AscendersBane","Pommel Strike","Body Slam","Uppercut","True Grit","Bludgeon","Ghostly Armor"],"max_hp_per_floor":[80,80,80,80,80,80,80,80,80,80,80,80,80,80,80,80],"relics":["White Beast Statue","Torii","Anchor","Darkstone Periapt","Thread and Needle"],"card_choices":[{"not_picked":["Headbutt","Havoc"],"picked":"Pommel Strike","floor":1},{"not_picked":["Havoc","True Grit"],"picked":"Body Slam","floor":2},{"not_picked":["Searing Blow","Anger"],"picked":"True Grit","floor":7},{"not_picked":["Body Slam","Combust"],"picked":"Bludgeon","floor":8},{"not_picked":["Clash","Fire Breathing"],"picked":"Ghostly Armor","floor":14}],"player_experience":585500,"potions_floor_usage":[6,7],"damage_taken":[{"damage":1,"enemies":"Cultist","floor":1,"turns":4},{"damage":0,"enemies":"2 Louse","floor":2,"turns":3},{"damage":8,"enemies":"Gremlin Nob","floor":6,"turns":3},{"damage":7,"enemies":"Jaw Worm","floor":7,"turns":3},{"damage":22,"enemies":"3 Sentries","floor":8,"turns":10},{"damage":0,"enemies":"Looter","floor":12,"turns":2},{"damage":2,"enemies":"Exordium Thugs","floor":14,"turns":6},{"damage":69,"enemies":"Slime Boss","floor":16,"turns":11}],"event_choices":[{"event_name":"The Cleric","player_choice":"Leave","floor":3,"damage_taken":0},{"event_name":"Liars Game","player_choice":"agreed","floor":4,"damage_taken":0},{"event_name":"World of Goop","player_choice":"Left","floor":10,"damage_taken":0},{"event_name":"Golden Wing","player_choice":"Gained Gold","floor":11,"damage_taken":0}],"boss_relics":[],"potions_floor_spawned":[1,2,6,7,8,12,14],"seed_played":"-1780773139400757986","killed_by":"Slime Boss","ascension_level":12,"is_trial":false}