{"path_per_floor":["M","M","?","?","?","E","M","R","T","?","?","$","M","M","R","B",null,"M","M","?","$","M","R","?"],"character_chosen":"IRONCLAD","items_purchased":["Metallicize","Energy Potion","Block Potion"],"gold_per_floor":[13,23,23,23,23,55,71,71,71,246,246,135,149,164,164,260,260,272,282,282,81,95,95,95,95],"floor_reached":25,"campfire_rested":0,"playtime":1885,"current_hp_per_floor":[80,80,85,78,78,56,55,55,55,55,55,55,61,63,63,49,85,76,71,71,71,66,66,50,0],"items_purged":["Doubt","Evolve"],"gold":95,"score":201,"play_id":"2f7f7089-e9f8-4b14-8b8a-4c7c3b7461b8","local_time":"20180419002901","is_prod":false,"is_daily":false,"chose_seed":false,"is_ascension_mode":false,"campfire_upgraded":3,"timestamp":1524112141,"path_taken":["M","M","?","?","?","E","M","R","T","?","?","$","?","M","R","BOSS","M","M","?","$","?","R","?","E"],"build_version":"2018-04-12","seed_source_timestamp":285072372539157,"purchased_purges":2,"victory":false,"master_deck":["Strike_R","Strike_R","Strike_R","Defend_R","Defend_R","Defend_R","Bash","True Grit","Rampage+1","Rampage+1","Clash","Metallicize","Ghostly Armor+1","Limit Break","Rage+1","Flame Barrier+1"],"max_hp_per_floor":[80,80,85,85,85,85,85,85,85,85,85,85,85,85,85,85,85,85,85,85,85,85,85,85,85],"relics":["Burning Blood","Bag of Preparation","Happy Flower","Regal Pillow","Lizard Tail"],"card_choices":[{"not_picked":["Heavy Blade","Warcry"],"picked":"Rampage","floor":1},{"not_picked":["Anger","Sever Soul"],"picked":"Clash","floor":2},{"not_picked":["Pummel","Blood for Blood"],"picked":"Ghostly Armor","floor":13},{"not_picked":["Dark Embrace","Fiend Fire"],"picked":"Limit Break","floor":16},{"not_picked":["Rampage","Warcry"],"picked":"Rage","floor":18},{"not_picked":["Cleave","Fire Breathing"],"picked":"Flame Barrier","floor":19}],"player_experience":65679,"potions_floor_usage":[16,16,19,19,22],"damage_taken":[{"damage":4,"enemies":"Jaw Worm","floor":1,"turns":5},{"damage":0,"enemies":"Small Slimes","floor":2,"turns":4},{"damage":28,"enemies":"Lagavulin","floor":6,"turns":6},{"damage":7,"enemies":"2 Louse","floor":7,"turns":2},{"damage":0,"enemies":"2 Fungi Beasts","floor":13,"turns":4},{"damage":4,"enemies":"Blue Slaver","floor":14,"turns":4},{"damage":20,"enemies":"Slime Boss","floor":16,"turns":8},{"damage":15,"enemies":"Shell Parasite","floor":18,"turns":7},{"damage":11,"enemies":"3 Byrds","floor":19,"turns":7},{"damage":11,"enemies":"Snecko","floor":22,"turns":9},{"damage":94,"enemies":"Book of Stabbing","floor":25,"turns":10}],"event_choices":[{"event_name":"Big Fish","player_choice":"Donut","floor":3,"damage_taken":0},{"event_name":"Scrap Ooze","player_choice":"success","floor":4,"damage_taken":7},{"event_name":"Transmorgrifier","player_choice":"Transform","floor":5,"damage_taken":0},{"event_name":"Liars Game","player_choice":"agreed","floor":10,"damage_taken":0},{"event_name":"Accursed Blacksmith","player_choice":"Forge","floor":11,"damage_taken":0},{"event_name":"Drug Dealer","player_choice":"Ignored","floor":20,"damage_taken":0},{"event_name":"Cursed Tome","player_choice":"Obtained Book","floor":24,"damage_taken":0}],"boss_relics":[{"not_picked":["Black Blood","Runic Pyramid"],"picked":"Lizard Tail"}],"potions_floor_spawned":[1,13,14,18,22],"seed_played":"1029090277091422878","killed_by":"Book of Stabbing","ascension_level":0,"is_trial":false}