{"path_per_floor":["M","M","?","?","?","R","E","M","T","E","M","M","M","M","R"],"character_chosen":"IRONCLAD","items_purchased":[],"gold_per_floor":[118,135,135,135,135,135,163,175,175,200,212,227,242,261,261,261],"floor_reached":16,"campfire_rested":0,"playtime":439,"current_hp_per_floor":[78,80,85,85,85,85,85,85,85,58,54,53,43,49,49,0],"items_purged":[],"gold":261,"score":222,"play_id":"f9ef2b0b-7b9b-4628-8793-0afadb8225e8","local_time":"20180419115516","is_prod":false,"is_daily":false,"chose_seed":false,"is_ascension_mode":true,"campfire_upgraded":2,"timestamp":1524153316,"path_taken":["M","M","?","?","?","R","E","?","T","E","M","M","M","M","R","BOSS"],"build_version":"2018-04-12","seed_source_timestamp":237959205954358,"purchased_purges":0,"victory":false,"master_deck":["Strike_R","Strike_R","Strike_R","Strike_R","Strike_R","Defend_R","Defend_R","Defend_R","Defend_R","Bash","AscendersBane","Uppercut+1","Thunderclap","Pommel Strike","Disarm+1","True Grit","Dual Wield","Infernal Blade","Seeing Red"],"max_hp_per_floor":[80,80,85,85,85,85,85,85,85,85,85,85,85,85,85,85],"relics":["Burning Blood","NeowsBlessing","Paper Frog","Kunai","Ancient Tea Set","Juzu Bracelet"],"card_choices":[{"not_picked":["Power Through","Clothesline"],"picked":"Uppercut","floor":1},{"not_picked":["Clash","Twin Strike"],"picked":"Thunderclap","floor":2},{"not_picked":["Rage","Reaper"],"picked":"Pommel Strike","floor":7},{"not_picked":["Sentinel","Uppercut"],"picked":"Disarm","floor":8},{"not_picked":["Reckless Charge","Havoc"],"picked":"True Grit","floor":10},{"not_picked":["Warcry","True Grit"],"picked":"Dual Wield","floor":12},{"not_picked":["Bloodletting","Shockwave"],"picked":"Infernal Blade","floor":13},{"not_picked":["Sword Boomerang","Anger"],"picked":"Seeing Red","floor":14}],"player_experience":573738,"potions_floor_usage":[12,14,14],"damage_taken":[{"damage":0,"enemies":"2 Louse","floor":1,"turns":1},{"damage":0,"enemies":"Jaw Worm","floor":2,"turns":1},{"damage":0,"enemies":"Gremlin Nob","floor":7,"turns":1},{"damage":0,"enemies":"Cultist","floor":8,"turns":3},{"damage":33,"enemies":"Lagavulin","floor":10,"turns":5},{"damage":10,"enemies":"3 Louse","floor":11,"turns":5},{"damage":7,"enemies":"Red Slaver","floor":12,"turns":4},{"damage":16,"enemies":"Exordium Thugs","floor":13,"turns":7},{"damage":0,"enemies":"3 Louse","floor":14,"turns":2},{"damage":49,"enemies":"Hexaghost","floor":16,"turns":11}],"event_choices":[{"event_name":"Big Fish","player_choice":"Donut","floor":3,"damage_taken":0},{"event_name":"The Woman in Blue","player_choice":"Bought 0 Potions","floor":4,"damage_taken":0},{"event_name":"Accursed Blacksmith","player_choice":"Rummage","floor":5,"damage_taken":0}],"boss_relics":[],"potions_floor_spawned":[1,2,11],"seed_played":"7876066633101922105","killed_by":"Hexaghost","ascension_level":12,"is_trial":false}