{"path_per_floor":["M","?","?","M","?","E","$","R","T","M","M","M","M","M","R"],"character_chosen":"IRONCLAD","items_purchased":["Feel No Pain","Purity","Whirlwind"],"gold_per_floor":[114,289,289,307,307,339,56,56,56,75,90,102,116,127,127,127],"floor_reached":16,"campfire_rested":0,"playtime":1228,"current_hp_per_floor":[80,80,64,70,70,76,76,76,76,78,69,66,57,63,63,0],"items_purged":["Doubt"],"gold":127,"score":129,"play_id":"6ba728cd-4d85-4bc1-9903-e0a877161500","local_time":"20180418212814","is_prod":false,"is_daily":false,"chose_seed":false,"is_ascension_mode":false,"campfire_upgraded":2,"timestamp":1524101294,"path_taken":["M","?","?","M","?","E","$","R","T","M","M","M","M","M","R","BOSS"],"build_version":"2018-04-12","seed_source_timestamp":274860699007369,"purchased_purges":1,"victory":false,"master_deck":["Strike_R","Strike_R","Strike_R","Strike_R+1","Strike_R","Defend_R","Defend_R","Defend_R","Defend_R+1","Bash","Armaments","Dark Embrace","Feel No Pain+1","Purity","Whirlwind+1","Spot Weakness","Corruption","Shockwave"],"max_hp_per_floor":[80,80,80,80,80,80,80,80,80,80,80,80,80,80,80,80],"relics":["Burning Blood","NeowsBlessing","Paper Frog","Dodecahedron"],"card_choices":[{"not_picked":["Iron Wave","Flex"],"picked":"Armaments","floor":1},{"not_picked":["Hemokinesis","Headbutt"],"picked":"Dark Embrace","floor":6},{"not_picked":["Iron Wave","Warcry"],"picked":"Spot Weakness","floor":11},{"not_picked":["Hemokinesis","Clothesline"],"picked":"Corruption","floor":12},{"not_picked":["Iron Wave","Entrench"],"picked":"Shockwave","floor":14}],"player_experience":64451,"potions_floor_usage":[16],"damage_taken":[{"damage":0,"enemies":"2 Louse","floor":1,"turns":1},{"damage":0,"enemies":"Jaw Worm","floor":4,"turns":1},{"damage":0,"enemies":"3 Sentries","floor":6,"turns":1},{"damage":4,"enemies":"Cultist","floor":10,"turns":5},{"damage":15,"enemies":"Exordium Wildlife","floor":11,"turns":6},{"damage":9,"enemies":"Blue Slaver","floor":12,"turns":6},{"damage":15,"enemies":"Large Slime","floor":13,"turns":7},{"damage":0,"enemies":"2 Fungi Beasts","floor":14,"turns":2},{"damage":83,"enemies":"The Guardian","floor":16,"turns":10}],"event_choices":[{"event_name":"Liars Game","player_choice":"agreed","floor":2,"damage_taken":0},{"event_name":"Shining Light","player_choice":"Entered Light","floor":3,"damage_taken":0},{"event_name":"Golden Idol","player_choice":"Ignored","floor":5,"damage_taken":0}],"boss_relics":[],"potions_floor_spawned":[4,6,14],"seed_played":"-4059995262340054549","killed_by":"The Guardian","ascension_level":0,"is_trial":false}