{"path_per_floor":["M","?","M","?","?","E","R","M","T","M","$","R","M","?","R","B",null,"M","?","M","?","?","R","M","?","T","R","M","?","M","$","R","B",null,"M","M","$","M","?","R","E","M","T","M","?","$","R","?","R","B"],"character_chosen":"IRONCLAD","items_purchased":["Apotheosis","Impervious","Entrench","Lantern"],"gold_per_floor":[112,112,129,129,204,231,231,245,245,256,46,46,62,87,87,184,184,199,289,272,272,272,272,292,292,292,292,311,311,322,73,73,171,171,185,195,51,61,61,61,89,102,102,115,115,15,15,15,15,15],"floor_reached":51,"campfire_rested":2,"playtime":3118,"current_hp_per_floor":[80,80,80,80,69,75,75,80,80,77,77,77,80,76,76,53,80,73,57,48,74,74,74,54,54,64,90,90,74,80,80,80,46,90,90,90,90,85,85,85,90,68,68,56,56,56,83,83,83,53],"items_purged":["Armaments","Strike_R"],"gold":15,"score":800,"play_id":"738cbb86-7db9-41ec-a852-70c7629fd99f","local_time":"20180419164203","is_prod":false,"is_daily":false,"chose_seed":false,"is_ascension_mode":false,"campfire_upgraded":7,"timestamp":1524170523,"path_taken":["M","?","M","?","?","E","R","?","T","M","$","R","M","?","R","BOSS","M","?","M","?","?","R","?","?","T","R","M","?","M","$","R","BOSS","M","M","$","M","?","R","E","M","T","M","?","$","R","?","R","BOSS"],"build_version":"2018-04-12","seed_source_timestamp":0,"purchased_purges":2,"victory":true,"master_deck":["Strike_R+1","Strike_R+1","Defend_R+1","Defend_R+1","Defend_R+1","Bash","Sentinel","Perfected Strike","Whirlwind+1","Corruption+1","Apotheosis+1","Seeing Red+1","Dark Embrace+1","Feel No Pain+1","Necronomicurse","Burning Pact+1","Impervious","Entrench","Thunderclap+1","Master of Strategy+1","Rage+1","Bloodletting+1"],"max_hp_per_floor":[80,80,80,80,80,80,80,80,80,80,80,80,80,80,80,80,80,80,80,80,80,80,80,80,80,90,90,90,90,90,90,90,90,90,90,90,90,90,90,90,90,90,90,90,90,90,90,90,90,90],"relics":["Burning Blood","NeowsBlessing","Paper Frog","Pantograph","Odd Mushroom","Sozu","Pear","Necronomicon","Cursed Key","Lantern","Juzu Bracelet"],"card_choices":[{"not_picked":["Warcry","Heavy Blade"],"picked":"Sentinel","floor":1.0},{"not_picked":["Headbutt","Hemokinesis"],"picked":"Whirlwind","floor":6.0},{"not_picked":["Twin Strike","Heavy Blade"],"picked":"Armaments","floor":8.0},{"not_picked":["Clothesline","Heavy Blade"],"picked":"Corruption","floor":10.0},{"not_picked":["Sever Soul","Shockwave"],"picked":"Seeing Red","floor":14.0},{"not_picked":["Berserk","Demon Form"],"picked":"Dark Embrace","floor":16.0},{"not_picked":["Wild Strike","Anger"],"picked":"Feel No Pain","floor":20.0},{"not_picked":["Hemokinesis","Flex"],"picked":"Burning Pact","floor":30.0},{"not_picked":["Perfected Strike","Clash"],"picked":"Thunderclap","floor":36},{"not_picked":["Flash of Steel","Bandage Up"],"picked":"Master of Strategy","floor":39},{"not_picked":["Power Through","Sever Soul"],"picked":"Rage","floor":41},{"not_picked":["Perfected Strike","Power Through"],"picked":"Bloodletting","floor":42}],"player_experience":71215,"potions_floor_usage":[50],"damage_taken":[{"damage":0.0,"enemies":"Small Slimes","floor":1.0,"turns":1.0},{"damage":0.0,"enemies":"Cultist","floor":3.0,"turns":1.0},{"damage":0.0,"enemies":"3 Sentries","floor":6.0,"turns":2.0},{"damage":0.0,"enemies":"2 Louse","floor":8.0,"turns":2.0},{"damage":9.0,"enemies":"2 Fungi Beasts","floor":10.0,"turns":4.0},{"damage":2.0,"enemies":"Looter","floor":13.0,"turns":3.0},{"damage":10.0,"enemies":"The Mushroom Lair","floor":14.0,"turns":3.0},{"damage":33.0,"enemies":"The Guardian","floor":16.0,"turns":9.0},{"damage":13.0,"enemies":"3 Byrds","floor":18.0,"turns":4.0},{"damage":15.0,"enemies":"2 Thieves","floor":20.0,"turns":4.0},{"damage":26.0,"enemies":"3 Cultists","floor":24.0,"turns":5.0},{"damage":2.0,"enemies":"Snecko","floor":28.0,"turns":4.0},{"damage":0.0,"enemies":"Sentry and Sphere","floor":30.0,"turns":2.0},{"damage":50.0,"enemies":"Automaton","floor":33.0,"turns":7.0},{"damage":0,"enemies":"3 Darklings","floor":35,"turns":2},{"damage":0,"enemies":"Orb Walker","floor":36,"turns":4},{"damage":11,"enemies":"Maw","floor":38,"turns":6},{"damage":0,"enemies":"2 Orb Walkers","floor":41,"turns":1},{"damage":28,"enemies":"4 Shapes","floor":42,"turns":3},{"damage":18,"enemies":"Sphere and 2 Shapes","floor":44,"turns":5},{"damage":46,"enemies":"Donu and Deca","floor":50,"turns":4}],"event_choices":[{"event_name":"Living Wall","player_choice":"Change","floor":2.0,"damage_taken":0.0},{"event_name":"The Woman in Blue","player_choice":"Bought 0 Potions","floor":4.0,"damage_taken":0.0},{"event_name":"World of Goop","player_choice":"Gather Gold","floor":5.0,"damage_taken":0.0},{"event_name":"Mushrooms","player_choice":"Fought Mushrooms","floor":14.0,"damage_taken":0.0},{"event_name":"Knowing Skull","player_choice":"GOLD ","floor":19.0,"damage_taken":0.0},{"event_name":"The Library","player_choice":"Heal","floor":21.0,"damage_taken":0.0},{"event_name":"Accursed Blacksmith","player_choice":"Ignore","floor":22.0,"damage_taken":0.0},{"event_name":"Back to Basics","player_choice":"Simplicity","floor":25.0,"damage_taken":0.0},{"event_name":"Cursed Tome","player_choice":"Obtained Book","floor":29.0,"damage_taken":0.0},{"event_name":"SensoryStone","player_choice":"Memory 1","floor":39,"damage_taken":0},{"event_name":"Purifier","player_choice":"One Purge","floor":48,"damage_taken":0}],"boss_relics":[{"not_picked":["Calling Bell","Runic Pyramid"],"picked":"Cursed Key"}],"potions_floor_spawned":[1,13,14,16,20,24,28,33,38,41,42],"seed_played":"-3098254869546306438","ascension_level":0,"is_trial":false}