{"path_per_floor":["M","?","?","$","M","R","E","R","T","E","M","E","M","?","R"],"character_chosen":"IRONCLAD","items_purchased":[],"gold_per_floor":[116,116,96,21,35,35,64,64,64,89,100,127,144,144,144,144],"floor_reached":16,"campfire_rested":0,"playtime":373,"current_hp_per_floor":[74,74,74,74,75,75,75,75,75,59,65,49,40,40,40,0],"items_purged":["Strike_R"],"gold":144,"score":250,"play_id":"acbe39bb-4dcf-4cf8-9ae4-1ff6409c636f","local_time":"20180419145410","is_prod":false,"is_daily":false,"chose_seed":false,"is_ascension_mode":true,"campfire_upgraded":3,"timestamp":1524142450,"path_taken":["M","?","?","$","?","R","E","R","T","E","M","E","M","?","R","BOSS"],"build_version":"2018-04-12","seed_source_timestamp":11950006171935,"purchased_purges":1,"victory":false,"master_deck":["Strike_R","Strike_R","Strike_R","Strike_R","Defend_R","Defend_R","Defend_R","Defend_R","Bash+1","AscendersBane","Rampage+1","Shrug It Off+1","Pummel","Offering","Evolve","Disarm+1","Seeing Red"],"max_hp_per_floor":[75,75,75,75,75,75,75,75,75,75,75,75,75,75,75,75],"relics":["Burning Blood","NeowsBlessing","Oddly Smooth Stone","Vajra","Question Card","The Courier"],"card_choices":[{"not_picked":["Burning Pact","True Grit"],"picked":"Rampage","floor":1},{"not_picked":["Cleave","Armaments"],"picked":"Shrug It Off","floor":5},{"not_picked":["Juggernaut","Entrench"],"picked":"Pummel","floor":7},{"not_picked":["Heavy Blade","Shrug It Off"],"picked":"Offering","floor":10},{"not_picked":["Clothesline","Searing Blow","Shrug It Off"],"picked":"Evolve","floor":11},{"not_picked":["Seeing Red","Flame Barrier","Clothesline"],"picked":"Disarm","floor":12},{"not_picked":["Clash","Iron Wave","Infernal Blade"],"picked":"Seeing Red","floor":13}],"player_experience":443706,"potions_floor_usage":[12],"damage_taken":[{"damage":0,"enemies":"Small Slimes","floor":1,"turns":1},{"damage":0,"enemies":"Cultist","floor":5,"turns":1},{"damage":0,"enemies":"Lagavulin","floor":7,"turns":2},{"damage":22,"enemies":"Gremlin Nob","floor":10,"turns":4},{"damage":0,"enemies":"Jaw Worm","floor":11,"turns":3},{"damage":22,"enemies":"Lagavulin","floor":12,"turns":4},{"damage":15,"enemies":"Exordium Thugs","floor":13,"turns":5},{"damage":41,"enemies":"Slime Boss","floor":16,"turns":7}],"event_choices":[{"event_name":"Accursed Blacksmith","player_choice":"Forge","floor":2,"damage_taken":0},{"event_name":"The Woman in Blue","player_choice":"Bought 1 Potion","floor":3,"damage_taken":0},{"event_name":"Liars Game","player_choice":"disagreed","floor":14,"damage_taken":0}],"boss_relics":[],"potions_floor_spawned":[1,10,11],"seed_played":"-1338315299169405612","killed_by":"Slime Boss","ascension_level":15,"is_trial":false}