{"path_per_floor":["M","M","M","$","?","E","R","$","T","?","M","E","R","M","R","B",null,"M","$","?","M","M","R","M","R","T","R","E","?","E","M","R","B",null,"M","M","M","$","?","E","R","M","T","?","E","M","R","M","R","B"],"character_chosen":"IRONCLAD","items_purchased":["Offering","Limit Break","Peace Pipe"],"gold_per_floor":[364,377,387,162,162,192,192,42,93,93,109,135,135,153,153,257,257,276,37,37,57,72,72,86,86,139,139,168,83,112,125,125,226,226,238,254,265,185,185,211,211,230,304,304,329,349,349,368,368,368],"floor_reached":51,"campfire_rested":0,"playtime":1412,"current_hp_per_floor":[72,72,70,70,63,51,51,51,51,33,30,32,32,37,37,19,72,72,72,72,72,72,72,72,72,72,72,72,72,72,72,72,72,72,72,72,70,70,70,68,68,72,72,72,72,72,72,72,72,70],"items_purged":["Defend_R","Defend_R"],"gold":368,"score":1032,"play_id":"5427a881-74de-41f7-b853-98dd250e5ba2","local_time":"20180420011237","is_prod":false,"is_daily":false,"chose_seed":false,"is_ascension_mode":false,"campfire_upgraded":4,"timestamp":1524208357,"path_taken":["M","M","M","$","?","E","R","$","T","?","M","E","R","M","R","BOSS","M","$","?","M","M","R","M","R","T","R","E","?","E","M","R","BOSS","M","M","?","$","?","E","R","M","T","?","E","M","R","M","R","BOSS"],"build_version":"2018-04-19","seed_source_timestamp":776675807441493,"purchased_purges":2,"victory":true,"master_deck":["Thunderclap","Dropkick","Offering","Limit Break+1","Reaper","Shrug It Off+1","Double Tap+1","Dropkick+1","Inflame+1","Offering"],"max_hp_per_floor":[72,72,72,72,72,72,72,72,72,72,72,72,72,72,72,72,72,72,72,72,72,72,72,72,72,72,72,72,72,72,72,72,72,72,72,72,72,72,72,72,72,72,72,72,72,72,72,72,72,72],"relics":["Burning Blood","Vajra","Orichalcum","The Courier","Omamori","Cursed Key","Peace Pipe","Bag of Marbles","Bag of Preparation","Happy Flower","Darkstone Periapt","Runic Dome","Mercury Hourglass","Frozen Egg 2","Paper Frog"],"card_choices":[{"not_picked":["Havoc","Clash"],"picked":"Thunderclap","floor":1},{"not_picked":["Second Wind","True Grit"],"picked":"Dropkick","floor":2},{"not_picked":["Headbutt","Heavy Blade"],"picked":"Reaper","floor":12},{"not_picked":["Havoc","Burning Pact"],"picked":"Shrug It Off","floor":14},{"not_picked":["Exhume","Feed"],"picked":"Double Tap","floor":16},{"not_picked":["Evolve","Sword Boomerang"],"picked":"Dropkick","floor":24},{"not_picked":["Clothesline","Juggernaut"],"picked":"Inflame","floor":30},{"not_picked":["Barricade","Fiend Fire"],"picked":"Offering","floor":33}],"player_experience":625343,"potions_floor_usage":[12,28],"damage_taken":[{"damage":0,"enemies":"Small Slimes","floor":1,"turns":3},{"damage":5,"enemies":"2 Louse","floor":2,"turns":2},{"damage":8,"enemies":"Jaw Worm","floor":3,"turns":3},{"damage":18,"enemies":"Gremlin Nob","floor":6,"turns":3},{"damage":9,"enemies":"Looter","floor":11,"turns":2},{"damage":4,"enemies":"Lagavulin","floor":12,"turns":2},{"damage":10,"enemies":"Blue Slaver","floor":14,"turns":2},{"damage":24,"enemies":"Hexaghost","floor":16,"turns":8},{"damage":11,"enemies":"Shell Parasite","floor":18,"turns":3},{"damage":4,"enemies":"3 Byrds","floor":21,"turns":3},{"damage":16,"enemies":"Sentry and Sphere","floor":22,"turns":4},{"damage":10,"enemies":"Centurion and Healer","floor":24,"turns":4},{"damage":13,"enemies":"Slavers","floor":28,"turns":2},{"damage":4,"enemies":"Book of Stabbing","floor":30,"turns":2},{"damage":0,"enemies":"Snake Plant","floor":31,"turns":2},{"damage":4,"enemies":"Champ","floor":33,"turns":4},{"damage":4,"enemies":"3 Darklings","floor":35,"turns":1},{"damage":4,"enemies":"3 Shapes","floor":36,"turns":1},{"damage":8,"enemies":"Maw","floor":37,"turns":1},{"damage":8,"enemies":"Giant Head","floor":40,"turns":1},{"damage":4,"enemies":"3 Darklings","floor":42,"turns":1},{"damage":4,"enemies":"Nemesis","floor":45,"turns":1},{"damage":8,"enemies":"Sphere and 2 Shapes","floor":46,"turns":1},{"damage":4,"enemies":"4 Shapes","floor":48,"turns":1},{"damage":8,"enemies":"Donu and Deca","floor":50,"turns":1}],"event_choices":[{"event_name":"Golden Wing","player_choice":"Card Removal","floor":5,"damage_taken":0},{"event_name":"Scrap Ooze","player_choice":"success","floor":10,"damage_taken":18},{"event_name":"Drug Dealer","player_choice":"Ignored","floor":20,"damage_taken":0},{"event_name":"Addict","player_choice":"Obtained Relic","floor":29,"damage_taken":0},{"event_name":"SensoryStone","player_choice":"Memory 1","floor":44,"damage_taken":0}],"boss_relics":[{"not_picked":["Philosopher\u0027s Stone","White Beast Statue"],"picked":"Cursed Key"},{"not_picked":["Tiny House","Black Blood"],"picked":"Runic Dome"}],"potions_floor_spawned":[6,14,16,21,30,33,36,37,40,48],"seed_played":"6703980888370400873","ascension_level":0,"is_trial":false}