{"path_per_floor":["M","M","?","$","M","R","M","?","T","E","R","M","M","?","R","B",null,"M","M","?","M","M","R","M","E","T","M"],"character_chosen":"IRONCLAD","items_purchased":["Fiend Fire"],"gold_per_floor":[218,233,213,58,78,78,90,90,167,198,198,214,231,306,306,379,379,399,419,344,354,371,371,387,415,469,485,485],"floor_reached":28,"campfire_rested":0,"playtime":1229,"current_hp_per_floor":[70,70,70,70,72,72,75,80,80,71,71,73,70,59,59,52,73,75,59,59,54,56,56,48,24,24,17,0],"items_purged":["Strike_R"],"gold":485,"score":427,"play_id":"862818d7-ffe6-43de-9805-da8ea2b412ae","local_time":"20180419234052","is_prod":false,"is_daily":false,"chose_seed":false,"is_ascension_mode":true,"campfire_upgraded":4,"timestamp":1524174052,"path_taken":["M","M","?","$","M","R","M","?","T","E","R","?","M","?","R","BOSS","M","M","?","M","M","R","M","E","T","M","M"],"build_version":"2018-04-12","seed_source_timestamp":14108171139893,"purchased_purges":1,"victory":false,"master_deck":["Bash","AscendersBane","Havoc","Shrug It Off","Fiend Fire","Inflame+1","Armaments+1","Offering+1","Thunderclap","Reckless Charge","Demon Form","Iron Wave","Twin Strike","Ghostly Armor","Warcry+1","Rampage","Flex","Rage","True Grit","Shrug It Off","Corruption+1","Burning Pact","Headbutt+1"],"max_hp_per_floor":[75,75,75,75,75,75,75,80,80,80,80,80,80,80,80,80,80,80,80,80,80,80,80,80,80,80,80,80],"relics":["Burning Blood","Smiling Mask","Bronze Scales","Pandora\u0027s Box","Calipers","Tiny Chest"],"card_choices":[{"not_picked":["Heavy Blade","Sentinel"],"picked":"Havoc","floor":1},{"not_picked":["Rupture","Sentinel"],"picked":"Shrug It Off","floor":2},{"not_picked":["Headbutt","Pommel Strike"],"picked":"Inflame","floor":5},{"not_picked":["Body Slam","Blood for Blood"],"picked":"Armaments","floor":7},{"not_picked":["Bloodletting","Twin Strike"],"picked":"Offering","floor":10},{"not_picked":["Sword Boomerang","Flex"],"picked":"Thunderclap","floor":12},{"not_picked":["Sever Soul","Barricade"],"picked":"Reckless Charge","floor":13},{"not_picked":["Brutality","Feed"],"picked":"Demon Form","floor":16},{"not_picked":["Perfected Strike","Flex"],"picked":"True Grit","floor":18},{"not_picked":["Burning Pact","Thunderclap"],"picked":"Shrug It Off","floor":19},{"not_picked":["True Grit","Pommel Strike"],"picked":"Corruption","floor":21},{"not_picked":["Armaments","Impervious"],"picked":"Burning Pact","floor":22},{"not_picked":["Sword Boomerang","Anger"],"picked":"Headbutt","floor":24}],"player_experience":444079,"potions_floor_usage":[7,10,19,24,25,27,27],"damage_taken":[{"damage":4,"enemies":"Small Slimes","floor":1,"turns":4},{"damage":6,"enemies":"Cultist","floor":2,"turns":4},{"damage":4,"enemies":"Jaw Worm","floor":5,"turns":6},{"damage":1,"enemies":"Exordium Wildlife","floor":7,"turns":6},{"damage":27,"enemies":"3 Sentries","floor":10,"turns":11},{"damage":4,"enemies":"Blue Slaver","floor":12,"turns":2},{"damage":9,"enemies":"Exordium Thugs","floor":13,"turns":4},{"damage":13,"enemies":"The Guardian","floor":16,"turns":11},{"damage":4,"enemies":"Spheric Guardian","floor":18,"turns":3},{"damage":22,"enemies":"2 Thieves","floor":19,"turns":4},{"damage":11,"enemies":"Centurion and Healer","floor":21,"turns":4},{"damage":4,"enemies":"Snake Plant","floor":22,"turns":3},{"damage":14,"enemies":"Snecko","floor":24,"turns":3},{"damage":30,"enemies":"Slavers","floor":25,"turns":6},{"damage":13,"enemies":"Cultist and Chosen","floor":27,"turns":5},{"damage":21,"enemies":"Slaver and Parasite","floor":28,"turns":1}],"event_choices":[{"event_name":"The Woman in Blue","player_choice":"Bought 1 Potion","floor":3,"damage_taken":0},{"event_name":"Big Fish","player_choice":"Donut","floor":8,"damage_taken":0},{"event_name":"World of Goop","player_choice":"Gather Gold","floor":14,"damage_taken":0},{"event_name":"Beggar","player_choice":"Gave Gold","floor":20,"damage_taken":0}],"boss_relics":[{"not_picked":["Tiny House","Runic Cube"],"picked":"Pandora\u0027s Box"}],"potions_floor_spawned":[2,10,13,19,21,25],"seed_played":"-551919311547231370","killed_by":"Slaver and Parasite","ascension_level":15,"is_trial":false}