{"path_per_floor":["M","?","?","M","M","E","M","$","T","M","E","R","M","?","R","B",null,"M","?","?","M","$","R","E","M","T","M","R","M","?","M","R","B",null,"M","?"],"character_chosen":"IRONCLAD","items_purchased":["Flame Barrier","Metallicize","Entrench"],"gold_per_floor":[112,112,112,130,146,177,187,77,77,92,117,117,134,193,193,291,291,310,310,310,330,87,87,121,136,136,155,155,171,171,189,189,286,286,297,297,297],"floor_reached":37,"campfire_rested":2,"playtime":4114,"current_hp_per_floor":[80,73,73,72,73,59,51,51,51,51,57,57,63,49,49,31,80,62,62,62,57,57,57,19,18,18,18,42,47,73,52,76,72,80,81,81,0],"items_purged":["Regret","Strike_R"],"gold":297,"score":451,"play_id":"06b2c730-597f-4130-9d09-c2f1bdae71c2","local_time":"20180418201508","is_prod":false,"is_daily":false,"chose_seed":false,"is_ascension_mode":false,"campfire_upgraded":3,"timestamp":1524096908,"path_taken":["M","?","?","M","M","E","?","$","T","M","E","R","M","?","R","BOSS","M","?","?","M","$","R","E","M","T","M","R","M","?","M","R","BOSS","M","?","BOSS"],"build_version":"2018-04-12","seed_source_timestamp":267602528437007,"purchased_purges":2,"victory":false,"master_deck":["Strike_R+1","Strike_R+1","Strike_R+1","Defend_R+1","Defend_R+1","Defend_R+1","Bash","Spot Weakness+1","Barricade+1","Body Slam+1","Flame Barrier+1","Heavy Blade","Headbutt","Pummel","Offering+1","Metallicize","Entrench+1","Shrug It Off+1","Whirlwind","Double Tap+1","Limit Break+1","Feed+1","Bloodletting+1","Body Slam+1"],"max_hp_per_floor":[80,80,80,80,80,80,80,80,80,80,80,80,80,80,80,80,80,80,80,80,80,80,80,80,80,80,80,80,80,80,80,80,80,80,84,84,84],"relics":["Burning Blood","Orichalcum","Gremlin Horn","Omamori","Toxic Egg 2","Pen Nib","Black Star","Nloth\u0027s Gift","Oddly Smooth Stone","Juzu Bracelet","Mummified Hand","Astrolabe"],"card_choices":[{"not_picked":["Battle Trance","Perfected Strike"],"picked":"Shrug It Off","floor":1},{"not_picked":["Wild Strike","Evolve"],"picked":"Pommel Strike","floor":4},{"not_picked":["Twin Strike","Dropkick"],"picked":"Spot Weakness","floor":5},{"not_picked":["Thunderclap","Headbutt"],"picked":"Barricade","floor":6},{"not_picked":["True Grit","Pommel Strike"],"picked":"Body Slam","floor":7},{"not_picked":["Perfected Strike","Warcry"],"picked":"Heavy Blade","floor":10},{"not_picked":["Pommel Strike","Clash"],"picked":"Headbutt","floor":11},{"not_picked":["Berserk","Fire Breathing"],"picked":"Pummel","floor":14},{"not_picked":["Barricade","Immolate"],"picked":"Offering","floor":16},{"not_picked":["Cleave","Clash"],"picked":"Shrug It Off","floor":24},{"not_picked":["Flex","Pommel Strike"],"picked":"Whirlwind","floor":25},{"not_picked":["Thunderclap","Perfected Strike"],"picked":"Double Tap","floor":27},{"not_picked":["Demon Form","Berserk"],"picked":"Limit Break","floor":33}],"player_experience":60337,"potions_floor_usage":[16,16,16,24,31,37],"damage_taken":[{"damage":0,"enemies":"2 Louse","floor":1,"turns":4},{"damage":7,"enemies":"Small Slimes","floor":4,"turns":5},{"damage":5,"enemies":"Cultist","floor":5,"turns":4},{"damage":20,"enemies":"3 Sentries","floor":6,"turns":6},{"damage":14,"enemies":"Large Slime","floor":7,"turns":9},{"damage":6,"enemies":"Looter","floor":10,"turns":3},{"damage":0,"enemies":"Lagavulin","floor":11,"turns":7},{"damage":0,"enemies":"2 Fungi Beasts","floor":13,"turns":4},{"damage":20,"enemies":"Lagavulin Event","floor":14,"turns":9},{"damage":24,"enemies":"Hexaghost","floor":16,"turns":9},{"damage":24,"enemies":"Spheric Guardian","floor":18,"turns":6},{"damage":11,"enemies":"Chosen","floor":21,"turns":4},{"damage":44,"enemies":"Gremlin Leader","floor":24,"turns":13},{"damage":7,"enemies":"Slaver and Parasite","floor":25,"turns":7},{"damage":6,"enemies":"Snake Plant","floor":27,"turns":6},{"damage":1,"enemies":"Centurion and Healer","floor":29,"turns":5},{"damage":36,"enemies":"Slaver and Parasite","floor":31,"turns":5},{"damage":10,"enemies":"Champ","floor":33,"turns":9},{"damage":9,"enemies":"Orb Walker","floor":35,"turns":4},{"damage":88,"enemies":"Donu and Deca","floor":37,"turns":7}],"event_choices":[{"event_name":"Golden Wing","player_choice":"Card Removal","floor":2,"damage_taken":0},{"event_name":"Big Fish","player_choice":"Box","floor":3,"damage_taken":0},{"event_name":"Dead Adventurer","player_choice":"Searched \u00272\u0027 times","floor":14,"damage_taken":0},{"event_name":"N\u0027loth","player_choice":"Traded a Whetstone","floor":19,"damage_taken":0},{"event_name":"Back to Basics","player_choice":"Simplicity","floor":20,"damage_taken":0},{"event_name":"The Library","player_choice":"Heal","floor":30,"damage_taken":0},{"event_name":"SecretPortal","player_choice":"Took Portal.","floor":36,"damage_taken":0}],"boss_relics":[{"not_picked":["Orrery","Runic Pyramid"],"picked":"Black Star"},{"not_picked":["Runic Dome","Mark of Pain"],"picked":"Astrolabe"}],"potions_floor_spawned":[5,10,11,14,14,18,24,29],"seed_played":"7949134063712629659","killed_by":"Donu and Deca","ascension_level":0,"is_trial":false}