{"path_per_floor":["M","?","?","?","$","E","M","R","T","R","M","M","M","M","R","B",null,"M","M","?","?","$","R","M","?","T","R","M","R","M","M","R","B",null,"M"],"character_chosen":"IRONCLAD","items_purchased":["Feel No Pain","Uppercut"],"gold_per_floor":[118,193,193,143,0,27,45,45,68,68,82,98,115,127,127,230,230,244,254,169,169,135,135,145,145,145,145,163,163,175,187,187,287,287,305,305],"floor_reached":36,"campfire_rested":0,"playtime":1365,"current_hp_per_floor":[86,75,75,75,75,51,54,54,54,54,59,65,63,66,66,27,73,55,33,33,88,88,88,88,88,88,88,85,85,88,76,76,36,75,73,0],"items_purged":["Strike_R"],"gold":305,"score":567,"play_id":"2cc1f052-7515-4308-a6bc-5a7d0a7d4ce2","local_time":"20180418090548","is_prod":false,"is_daily":false,"chose_seed":false,"is_ascension_mode":true,"campfire_upgraded":7,"timestamp":1524056748,"path_taken":["M","?","?","?","?","E","M","R","T","R","?","?","M","M","R","BOSS","M","M","?","?","$","R","?","?","T","R","M","R","M","M","R","BOSS","M","?"],"build_version":"2018-04-12","seed_source_timestamp":140459949558730,"purchased_purges":1,"victory":false,"master_deck":["Strike_R","Strike_R","Strike_R","Defend_R","Defend_R+1","Defend_R+1","Bash","AscendersBane","Clash","Feel No Pain+1","Iron Wave+1","Pommel Strike","Sever Soul","Exhume","Infernal Blade+1","Double Tap+1","True Grit+1","Heavy Blade","Uppercut+1","Writhe","Perfected Strike+1","Perfected Strike","Fiend Fire","Perfected Strike","Immolate","Feel No Pain","Searing Blow+1"],"max_hp_per_floor":[88,88,88,88,88,88,88,88,88,88,88,88,88,88,88,88,88,88,88,88,88,88,88,88,88,88,88,88,88,88,88,88,88,88,88,88],"relics":["Burning Blood","Bronze Scales","Bag of Marbles","Snecko Eye","War Paint","Du-Vu Doll","Question Card","Orrery"],"card_choices":[{"not_picked":["Dual Wield","Flex"],"picked":"Clash","floor":1},{"not_picked":["Wild Strike","Warcry"],"picked":"Iron Wave","floor":7},{"not_picked":["Thunderclap","Entrench"],"picked":"Pommel Strike","floor":11},{"not_picked":["Warcry","Thunderclap"],"picked":"Sever Soul","floor":12},{"not_picked":["Whirlwind","Carnage"],"picked":"Exhume","floor":13},{"not_picked":["Shrug It Off","Reckless Charge"],"picked":"Infernal Blade","floor":14},{"not_picked":["Dark Embrace","Bludgeon"],"picked":"Double Tap","floor":16},{"not_picked":["Rupture","Flex"],"picked":"True Grit","floor":18},{"not_picked":["Spot Weakness","Body Slam"],"picked":"Heavy Blade","floor":19},{"not_picked":["Reckless Charge","Headbutt","Clash"],"picked":"Perfected Strike","floor":28},{"not_picked":["Iron Wave","Battle Trance","Thunderclap"],"picked":"Perfected Strike","floor":30},{"not_picked":["Feed","Dark Embrace","Immolate"],"picked":"Fiend Fire","floor":33},{"not_picked":["True Grit","Clash","Body Slam"],"picked":"Perfected Strike","floor":34},{"not_picked":["Pommel Strike","Sword Boomerang","Body Slam"],"picked":"Immolate","floor":34},{"not_picked":["Clash","Combust","Iron Wave"],"picked":"Feel No Pain","floor":34},{"not_picked":["Intimidate","Flex","Reckless Charge"],"picked":"Searing Blow","floor":35}],"player_experience":551222,"potions_floor_usage":[6,16,18,33,33,33],"damage_taken":[{"damage":0,"enemies":"Small Slimes","floor":1,"turns":3},{"damage":30,"enemies":"Lagavulin","floor":6,"turns":6},{"damage":3,"enemies":"Jaw Worm","floor":7,"turns":4},{"damage":1,"enemies":"2 Louse","floor":11,"turns":3},{"damage":0,"enemies":"Gremlin Gang","floor":12,"turns":4},{"damage":8,"enemies":"Blue Slaver","floor":13,"turns":3},{"damage":3,"enemies":"2 Fungi Beasts","floor":14,"turns":3},{"damage":45,"enemies":"Hexaghost","floor":16,"turns":9},{"damage":24,"enemies":"2 Thieves","floor":18,"turns":5},{"damage":28,"enemies":"Chosen","floor":19,"turns":4},{"damage":3,"enemies":"Snecko","floor":24,"turns":3},{"damage":9,"enemies":"Slaver and Parasite","floor":28,"turns":4},{"damage":2,"enemies":"Chosen and Byrds","floor":30,"turns":5},{"damage":18,"enemies":"Snake Plant","floor":31,"turns":4},{"damage":46,"enemies":"Collector","floor":33,"turns":7},{"damage":8,"enemies":"3 Shapes","floor":35,"turns":6},{"damage":75,"enemies":"3 Darklings","floor":36,"turns":6}],"event_choices":[{"event_name":"World of Goop","player_choice":"Gather Gold","floor":2,"damage_taken":0},{"event_name":"Purifier","player_choice":"One Purge","floor":3,"damage_taken":0},{"event_name":"The Cleric","player_choice":"Card Removal","floor":4,"damage_taken":0},{"event_name":"Addict","player_choice":"Obtained Relic","floor":20,"damage_taken":0},{"event_name":"Wheel of Change","player_choice":"Full Heal","floor":21,"damage_taken":0},{"event_name":"The Mausoleum","player_choice":"Yes","floor":25,"damage_taken":0}],"boss_relics":[{"not_picked":["Calling Bell","Philosopher\u0027s Stone"],"picked":"Snecko Eye"},{"not_picked":["Runic Pyramid","Pandora\u0027s Box"],"picked":"Orrery"}],"potions_floor_spawned":[1,7,12,13,14,16,19,30,31],"seed_played":"-2519966718728135663","killed_by":"3 Darklings","ascension_level":11,"is_trial":false}