{"path_per_floor":["M","M","$","?","M","R","?","R","T","T","$","M","M","M","R","B",null,"M","?","M","?","$","R","M","M","T","?","R","?","$","M","R","B",null,"M","?","M","$","M","E","R","M","T","$","R","?","R","?","R","B"],"character_chosen":"IRONCLAD","items_purchased":["Armaments"],"gold_per_floor":[114,131,56,56,66,66,166,166,166,166,40,51,61,81,81,181,181,194,119,129,44,44,44,63,83,83,83,83,83,83,100,100,195,195,208,208,228,103,116,147,147,165,165,15,15,15,15,15,15,15],"floor_reached":51,"campfire_rested":1,"playtime":1551,"current_hp_per_floor":[80,80,80,64,65,65,65,65,65,75,75,76,68,66,66,62,90,88,88,88,95,95,95,97,97,97,97,97,97,97,97,97,51,97,97,97,89,89,58,60,60,50,50,50,50,50,50,50,79,23],"items_purged":["Strike_R","Strike_R","Strike_R","Strike_R"],"gold":15,"score":865,"play_id":"e2dde577-6d4f-4224-86a5-166b561785a4","local_time":"20180419001036","is_prod":false,"is_daily":false,"chose_seed":false,"is_ascension_mode":false,"campfire_upgraded":9,"timestamp":1524111036,"path_taken":["M","M","?","?","M","R","?","R","T","?","$","M","?","M","R","BOSS","M","?","?","?","$","R","?","M","T","?","R","?","$","?","R","BOSS","M","?","M","$","M","E","R","M","T","$","R","?","R","?","R","BOSS"],"build_version":"2018-04-12","seed_source_timestamp":194546018189682,"purchased_purges":4,"victory":true,"master_deck":["Defend_R","Defend_R","Defend_R+1","Defend_R","Bash","Searing Blow+10","Feel No Pain","Armaments","Shrug It Off","True Grit","Offering","Thunderclap","Exhume","Headbutt","Battle Trance+1","Thinking Ahead"],"max_hp_per_floor":[80,80,80,80,80,80,80,80,80,90,90,90,90,90,90,90,90,90,90,90,97,97,97,97,97,97,97,97,97,97,97,97,97,97,97,97,97,97,97,97,97,97,97,97,97,97,97,97,97,97],"relics":["Burning Blood","Question Card","Pear","Cursed Key","Strawberry","Velvet Choker","Bottled Lightning"],"card_choices":[{"not_picked":["Perfected Strike","Flex"],"picked":"Searing Blow","floor":1},{"not_picked":["Sword Boomerang","Bloodletting"],"picked":"Feel No Pain","floor":2},{"not_picked":["Pommel Strike","Havoc","Body Slam"],"picked":"Shrug It Off","floor":12},{"not_picked":["Reckless Charge","Anger","Cleave"],"picked":"True Grit","floor":14},{"not_picked":["Fiend Fire","Demon Form","Barricade"],"picked":"Offering","floor":16},{"not_picked":["Entrench","Havoc","Pummel"],"picked":"Thunderclap","floor":20},{"not_picked":["Limit Break","Fiend Fire","Brutality"],"picked":"Exhume","floor":33},{"not_picked":["Warcry","Seeing Red","Fire Breathing"],"picked":"Headbutt","floor":39},{"not_picked":["Armaments","Clothesline","Havoc"],"picked":"Battle Trance","floor":40},{"not_picked":["Transmutation","Blind","Dark Shackles"],"picked":"Thinking Ahead","floor":46}],"player_experience":567874,"potions_floor_usage":[16,33,33,37,50],"damage_taken":[{"damage":6,"enemies":"Cultist","floor":1,"turns":3},{"damage":6,"enemies":"Jaw Worm","floor":2,"turns":3},{"damage":5,"enemies":"2 Louse","floor":5,"turns":3},{"damage":5,"enemies":"Looter","floor":12,"turns":3},{"damage":14,"enemies":"Gremlin Gang","floor":13,"turns":6},{"damage":8,"enemies":"Lots of Slimes","floor":14,"turns":6},{"damage":10,"enemies":"Slime Boss","floor":16,"turns":11},{"damage":8,"enemies":"Chosen","floor":18,"turns":5},{"damage":6,"enemies":"Spheric Guardian","floor":20,"turns":3},{"damage":4,"enemies":"Centurion and Healer","floor":24,"turns":4},{"damage":4,"enemies":"Chosen and Byrds","floor":25,"turns":5},{"damage":6,"enemies":"Snecko","floor":31,"turns":4},{"damage":52,"enemies":"Champ","floor":33,"turns":10},{"damage":0,"enemies":"Orb Walker","floor":35,"turns":2},{"damage":14,"enemies":"3 Darklings","floor":37,"turns":7},{"damage":37,"enemies":"Maw","floor":39,"turns":7},{"damage":4,"enemies":"2 Orb Walkers","floor":40,"turns":2},{"damage":16,"enemies":"4 Shapes","floor":42,"turns":6},{"damage":62,"enemies":"Awakened One","floor":50,"turns":9}],"event_choices":[{"event_name":"Shining Light","player_choice":"Entered Light","floor":4,"damage_taken":0},{"event_name":"Golden Shrine","player_choice":"Pray","floor":7,"damage_taken":0},{"event_name":"Beggar","player_choice":"Gave Gold","floor":19,"damage_taken":0},{"event_name":"Addict","player_choice":"Obtained Relic","floor":21,"damage_taken":0},{"event_name":"Vampires","player_choice":"Ignored","floor":27,"damage_taken":0},{"event_name":"The Mausoleum","player_choice":"No","floor":29,"damage_taken":0},{"event_name":"Tomb of Lord Red Mask","player_choice":"Ignored","floor":36,"damage_taken":0},{"event_name":"SensoryStone","player_choice":"Memory 1","floor":46,"damage_taken":0},{"event_name":"SecretPortal","player_choice":"Rejected Portal.","floor":48,"damage_taken":0}],"boss_relics":[{"not_picked":["Mark of Pain","Runic Cube"],"picked":"Cursed Key"},{"not_picked":["Tiny House","Philosopher\u0027s Stone"],"picked":"Velvet Choker"}],"potions_floor_spawned":[1,13,14,24,25,40],"seed_played":"-8182239669854208399","ascension_level":0,"is_trial":false}