{"path_per_floor":["M","?","?","?","M","E","?","M","T","M","?","M","M","M","R","B",null,"M","?","?","?","M"],"character_chosen":"IRONCLAD","items_purchased":[],"gold_per_floor":[111,111,183,183,194,222,222,241,541,560,560,573,584,599,599,703,703,721,721,721,721,741,741],"floor_reached":23,"campfire_rested":0,"playtime":1683,"current_hp_per_floor":[78,78,78,78,77,54,54,54,54,48,48,47,36,29,29,10,83,62,62,62,62,54,0],"items_purged":[],"gold":741,"score":193,"play_id":"60504943-2939-45f9-942b-378a836b70e9","local_time":"20180418105909","is_prod":false,"is_daily":false,"chose_seed":false,"is_ascension_mode":false,"campfire_upgraded":1,"timestamp":1524063549,"path_taken":["M","?","?","?","M","E","?","M","T","?","?","M","M","M","R","BOSS","M","?","?","?","M","E"],"build_version":"2018-04-12","seed_source_timestamp":236666347315367,"purchased_purges":0,"victory":false,"master_deck":["Strike_R+1","Defend_R+1","Defend_R+1","Defend_R+1","Defend_R+1","Bash","Heavy Blade","Rage","Metallicize","Sword Boomerang","Barricade+1","Headbutt","Feed","Reaper","Double Tap+1","Seeing Red+1","Flex"],"max_hp_per_floor":[80,80,80,80,80,80,80,80,80,80,80,80,80,80,80,83,83,86,86,86,86,89,89],"relics":["Mark of Pain","Bronze Scales","Shuriken","Old Coin","Astrolabe"],"card_choices":[{"not_picked":["Sword Boomerang","Flex"],"picked":"Heavy Blade","floor":1},{"not_picked":["Anger","Fiend Fire"],"picked":"Metallicize","floor":5},{"not_picked":["Twin Strike","Rage"],"picked":"Sword Boomerang","floor":6},{"not_picked":["Perfected Strike","Iron Wave"],"picked":"Headbutt","floor":12},{"not_picked":["Disarm","Body Slam"],"picked":"Feed","floor":13},{"not_picked":["Limit Break","Offering"],"picked":"Reaper","floor":16},{"not_picked":["Searing Blow","Iron Wave"],"picked":"Flex","floor":22}],"player_experience":56523,"potions_floor_usage":[16,16],"damage_taken":[{"damage":2,"enemies":"Small Slimes","floor":1,"turns":4},{"damage":1,"enemies":"Cultist","floor":5,"turns":3},{"damage":23,"enemies":"Gremlin Nob","floor":6,"turns":4},{"damage":0,"enemies":"Jaw Worm","floor":8,"turns":2},{"damage":6,"enemies":"Blue Slaver","floor":10,"turns":3},{"damage":1,"enemies":"Exordium Wildlife","floor":12,"turns":4},{"damage":11,"enemies":"3 Louse","floor":13,"turns":2},{"damage":7,"enemies":"Blue Slaver","floor":14,"turns":2},{"damage":22,"enemies":"The Guardian","floor":16,"turns":10},{"damage":24,"enemies":"2 Thieves","floor":18,"turns":4},{"damage":17,"enemies":"3 Byrds","floor":22,"turns":2},{"damage":55,"enemies":"Gremlin Leader","floor":23,"turns":4}],"event_choices":[{"event_name":"Transmorgrifier","player_choice":"Transform","floor":2,"damage_taken":0},{"event_name":"Golden Wing","player_choice":"Gained Gold","floor":3,"damage_taken":0},{"event_name":"Big Fish","player_choice":"Box","floor":4,"damage_taken":0},{"event_name":"Living Wall","player_choice":"Forget","floor":7,"damage_taken":0},{"event_name":"Match and Keep!","player_choice":"1 cards matched","floor":11,"damage_taken":0},{"event_name":"Purifier","player_choice":"One Purge","floor":19,"damage_taken":0},{"event_name":"Back to Basics","player_choice":"Simplicity","floor":20,"damage_taken":0},{"event_name":"Ghosts","player_choice":"Ignored","floor":21,"damage_taken":0}],"boss_relics":[{"not_picked":["Sozu","Orrery"],"picked":"Astrolabe"}],"potions_floor_spawned":[8,10,14,16,18],"seed_played":"-296103451138926129","killed_by":"Gremlin Leader","ascension_level":0,"is_trial":false}