{"path_per_floor":["M","?","M","$","?","$","E","M","T","R","$","?","M","M","R","B",null,"M","?","?","M","M","R"],"character_chosen":"THE_SILENT","items_purchased":["Flying Knee"],"gold_per_floor":[118,118,131,104,104,29,64,77,77,77,77,77,90,111,111,231,231,256,181,181,206,219,219],"floor_reached":24,"campfire_rested":1,"playtime":1381,"current_hp_per_floor":[70,70,66,66,49,49,38,38,38,61,61,61,50,50,50,11,77,68,68,68,49,22,22],"items_purged":["Strike_G"],"gold":219,"play_id":"d72a7acf-7823-43c3-8bd0-9d9ca14f28aa","is_prod":false,"is_daily":false,"is_ascension_mode":false,"campfire_upgraded":1,"path_taken":["M","?","M","$","?","?","E","M","T","R","$","?","M","M","R","BOSS","M","?","?","M","M","R","M"],"build_version":"2018-01-25-PROD3","purchased_purges":1,"victory":false,"master_deck":["Defend_G","Defend_G","Defend_G","Defend_G","Defend_G","Strike_G","Strike_G","Strike_G","Strike_G","Survivor","Neutralize+1","Deadly Poison","Deadly Poison","Flying Knee","Poisoned Stab","Tools of the Trade","Madness+1","Unload","Crippling Poison","Prepared","Envenom","Clumsy","Dagger Throw+1","Bane+1"],"max_hp_per_floor":[70,70,70,70,70,70,77,77,77,77,77,77,77,77,77,77,77,77,77,77,77,77,77],"relics":["Ring of the Snake","Juzu Bracelet","Golden Idol","Strawberry","Calipers","Calling Bell","Peace Pipe","Vajra","Orichalcum"],"card_choices":[{"not_picked":["Masterful Stab","Sucker Punch"],"picked":"Deadly Poison"},{"not_picked":["Slice","Cloak And Dagger"],"picked":"Deadly Poison"},{"not_picked":["Cloak And Dagger","Backstab"],"picked":"Poisoned Stab"},{"not_picked":["Accuracy","Slice"],"picked":"Tools of the Trade"},{"not_picked":["Outmaneuver","Acrobatics"],"picked":"Crippling Poison"},{"not_picked":["Accuracy","Flechettes"],"picked":"Prepared"},{"not_picked":["Glass Knife","Burst"],"picked":"Envenom"},{"not_picked":["Slice","Bouncing Flask"],"picked":"Dagger Throw"},{"not_picked":["Poisoned Stab","Blur"],"picked":"Bane"}],"player_experience":51305,"potions_floor_usage":[7,16,21,24,24],"damage_taken":[{"damage":0,"enemies":"Small Slimes","floor":1,"turns":6},{"damage":4,"enemies":"Blue Slaver","floor":3,"turns":5},{"damage":30,"enemies":"Gremlin Nob","floor":7,"turns":5},{"damage":0,"enemies":"2 Louse","floor":8,"turns":3},{"damage":11,"enemies":"Exordium Thugs","floor":13,"turns":5},{"damage":0,"enemies":"2 Fungi Beasts","floor":14,"turns":4},{"damage":39,"enemies":"The Guardian","floor":16,"turns":10},{"damage":9,"enemies":"Chosen","floor":18,"turns":5},{"damage":19,"enemies":"Shell Parasite","floor":21,"turns":6},{"damage":27,"enemies":"Centurion and Healer","floor":22,"turns":7},{"damage":31,"enemies":"Slaver and Parasite","floor":24,"turns":3}],"event_choices":[{"event_name":"Upgrade Shrine","player_choice":"Upgraded","floor":2,"damage_taken":0},{"event_name":"Golden Idol","player_choice":"Take Damage","floor":5,"damage_taken":0},{"event_name":"Match and Keep!","player_choice":"2 cards matched","floor":12,"damage_taken":0},{"event_name":"Beggar","player_choice":"Gave Gold","floor":19,"damage_taken":0},{"event_name":"Vampires","player_choice":"Ignored","floor":20,"damage_taken":0}],"boss_relics":[{"not_picked":["Ectoplasm","Snecko Eye"],"picked":"Calling Bell"}],"potions_floor_spawned":[1,8,13,21,22],"seed_played":"-5320114717854145449","killed_by":"Slaver and Parasite","ascension_level":0,"is_trial":false}