{"path_per_floor":["M","?","?","?","$","E","R","$","T","R","M","M","$","M","R","B",null,"M","?","M","M","M","R","E","R","T","M","M","T","?","M","R"],"character_chosen":"THE_SILENT","items_purchased":["Noxious Fumes","Noxious Fumes","Blur"],"gold_per_floor":[217,217,217,217,62,92,92,11,11,11,31,47,12,31,31,135,135,145,145,161,178,194,194,227,227,227,237,256,256,256,268,268],"floor_reached":33,"campfire_rested":3,"playtime":1887,"current_hp_per_floor":[68,68,65,65,65,31,31,31,31,52,52,52,52,52,52,28,70,52,52,52,46,37,37,10,31,31,10,4,4,4,4,25],"items_purged":["Slice"],"gold":268,"play_id":"7ee7f432-6067-4883-86c6-4e54649c554c","is_prod":false,"is_daily":false,"is_ascension_mode":false,"campfire_upgraded":3,"path_taken":["M","?","?","?","$","E","R","$","T","R","M","M","?","M","R","BOSS","M","?","?","M","M","R","E","R","T","M","?","?","?","M","R","BOSS"],"build_version":"2018-01-25-PROD3","purchased_purges":1,"victory":false,"master_deck":["Defend_G","Defend_G","Defend_G","Defend_G","Strike_G","Strike_G","Strike_G","Strike_G","Strike_G","Survivor","Neutralize+1","Backflip","Noxious Fumes+1","Cloak And Dagger","Noxious Fumes","Noxious Fumes","Blur","Bane","Bullet Time","Dagger Spray","Heel Hook","Escape Plan","Catalyst+1","Noxious Fumes","Sucker Punch+1","Blur+1","Backstab","Calculated Gamble+1"],"max_hp_per_floor":[70,70,70,70,70,70,70,70,70,70,70,70,70,70,70,70,70,70,70,70,70,70,70,70,70,70,70,70,70,70,70,70],"relics":["Ring of the Snake","Gremlin Horn","Tough Bandages","Gambling Chip","Orrery","Vajra","Happy Flower","Frozen Eye"],"card_choices":[{"not_picked":["Backstab","Dodge and Roll"],"picked":"Backflip"},{"not_picked":["Dodge and Roll","Wraith Form"],"picked":"Cloak And Dagger"},{"not_picked":["Finisher","Caltrops"],"picked":"Noxious Fumes"},{"not_picked":["Cloak And Dagger","Underhanded Strike"],"picked":"Bane"},{"not_picked":["Storm of Steel","Tactician"],"picked":"Bullet Time"},{"not_picked":["Bane","Malaise"],"picked":"Dagger Spray"},{"not_picked":["Outmaneuver","Dagger Throw"],"picked":"Heel Hook"},{"not_picked":["Caltrops","Acrobatics"],"picked":"Escape Plan"},{"not_picked":["Cloak And Dagger","Well Laid Plans"],"picked":"Catalyst"},{"not_picked":["Outmaneuver","Quick Slash"],"picked":"Noxious Fumes"},{"not_picked":["Predator","PiercingWail"],"picked":"Sucker Punch"},{"not_picked":["Underhanded Strike","Deadly Poison"],"picked":"Blur"},{"not_picked":["Cloak And Dagger","Flechettes"],"picked":"Backstab"},{"not_picked":["Prepared","Doppelganger"],"picked":"Calculated Gamble"}],"player_experience":61771,"potions_floor_usage":[21,21,22,24,33,33,33],"damage_taken":[{"damage":2,"enemies":"Jaw Worm","floor":1,"turns":5},{"damage":34,"enemies":"Gremlin Nob","floor":6,"turns":6},{"damage":0,"enemies":"Blue Slaver","floor":11,"turns":4},{"damage":0,"enemies":"Cultist","floor":12,"turns":4},{"damage":0,"enemies":"Large Slime","floor":14,"turns":6},{"damage":24,"enemies":"Hexaghost","floor":16,"turns":8},{"damage":18,"enemies":"Spheric Guardian","floor":18,"turns":6},{"damage":0,"enemies":"Chosen","floor":20,"turns":4},{"damage":6,"enemies":"Sentry and Sphere","floor":21,"turns":5},{"damage":9,"enemies":"Snake Plant","floor":22,"turns":5},{"damage":27,"enemies":"Book of Stabbing","floor":24,"turns":6},{"damage":21,"enemies":"Centurion and Healer","floor":27,"turns":5},{"damage":6,"enemies":"Snecko","floor":28,"turns":5},{"damage":0,"enemies":"Chosen and Byrds","floor":31,"turns":5},{"damage":26,"enemies":"Champ","floor":33,"turns":9}],"event_choices":[{"event_name":"Transmorgrifier","player_choice":"Transform","floor":2,"damage_taken":0},{"event_name":"Scrap Ooze","player_choice":"success","floor":3,"damage_taken":3},{"event_name":"The Woman in Blue","player_choice":"Bought 0 Potions","floor":4,"damage_taken":0},{"event_name":"Cursed Tome","player_choice":"Ignored","floor":19,"damage_taken":0},{"event_name":"The Lab","player_choice":"Got Potions","floor":30,"damage_taken":0}],"boss_relics":[{"not_picked":["Calling Bell","Sozu"],"picked":"Orrery"}],"potions_floor_spawned":[11,12,16,21,22,31],"seed_played":"-3767180669052436936","killed_by":"Champ","ascension_level":0,"is_trial":false}