{"path_per_floor":["M","T","M","M","?","R","E","R","T","?","?","R","?","M","R","B",null],"character_chosen":"THE_SILENT","items_purchased":[],"gold_per_floor":[118,143,162,175,175,175,203,203,228,253,253,253,253,271,271,367,397],"floor_reached":18,"campfire_rested":1,"playtime":1044,"current_hp_per_floor":[70,70,70,69,69,69,30,66,66,59,59,59,59,56,56,31,75],"items_purged":[],"gold":397,"play_id":"c795e101-078b-4dd1-9b67-b8b2b55665f0","is_prod":false,"is_daily":false,"is_ascension_mode":false,"campfire_upgraded":3,"path_taken":["M","?","?","M","?","R","E","R","T","?","?","R","?","M","R","BOSS","M"],"build_version":"2018-02-01-PROD3","purchased_purges":0,"victory":false,"master_deck":["Defend_G+1","Defend_G+1","Defend_G","Defend_G","Defend_G","Strike_G","Strike_G","Strike_G","Strike_G","Strike_G","Survivor","Neutralize+1","Calculated Gamble+1","Malaise","Heel Hook","Dagger Spray+1","Normality","Regret","Backflip","Bullet Time"],"max_hp_per_floor":[70,70,70,70,70,70,70,70,70,70,70,70,70,70,70,70,75],"relics":["Ring of the Snake","Regal Pillow","Juzu Bracelet","War Paint","Odd Mushroom","Ice Cream","Vajra","Tiny House"],"card_choices":[{"not_picked":["Caltrops","Outmaneuver"],"picked":"Calculated Gamble"},{"not_picked":["Backflip","Prepared"],"picked":"Malaise"},{"not_picked":["Prepared","Bane"],"picked":"Heel Hook"},{"not_picked":["Deadly Poison","Acrobatics"],"picked":"Dagger Spray"},{"not_picked":["Deflect","Reflex"],"picked":"Backflip"},{"not_picked":["Corpse Explosion","Wraith Form"],"picked":"Bullet Time"}],"player_experience":72545,"potions_floor_usage":[7],"damage_taken":[{"damage":0,"enemies":"Blue Slaver","floor":1,"turns":5},{"damage":0,"enemies":"Jaw Worm","floor":3,"turns":4},{"damage":1,"enemies":"Small Slimes","floor":4,"turns":5},{"damage":39,"enemies":"3 Sentries","floor":7,"turns":12},{"damage":7,"enemies":"The Mushroom Lair","floor":10,"turns":5},{"damage":3,"enemies":"Looter","floor":14,"turns":4},{"damage":25,"enemies":"The Guardian","floor":16,"turns":16},{"damage":0,"enemies":"Spheric Guardian","floor":18,"turns":1}],"event_choices":[{"event_name":"Liars Game","player_choice":"disagreed","floor":5,"damage_taken":0},{"event_name":"Mushrooms","player_choice":"Fought Mushrooms","floor":10,"damage_taken":0},{"event_name":"Accursed Blacksmith","player_choice":"Rummage","floor":11,"damage_taken":0},{"event_name":"Big Fish","player_choice":"Box","floor":13,"damage_taken":0}],"boss_relics":[{"not_picked":["Runic Dome","The Specimen"],"picked":"Tiny House"}],"potions_floor_spawned":[3,4,14,16],"seed_played":"7281881152643581835","killed_by":"Spheric Guardian","ascension_level":0,"is_trial":false}