{"path_per_floor":["M","T","?","?","M","E","M","M","T","R","?","M","R","?","R","B",null,"M","$","?","?","M","E","M","R","T","M","R","M","R","M","R","B",null,"M","?","M","?","$","R","M","$","T","R","M","?","$","M","R","B"],"character_chosen":"THE_SILENT","items_purchased":["Matryoshka","Kunai"],"gold_per_floor":[118,118,118,118,131,166,185,199,199,199,164,180,180,180,180,283,283,303,46,46,46,60,90,100,100,100,112,112,126,126,145,145,240,240,256,256,272,272,26,26,43,43,69,69,87,87,12,24,24,24],"floor_reached":51,"campfire_rested":4,"playtime":2417,"current_hp_per_floor":[60,60,53,53,53,31,24,23,23,23,40,38,38,38,59,53,70,66,66,66,50,45,41,29,50,50,43,43,40,40,40,61,53,70,69,69,69,69,69,69,69,69,69,69,47,65,65,52,70,4],"items_purged":["Writhe"],"gold":24,"score":517,"play_id":"ae07201a-9ed3-4d93-bf4c-edef63def185","is_prod":false,"is_daily":false,"is_ascension_mode":false,"campfire_upgraded":6,"path_taken":["M","?","?","?","?","E","M","?","T","R","?","M","R","?","R","BOSS","M","$","?","?","M","E","M","R","T","M","R","M","R","M","R","BOSS","M","?","M","?","$","R","?","?","T","R","M","?","$","M","R","BOSS"],"build_version":"2018-02-08-PROD1","purchased_purges":1,"victory":true,"master_deck":["Defend_G+1","Defend_G","Defend_G","Defend_G+1","Strike_G","Strike_G","Strike_G","Strike_G+1","Strike_G+1","Survivor","Neutralize+1","A Thousand Cuts+1","Cloak And Dagger+1","Dagger Throw","Flying Knee","Well Laid Plans","Noxious Fumes+1","Dagger Spray","Adrenaline+1","Sucker Punch+1","Heel Hook","Adrenaline+1","Prepared","Flying Knee+1","Bouncing Flask+1","Dagger Spray+1","Noxious Fumes+1","Terror+1","Burst"],"max_hp_per_floor":[70,70,70,70,70,70,70,70,70,70,70,70,70,70,70,70,70,70,70,70,70,70,70,70,70,70,70,70,70,70,70,70,70,70,70,70,70,70,70,70,70,70,70,70,70,70,70,70,70,70],"relics":["Ring of the Snake","Dream Catcher","Torii","Bronze Scales","Tingsha","Black Star","Matryoshka","Nilry\u0027s Codex","Oddly Smooth Stone","Bag of Preparation","Orichalcum","Ginger","Sozu","Kunai","Whetstone","War Paint"],"card_choices":[{"not_picked":["Riddle With Holes","Dodge and Roll"],"picked":"Cloak And Dagger"},{"not_picked":["Prepared","Backflip"],"picked":"Dagger Throw"},{"not_picked":["Underhanded Strike","Quick Slash"],"picked":"Flying Knee"},{"not_picked":["Backflip","Quick Slash"],"picked":"Well Laid Plans"},{"not_picked":["Escape Plan","Accuracy"],"picked":"Noxious Fumes"},{"not_picked":["Finisher","Underhanded Strike"],"picked":"Dagger Spray"},{"not_picked":["Bullet Time","Tools of the Trade"],"picked":"Adrenaline"},{"not_picked":["Deadly Poison","PiercingWail"],"picked":"Sucker Punch"},{"not_picked":["Bane","Quick Slash"],"picked":"Heel Hook"},{"not_picked":["Crippling Poison","Cloak And Dagger"],"picked":"Adrenaline"},{"not_picked":["Expertise","Bane"],"picked":"Prepared"},{"not_picked":["Deflect","Quick Slash"],"picked":"Flying Knee"},{"not_picked":["Dagger Throw","Blur"],"picked":"Bouncing Flask"},{"not_picked":["Underhanded Strike","Malaise"],"picked":"Dagger Spray"},{"not_picked":["Dash","Dagger Throw"],"picked":"Noxious Fumes"},{"not_picked":["Dagger Spray","Acrobatics"],"picked":"Terror"},{"not_picked":["Flying Knee","PiercingWail"],"picked":"Burst"}],"player_experience":77784,"potions_floor_usage":[18,23,23,31,33],"damage_taken":[{"damage":10,"enemies":"Blue Slaver","floor":1,"turns":6},{"damage":0,"enemies":"Jaw Worm","floor":5,"turns":4},{"damage":22,"enemies":"Lagavulin","floor":6,"turns":10},{"damage":7,"enemies":"Small Slimes","floor":7,"turns":3},{"damage":1,"enemies":"Exordium Thugs","floor":8,"turns":4},{"damage":2,"enemies":"2 Fungi Beasts","floor":12,"turns":4},{"damage":6,"enemies":"Hexaghost","floor":16,"turns":8},{"damage":4,"enemies":"Shell Parasite","floor":18,"turns":6},{"damage":5,"enemies":"3 Byrds","floor":22,"turns":3},{"damage":4,"enemies":"Gremlin Leader","floor":23,"turns":7},{"damage":12,"enemies":"Snecko","floor":24,"turns":6},{"damage":7,"enemies":"Cultist and Chosen","floor":27,"turns":4},{"damage":3,"enemies":"Centurion and Healer","floor":29,"turns":4},{"damage":0,"enemies":"Snake Plant","floor":31,"turns":3},{"damage":8,"enemies":"Collector","floor":33,"turns":6},{"damage":1,"enemies":"Orb Walker","floor":35,"turns":3},{"damage":0,"enemies":"3 Shapes","floor":37,"turns":3},{"damage":0,"enemies":"Maw","floor":41,"turns":6},{"damage":22,"enemies":"4 Shapes","floor":45,"turns":4},{"damage":13,"enemies":"Sphere and 2 Shapes","floor":48,"turns":5},{"damage":66,"enemies":"Donu and Deca","floor":50,"turns":8}],"event_choices":[{"event_name":"Scrap Ooze","player_choice":"success","floor":3,"damage_taken":7},{"event_name":"Liars Game","player_choice":"disagreed","floor":4,"damage_taken":0},{"event_name":"The Cleric","player_choice":"Healed","floor":11,"damage_taken":0},{"event_name":"Living Wall","player_choice":"Grow","floor":14,"damage_taken":0},{"event_name":"Addict","player_choice":"Ignored","floor":20,"damage_taken":0},{"event_name":"Cursed Tome","player_choice":"Obtained Book","floor":21,"damage_taken":0},{"event_name":"Tomb of Lord Red Mask","player_choice":"Ignored","floor":38,"damage_taken":0},{"event_name":"Winding Halls","player_choice":"Writhe","floor":46,"damage_taken":0}],"boss_relics":[{"not_picked":["Astrolabe","Calling Bell"],"picked":"Black Star"},{"not_picked":["The Specimen","Question Card"],"picked":"Sozu"}],"potions_floor_spawned":[1,7,8,18,22,29,31,33,45],"seed_played":"-1849679140190830733","ascension_level":0,"is_trial":false}