{"path_per_floor":["M","?","?","M","?","E","R","E","T","$","?","$","E","?","R","B",null,"M","?","?","?","$","R","?","E","T","R","?","E","?","?","R","B",null,"M","M","?","?","$","R","M","R","T","E","R","M","M","?","R","B"],"character_chosen":"THE_SILENT","items_purchased":["Footwork","Paper Crane","Blur"],"gold_per_floor":[115,115,115,127,77,109,109,144,171,29,29,29,58,133,133,236,236,252,352,267,267,13,13,13,44,44,44,44,70,70,70,70,166,166,179,193,193,193,12,12,25,25,25,59,59,78,97,97,97,97],"floor_reached":51,"campfire_rested":6,"playtime":2603,"current_hp_per_floor":[69,69,69,65,65,48,69,60,60,60,53,53,53,42,65,34,77,67,67,67,67,67,77,77,77,77,77,77,52,36,36,59,38,77,54,56,56,56,56,56,62,62,62,35,73,75,77,67,77,76],"items_purged":["Strike_G","Dagger Spray"],"gold":97,"score":703,"play_id":"e06ae666-cbc1-4e0a-8ff9-1868e80e70c7","is_prod":false,"is_daily":false,"is_ascension_mode":true,"campfire_upgraded":0,"path_taken":["M","?","?","M","?","E","R","E","T","$","?","$","E","?","R","BOSS","M","?","?","?","$","R","?","E","T","R","?","E","?","?","R","BOSS","M","M","?","?","$","R","M","R","T","E","R","M","M","?","R","BOSS"],"build_version":"2018-02-12-PROD1","purchased_purges":2,"victory":true,"master_deck":["Defend_G+1","Defend_G+1","Defend_G+1","Defend_G+1","Strike_G+1","Strike_G+1","Strike_G+1","Strike_G+1","Survivor","Neutralize","Unload","Infinite Blades","Footwork","Prepared+1","Bullet Time","Dagger Throw","Noxious Fumes","Dagger Spray+1","Backflip","Adrenaline","Sucker Punch","Sucker Punch+1","Blind","Neutralize","Blur","Dash+1","Flying Knee","Madness","Madness"],"max_hp_per_floor":[70,70,70,70,70,70,70,77,77,77,77,77,77,77,77,77,77,77,77,77,77,77,77,77,77,77,77,77,77,77,77,77,77,77,77,77,77,77,77,77,77,77,77,77,77,77,77,77,77,77],"relics":["Ring of the Snake","Juzu Bracelet","Dodecahedron","Thread and Needle","Strawberry","Oddly Smooth Stone","Letter Opener","Black Star","Anchor","Paper Crane","Bag of Preparation","Blood Vial","Shovel","War Paint","Tough Bandages","Toolbox","Enchiridion","Regal Pillow","Mummified Hand","Happy Flower","Bronze Scales","Art of War"],"card_choices":[{"not_picked":["Tools of the Trade","Dodge and Roll"],"picked":"Dagger Spray"},{"not_picked":["Catalyst","Choke"],"picked":"Unload"},{"not_picked":["Leg Sweep","Bane"],"picked":"Infinite Blades"},{"not_picked":["Dodge and Roll","Acrobatics"],"picked":"Prepared"},{"not_picked":["Burst","Corpse Explosion"],"picked":"Bullet Time"},{"not_picked":["Sucker Punch","Cloak And Dagger"],"picked":"Dagger Throw"},{"not_picked":["Skewer","Prepared"],"picked":"Dagger Spray"},{"not_picked":["Malaise","Poisoned Stab"],"picked":"Backflip"},{"not_picked":["Tools of the Trade","Bullet Time"],"picked":"Adrenaline"},{"not_picked":["Dash","Dagger Throw"],"picked":"Sucker Punch"},{"not_picked":["Backflip","Dagger Spray"],"picked":"Sucker Punch"},{"not_picked":["Dagger Throw","Deadly Poison"],"picked":"Dash"},{"not_picked":["Dash","Dagger Throw"],"picked":"Flying Knee"}],"player_experience":93822,"potions_floor_usage":[8,16,25,25,33,33,41,50],"damage_taken":[{"damage":1,"enemies":"2 Louse","floor":1,"turns":4},{"damage":4,"enemies":"Small Slimes","floor":4,"turns":4},{"damage":17,"enemies":"3 Sentries","floor":6,"turns":8},{"damage":16,"enemies":"Gremlin Nob","floor":8,"turns":5},{"damage":0,"enemies":"3 Sentries","floor":13,"turns":7},{"damage":31,"enemies":"Hexaghost","floor":16,"turns":16},{"damage":10,"enemies":"Spheric Guardian","floor":18,"turns":4},{"damage":0,"enemies":"Gremlin Leader","floor":25,"turns":8},{"damage":25,"enemies":"Book of Stabbing","floor":29,"turns":6},{"damage":38,"enemies":"Automaton","floor":33,"turns":13},{"damage":23,"enemies":"3 Darklings","floor":35,"turns":6},{"damage":0,"enemies":"Orb Walker","floor":36,"turns":3},{"damage":11,"enemies":"3 Darklings","floor":41,"turns":6},{"damage":29,"enemies":"Giant Head","floor":44,"turns":14},{"damage":0,"enemies":"Maw","floor":46,"turns":9},{"damage":0,"enemies":"4 Shapes","floor":47,"turns":4},{"damage":1,"enemies":"Donu and Deca","floor":50,"turns":12}],"event_choices":[{"event_name":"Big Fish","player_choice":"Box","floor":2,"damage_taken":0},{"event_name":"Transmorgrifier","player_choice":"Transform","floor":3,"damage_taken":0},{"event_name":"The Cleric","player_choice":"Card Removal","floor":5,"damage_taken":0},{"event_name":"Golden Wing","player_choice":"Card Removal","floor":11,"damage_taken":0},{"event_name":"World of Goop","player_choice":"Gather Gold","floor":14,"damage_taken":0},{"event_name":"Golden Shrine","player_choice":"Pray","floor":19,"damage_taken":0},{"event_name":"Addict","player_choice":"Obtained Relic","floor":20,"damage_taken":0},{"event_name":"The Library","player_choice":"Read","floor":21,"damage_taken":0},{"event_name":"Beggar","player_choice":"Ignored","floor":24,"damage_taken":0},{"event_name":"The Mausoleum","player_choice":"No","floor":28,"damage_taken":0},{"event_name":"Cursed Tome","player_choice":"Obtained Book","floor":30,"damage_taken":0},{"event_name":"Back to Basics","player_choice":"Simplicity","floor":31,"damage_taken":0},{"event_name":"Match and Keep!","player_choice":"2 cards matched","floor":37,"damage_taken":0},{"event_name":"Mysterious Sphere","player_choice":"Ignore","floor":38,"damage_taken":0},{"event_name":"Winding Halls","player_choice":"Embrace Madness","floor":48,"damage_taken":0}],"boss_relics":[{"not_picked":["Snecko Eye","Velvet Choker"],"picked":"Black Star"},{"not_picked":["Philosopher\u0027s Stone","Calling Bell","Runic Dome"]}],"potions_floor_spawned":[1,8,16,18,25,29,36,46],"seed_played":"5774582452654683170","ascension_level":2,"is_trial":false}