{"path_per_floor":["M","?","?","$","?","E","R","$","T","M","E","M","$","M","R","B",null,"M","?","M","$","M","R","E","R","T","R","?","M","M","?","R","B",null,"M","M","$"],"character_chosen":"THE_SILENT","items_purchased":["Footwork","Dagger Spray","Accuracy","Anchor","Prepared"],"gold_per_floor":[109,59,159,50,50,82,82,35,35,51,83,101,1,20,20,121,121,136,136,124,46,63,63,93,93,146,146,146,166,184,184,184,286,316,336,356,33],"floor_reached":38,"campfire_rested":3,"playtime":2118,"current_hp_per_floor":[70,70,70,70,76,76,76,76,76,76,77,74,74,71,71,29,101,91,91,70,70,72,101,66,66,66,96,96,82,56,56,86,22,106,40,9,9],"items_purged":["Strike_G","Regret","Doubt"],"gold":33,"play_id":"5cdfa13c-16c0-4b4d-b959-eba2633da398","is_prod":false,"is_daily":false,"is_ascension_mode":false,"campfire_upgraded":3,"path_taken":["M","?","?","$","?","E","R","?","T","?","E","M","$","M","R","BOSS","M","?","?","$","M","R","E","R","T","R","?","M","M","?","R","BOSS","M","M","$","M"],"build_version":"2018-02-01-PROD3","purchased_purges":4,"victory":false,"master_deck":["Defend_G","Defend_G","Defend_G","Defend_G","Strike_G","Strike_G","Strike_G","Strike_G","Survivor","Neutralize","Infinite Blades+1","Footwork","Cloak And Dagger","Dagger Spray","Infinite Blades+1","Parasite","Normality","Accuracy+1","Accuracy+1","Unload","Blade Dance+1","Prepared"],"max_hp_per_floor":[70,70,70,70,76,76,76,76,76,76,83,83,83,83,83,83,101,101,101,101,101,101,101,101,101,101,101,101,101,101,101,101,101,106,106,106,106],"relics":["Ring of the Snake","NeowsBlessing","Darkstone Periapt","Sundial","Unceasing Top","Strawberry","Calling Bell","Vajra","Bronze Scales","Ice Cream","Ancient Tea Set","Art of War","Tiny House","Anchor"],"card_choices":[{"not_picked":["Bane","Sucker Punch"],"picked":"Infinite Blades"},{"not_picked":["Reflex","Heel Hook"],"picked":"Cloak And Dagger"},{"not_picked":["Blade Dance","Masterful Stab"],"picked":"Infinite Blades"},{"not_picked":["Escape Plan","Cloak And Dagger"],"picked":"Accuracy"},{"not_picked":["Glass Knife","Wraith Form"],"picked":"Unload"},{"not_picked":["Outmaneuver","Poisoned Stab"],"picked":"Blade Dance"}],"player_experience":73589,"potions_floor_usage":[11,14,16,22,24,33,35,38],"damage_taken":[{"damage":0,"enemies":"Jaw Worm","floor":1,"turns":1},{"damage":0,"enemies":"Gremlin Nob","floor":6,"turns":1},{"damage":0,"enemies":"Blue Slaver","floor":10,"turns":1},{"damage":6,"enemies":"Lagavulin","floor":11,"turns":9},{"damage":3,"enemies":"Small Slimes","floor":12,"turns":4},{"damage":3,"enemies":"Exordium Wildlife","floor":14,"turns":5},{"damage":42,"enemies":"Slime Boss","floor":16,"turns":10},{"damage":10,"enemies":"Shell Parasite","floor":18,"turns":6},{"damage":21,"enemies":"2 Thieves","floor":20,"turns":4},{"damage":13,"enemies":"Snecko","floor":22,"turns":7},{"damage":35,"enemies":"Book of Stabbing","floor":24,"turns":6},{"damage":14,"enemies":"3 Cultists","floor":29,"turns":5},{"damage":26,"enemies":"Centurion and Healer","floor":30,"turns":5},{"damage":64,"enemies":"Champ","floor":33,"turns":11},{"damage":66,"enemies":"3 Shapes","floor":35,"turns":6},{"damage":31,"enemies":"3 Darklings","floor":36,"turns":5},{"damage":17,"enemies":"Sphere and 2 Shapes","floor":38,"turns":3}],"event_choices":[{"event_name":"The Cleric","player_choice":"Card Removal","floor":2,"damage_taken":0},{"event_name":"Golden Shrine","player_choice":"Pray","floor":3,"damage_taken":0},{"event_name":"Big Fish","player_choice":"Box","floor":5,"damage_taken":0},{"event_name":"Addict","player_choice":"Ignored","floor":19,"damage_taken":0},{"event_name":"Vampires","player_choice":"Ignored","floor":28,"damage_taken":0},{"event_name":"Upgrade Shrine","player_choice":"Upgraded","floor":31,"damage_taken":0}],"boss_relics":[{"not_picked":["Orrery","Astrolabe"],"picked":"Calling Bell"},{"not_picked":["The Specimen","Philosopher\u0027s Stone"],"picked":"Tiny House"}],"potions_floor_spawned":[6,10,12,20,22,24,36],"seed_played":"-6877613174436162804","killed_by":"Sphere and 2 Shapes","ascension_level":0,"is_trial":false}