{"path_per_floor":["M","M","M","?","M","E","R","M","T","M","$","R","E","?","R","B",null,"M","?","M","$","?","E","R","E","T","?","R","$","R","M","R"],"character_chosen":"THE_SILENT","items_purchased":["Matryoshka","Gremlin Horn","Lantern"],"gold_per_floor":[116,134,153,153,173,200,200,212,512,530,21,21,49,49,49,152,152,164,164,147,72,72,102,102,130,156,156,156,10,10,23,23],"floor_reached":33,"campfire_rested":2,"playtime":1597,"current_hp_per_floor":[70,66,66,66,66,50,50,50,50,47,47,47,51,51,76,43,84,66,50,53,53,53,46,71,62,62,84,84,84,84,77,77],"items_purged":["Defend_G"],"gold":23,"score":318,"play_id":"3f4faba7-ab4f-419e-8278-ee6d6aa8456e","is_prod":false,"is_daily":false,"is_ascension_mode":false,"campfire_upgraded":5,"path_taken":["M","M","M","?","M","E","R","M","T","M","$","R","E","?","R","BOSS","M","?","M","$","?","E","R","E","T","?","R","?","R","?","R","BOSS"],"build_version":"2018-02-08-PROD1","purchased_purges":1,"victory":false,"master_deck":["Defend_G","Defend_G","Defend_G","Defend_G","Strike_G+1","Strike_G","Strike_G","Strike_G+1","Survivor","Neutralize+1","Outmaneuver","Dagger Spray+1","Backflip+1","Poisoned Stab","Blur+1","Poisoned Stab","Terror+1","Escape Plan","Dark Shackles","Venomology","Necronomicurse","Sucker Punch+1","Unload+1"],"max_hp_per_floor":[70,70,70,70,70,70,70,70,70,70,70,70,84,84,84,84,84,84,84,84,84,84,84,84,84,84,84,84,84,84,86,86],"relics":["Ring of the Snake","Meat on the Bone","Old Coin","Matryoshka","Gremlin Horn","Mango","Lizard Tail","Necronomicon","Kunai","Whetstone","Bronze Scales","Singing Bowl","Lantern"],"card_choices":[{"not_picked":["Flechettes","Prepared"],"picked":"Outmaneuver"},{"not_picked":["Dagger Throw","Outmaneuver"],"picked":"Dagger Spray"},{"not_picked":["Deadly Poison","Outmaneuver"],"picked":"Backflip"},{"not_picked":["Leg Sweep","Choke"],"picked":"Poisoned Stab"},{"not_picked":["Envenom","Quick Slash"],"picked":"Blur"},{"not_picked":["Sucker Punch","Dodge and Roll"],"picked":"Poisoned Stab"},{"not_picked":["Deflect","Dagger Throw"],"picked":"Terror"},{"not_picked":["Riddle With Holes","Envenom"],"picked":"Escape Plan"},{"not_picked":["Doppelganger","Night Terror"],"picked":"Venomology"},{"not_picked":["Riddle With Holes","Backflip"],"picked":"Sucker Punch"},{"not_picked":["Dagger Throw","Leg Sweep"],"picked":"Unload"}],"player_experience":83256,"potions_floor_usage":[6,13,20,23,23,23,25,25,31,33,33],"damage_taken":[{"damage":0,"enemies":"Small Slimes","floor":1,"turns":5},{"damage":4,"enemies":"Blue Slaver","floor":2,"turns":5},{"damage":0,"enemies":"Cultist","floor":3,"turns":4},{"damage":0,"enemies":"Large Slime","floor":5,"turns":6},{"damage":16,"enemies":"Lagavulin","floor":6,"turns":6},{"damage":0,"enemies":"Exordium Thugs","floor":8,"turns":4},{"damage":15,"enemies":"Lots of Slimes","floor":10,"turns":7},{"damage":10,"enemies":"Gremlin Nob","floor":13,"turns":5},{"damage":33,"enemies":"Slime Boss","floor":16,"turns":15},{"damage":18,"enemies":"Chosen","floor":18,"turns":8},{"damage":9,"enemies":"2 Thieves","floor":20,"turns":4},{"damage":34,"enemies":"Book of Stabbing","floor":23,"turns":6},{"damage":24,"enemies":"Gremlin Leader","floor":25,"turns":8},{"damage":9,"enemies":"Sentry and Sphere","floor":31,"turns":4},{"damage":158,"enemies":"Champ","floor":33,"turns":21}],"event_choices":[{"event_name":"Wheel of Change","player_choice":"Card Removal","floor":4,"damage_taken":0},{"event_name":"Match and Keep!","player_choice":"1 cards matched","floor":14,"damage_taken":0},{"event_name":"Cursed Tome","player_choice":"Obtained Book","floor":19,"damage_taken":0},{"event_name":"Drug Dealer","player_choice":"Ignored","floor":22,"damage_taken":0},{"event_name":"The Library","player_choice":"Heal","floor":27,"damage_taken":0}],"boss_relics":[{"not_picked":["Runic Pyramid","Snecko Eye"],"picked":"Lizard Tail"}],"potions_floor_spawned":[3,10,16,20,25],"seed_played":"4203179085500986302","killed_by":"Champ","ascension_level":0,"is_trial":false}