{"path_per_floor":["M","M","?","?","M","R","E","M","T","M","?","E","M","T","R","B",null,"M","M","?","$","M","R","E","R","T","E","M","?","?","M","R","B",null,"M","T","M","?","?","R","$","M","T","?","R","M","M","?","R"],"character_chosen":"THE_SILENT","items_purchased":["Panache","Finesse","Lantern","Footwork"],"gold_per_floor":[118,129,129,129,143,143,174,193,242,259,259,284,301,301,301,402,402,413,429,429,49,62,62,94,94,145,174,193,108,108,124,124,224,224,243,243,254,254,254,254,30,49,79,79,79,98,114,114,114],"floor_reached":50,"campfire_rested":5,"playtime":1771,"current_hp_per_floor":[70,70,56,38,34,70,38,35,35,26,26,16,16,16,52,16,70,62,48,48,48,46,70,57,70,70,60,48,48,48,35,70,7,70,70,70,62,62,62,62,62,70,70,61,61,60,64,64,64],"items_purged":["Strike_G"],"gold":114,"score":558,"play_id":"0be54bf4-57a2-45a9-ab8d-94964b138655","is_prod":false,"is_daily":false,"is_ascension_mode":true,"campfire_upgraded":0,"path_taken":["M","?","?","?","M","R","E","?","T","M","?","E","M","?","R","BOSS","M","M","?","$","M","R","E","R","T","E","M","?","?","M","R","BOSS","M","?","?","?","?","R","$","M","T","?","R","M","M","?","R","BOSS"],"build_version":"2018-02-15-PROD1","purchased_purges":1,"victory":false,"master_deck":["Defend_G","Defend_G","Defend_G","Defend_G","Defend_G","Strike_G","Strike_G","Strike_G","Strike_G","Survivor","Neutralize+1","Flying Knee","Prepared","Backstab","Sucker Punch+1","Quick Slash","Leg Sweep","Infinite Blades","Flying Knee","Die Die Die","Dagger Throw","Dash","Die Die Die","Outmaneuver+1","Footwork+1","Panache","Finesse","Dagger Throw","Well Laid Plans","Accuracy","Accuracy+1","Bullet Time","Skewer+1","Terror","Footwork","Escape Plan","Madness","Madness","Quick Slash+1","Infinite Blades"],"max_hp_per_floor":[70,70,70,70,70,70,70,70,70,70,70,70,70,70,70,70,70,70,70,70,70,70,70,70,70,70,70,70,70,70,70,70,70,70,70,70,70,70,70,70,70,70,70,70,70,70,70,70,70],"relics":["Orrery","Regal Pillow","Vajra","Bronze Scales","Shuriken","Centennial Puzzle","White Beast Statue","Pen Nib","Ancient Tea Set","Molten Egg 2","Bird Faced Urn","Matryoshka","Question Card","Bag of Preparation","Girya","Lantern","Tiny Chest","Dream Catcher"],"card_choices":[{"not_picked":["Bane","Dagger Spray"],"picked":"Flying Knee"},{"not_picked":["Cloak And Dagger","Envenom"],"picked":"Prepared"},{"not_picked":["Deflect","Quick Slash"],"picked":"Backstab"},{"not_picked":["Acrobatics","Catalyst"],"picked":"Sucker Punch"},{"not_picked":["Distraction","Catalyst"],"picked":"Quick Slash"},{"not_picked":["Acrobatics","Catalyst"],"picked":"Leg Sweep"},{"not_picked":["Masterful Stab","PiercingWail"],"picked":"Infinite Blades"},{"not_picked":["Slice","Poisoned Stab"],"picked":"Flying Knee"},{"not_picked":["Bane","Outmaneuver"],"picked":"Die Die Die"},{"not_picked":["Bane","Catalyst"],"picked":"Dagger Throw"},{"not_picked":["Dagger Spray","Blade Dance"],"picked":"Dash"},{"not_picked":["Night Terror","Wraith Form"],"picked":"Die Die Die"},{"not_picked":["Dash","Deadly Poison"],"picked":"Outmaneuver"},{"not_picked":["Underhanded Strike","Deflect"],"picked":"Footwork"},{"not_picked":["Quick Slash","Underhanded Strike"],"picked":"Dagger Throw"},{"not_picked":["Dash","Flying Knee"],"picked":"Well Laid Plans"},{"not_picked":["Infinite Blades","Dodge and Roll"],"picked":"Accuracy"},{"not_picked":["Bouncing Flask","Prepared"],"picked":"Accuracy"},{"not_picked":["Tactician","Envenom"],"picked":"Bullet Time"},{"not_picked":["Setup","Noxious Fumes","Quick Slash"],"picked":"Skewer"},{"not_picked":["Skewer","Well Laid Plans","Deflect"],"picked":"Terror"},{"not_picked":["Dodge and Roll","Dagger Throw","Dash"],"picked":"Escape Plan"},{"not_picked":["Concentrate","Acrobatics","Venomology"],"picked":"Quick Slash"}],"player_experience":118487,"potions_floor_usage":[7,12,18,24,24,27,27,28,31,33,37,42,46,50,50,50],"damage_taken":[{"damage":0,"enemies":"Cultist","floor":1,"turns":3},{"damage":0,"enemies":"Jaw Worm","floor":2,"turns":3},{"damage":4,"enemies":"Small Slimes","floor":5,"turns":3},{"damage":32,"enemies":"3 Sentries","floor":7,"turns":8},{"damage":3,"enemies":"Looter","floor":8,"turns":3},{"damage":9,"enemies":"Blue Slaver","floor":10,"turns":3},{"damage":10,"enemies":"Lagavulin","floor":12,"turns":4},{"damage":0,"enemies":"3 Louse","floor":13,"turns":3},{"damage":36,"enemies":"The Guardian","floor":16,"turns":9},{"damage":8,"enemies":"2 Thieves","floor":18,"turns":4},{"damage":14,"enemies":"Shell Parasite","floor":19,"turns":3},{"damage":2,"enemies":"Snecko","floor":22,"turns":4},{"damage":13,"enemies":"Book of Stabbing","floor":24,"turns":6},{"damage":10,"enemies":"Gremlin Leader","floor":27,"turns":5},{"damage":12,"enemies":"Centurion and Healer","floor":28,"turns":4},{"damage":19,"enemies":"3 Cultists","floor":31,"turns":4},{"damage":69,"enemies":"Champ","floor":33,"turns":9},{"damage":5,"enemies":"Orb Walker","floor":35,"turns":3},{"damage":11,"enemies":"3 Shapes","floor":37,"turns":4},{"damage":3,"enemies":"Maw","floor":42,"turns":6},{"damage":21,"enemies":"Sphere and 2 Shapes","floor":46,"turns":5},{"damage":4,"enemies":"3 Darklings","floor":47,"turns":3},{"damage":95,"enemies":"Awakened One","floor":50,"turns":7}],"event_choices":[{"event_name":"Shining Light","player_choice":"Entered Light","floor":3,"damage_taken":0},{"event_name":"Scrap Ooze","player_choice":"success","floor":4,"damage_taken":18},{"event_name":"Dead Adventurer","player_choice":"Searched \u00270\u0027 times","floor":11,"damage_taken":0},{"event_name":"Vampires","player_choice":"Ignored","floor":20,"damage_taken":0},{"event_name":"Addict","player_choice":"Obtained Relic","floor":29,"damage_taken":0},{"event_name":"The Mausoleum","player_choice":"Yes","floor":30,"damage_taken":0},{"event_name":"The Lab","player_choice":"Got Potions","floor":38,"damage_taken":0},{"event_name":"Mysterious Sphere","player_choice":"Ignore","floor":39,"damage_taken":0},{"event_name":"Winding Halls","player_choice":"Embrace Madness","floor":44,"damage_taken":0},{"event_name":"Duplicator","player_choice":"One dupe","floor":48,"damage_taken":0}],"boss_relics":[{"not_picked":["Tiny House","Velvet Choker"],"picked":"White Beast Statue"},{"not_picked":["Black Star","Runic Dome"],"picked":"Question Card"}],"potions_floor_spawned":[2,8,12,18,19,22,24,27,28,31,33,35,37,42,46,47],"seed_played":"2592189555757088691","killed_by":"Awakened One","ascension_level":3,"is_trial":false}