{"path_per_floor":["M","$","M","?","M","R","M","?","T","R","M","M","?","M","R","B",null,"M","?","?","M","$","R","M","R","T","M"],"character_chosen":"THE_SILENT","items_purchased":["Finesse","Orichalcum","Regen Potion"],"gold_per_floor":[110,22,37,112,132,132,145,145,172,172,185,202,202,215,215,316,346,358,358,358,375,95,95,112,112,112,123],"floor_reached":28,"campfire_rested":4,"playtime":1047,"current_hp_per_floor":[62,62,62,51,51,70,56,56,56,56,54,42,35,31,67,9,70,42,42,42,1,1,37,33,69,69,20],"items_purged":["Doubt"],"gold":123,"score":244,"play_id":"0c058d06-41ab-49db-beb5-c648b49fa2db","is_prod":false,"is_daily":false,"is_ascension_mode":true,"campfire_upgraded":1,"path_taken":["M","$","M","?","M","R","M","?","T","R","?","M","?","?","R","BOSS","M","?","?","M","$","R","M","R","T","M","M"],"build_version":"2018-02-22-PROD2","purchased_purges":1,"victory":false,"master_deck":["Defend_G","Defend_G","Defend_G","Defend_G","Defend_G","Strike_G","Strike_G","Strike_G","Survivor","Neutralize+1","Expertise","Finesse","Prepared","Dagger Spray","Sucker Punch","Escape Plan","Flying Knee","Die Die Die","Clumsy","Pain","Backflip+1","Well Laid Plans+1","Dagger Spray","Reflex+1"],"max_hp_per_floor":[70,70,70,70,70,70,70,70,70,70,70,70,70,70,70,70,70,70,70,70,70,70,70,70,70,70,70],"relics":["Runic Dome","Regal Pillow","Calling Bell","Tiny Chest","Girya","Gremlin Horn","Orichalcum","Omamori"],"card_choices":[{"not_picked":["Eviscerate","Endless Agony"],"picked":"Expertise"},{"not_picked":["Endless Agony","Eviscerate"],"picked":"Prepared"},{"not_picked":["Slice","Catalyst"],"picked":"Dagger Spray"},{"not_picked":["Quick Slash","Backflip"],"picked":"Sucker Punch"},{"not_picked":["Endless Agony","Prepared"],"picked":"Escape Plan"},{"not_picked":["Bane","PiercingWail"],"picked":"Flying Knee"},{"not_picked":["Phantasmal Killer","Wraith Form"],"picked":"Die Die Die"},{"not_picked":["Prepared","Terror"],"picked":"Backflip"},{"not_picked":["Endless Agony","Slice"],"picked":"Well Laid Plans"},{"not_picked":["Underhanded Strike","Reflex"],"picked":"Dagger Spray"},{"not_picked":["Cloak And Dagger","Underhanded Strike"],"picked":"Reflex"}],"player_experience":123415,"potions_floor_usage":[12,16,24,24,24,27],"damage_taken":[{"damage":8,"enemies":"Jaw Worm","floor":1,"turns":5},{"damage":0,"enemies":"2 Louse","floor":3,"turns":3},{"damage":0,"enemies":"Cultist","floor":5,"turns":4},{"damage":14,"enemies":"Large Slime","floor":7,"turns":9},{"damage":2,"enemies":"Lots of Slimes","floor":11,"turns":3},{"damage":12,"enemies":"Gremlin Gang","floor":12,"turns":4},{"damage":4,"enemies":"Red Slaver","floor":14,"turns":5},{"damage":58,"enemies":"Hexaghost","floor":16,"turns":23},{"damage":28,"enemies":"2 Thieves","floor":18,"turns":5},{"damage":41,"enemies":"Spheric Guardian","floor":21,"turns":6},{"damage":19,"enemies":"Chosen and Byrds","floor":24,"turns":8},{"damage":49,"enemies":"Cultist and Chosen","floor":27,"turns":10},{"damage":24,"enemies":"Snake Plant","floor":28,"turns":3}],"event_choices":[{"event_name":"World of Goop","player_choice":"Gather Gold","floor":4,"damage_taken":0},{"event_name":"Bonfire Elementals","player_choice":"BASIC","floor":8,"damage_taken":0},{"event_name":"Golden Wing","player_choice":"Card Removal","floor":13,"damage_taken":0},{"event_name":"Cursed Tome","player_choice":"Ignored","floor":19,"damage_taken":0},{"event_name":"Vampires","player_choice":"Ignored","floor":20,"damage_taken":0}],"boss_relics":[{"not_picked":["Snecko Eye","Lizard Tail"],"picked":"Calling Bell"}],"potions_floor_spawned":[1,11,16,18,24],"seed_played":"-8890068360113607674","killed_by":"Snake Plant","ascension_level":3,"is_trial":false}