{"path_per_floor":["M","M","$","?","M","E","R","E","T","M","E","?","M","?","R","B",null,"M","$","?","?","?","R","E","R","T","R","T","$","E","?","R","B",null,"M","M","$","?","T","R","M","R","T","R","?","M","M","M","R","B"],"character_chosen":"THE_SILENT","items_purchased":["Skewer","Dramatic Entrance","Gremlin Horn","Flying Knee"],"gold_per_floor":[109,129,6,6,22,55,55,86,86,101,128,192,212,287,287,382,382,307,28,28,28,28,28,28,28,28,28,28,28,28,28,28,28,28,28,28,28,28,28,28,28,28,28,28,28,28,28,28,28,28],"floor_reached":51,"campfire_rested":8,"playtime":1410,"current_hp_per_floor":[70,67,67,67,60,29,50,46,46,45,25,25,25,14,35,18,70,49,49,33,33,33,54,8,29,29,50,50,50,37,37,58,4,70,70,70,70,61,61,61,53,70,70,70,70,65,62,50,70,35],"items_purged":[],"gold":28,"score":624,"play_id":"88f860f4-0e21-449d-a03d-071413eb01dc","local_time":"20180302215643","is_prod":false,"is_daily":false,"is_ascension_mode":true,"campfire_upgraded":2,"timestamp":1520056603,"path_taken":["M","M","$","?","M","E","R","E","T","M","E","?","M","?","R","BOSS","M","$","?","?","?","R","E","R","T","R","?","?","E","?","R","BOSS","M","M","$","?","?","R","M","R","T","R","?","?","M","M","R","BOSS"],"build_version":"2018-03-01-PROD1","purchased_purges":0,"victory":true,"master_deck":["Defend_G+1","Defend_G+1","Defend_G+1","Defend_G+1","Strike_G+1","Strike_G+1","Strike_G+1","Strike_G+1","Survivor","Neutralize","Flying Knee","Sucker Punch","Skewer+1","Dramatic Entrance","Escape Plan","Dash","After Image+1","Blur","Dagger Spray","Backflip","Flying Knee","Necronomicurse","Dash","Madness","Madness","Die Die Die","Sucker Punch+1"],"max_hp_per_floor":[70,70,70,70,70,70,70,70,70,70,70,70,70,70,70,70,70,70,70,70,70,70,70,70,70,70,70,70,70,70,70,70,70,70,70,70,70,70,70,70,70,70,70,70,70,70,70,70,70,70],"relics":["Sozu","Toolbox","Orichalcum","Ginger","Pen Nib","Ectoplasm","Gremlin Horn","Necronomicon","Omamori","Du-Vu Doll","Bronze Scales","Lantern","Lizard Tail","Vajra","Prayer Wheel"],"card_choices":[{"not_picked":["Dagger Throw","Acrobatics"],"picked":"Flying Knee"},{"not_picked":["Distraction","Heel Hook"],"picked":"Sucker Punch"},{"not_picked":["Riddle With Holes","Storm of Steel"],"picked":"Escape Plan"},{"not_picked":["Calculated Gamble","Outmaneuver"],"picked":"Dash"},{"not_picked":["Deadly Poison","Backstab"],"picked":"After Image"},{"not_picked":["Backstab","Deflect"],"picked":"Blur"},{"not_picked":["Night Terror","All Out Attack"],"picked":"Dagger Spray"},{"not_picked":["Concentrate","Quick Slash"],"picked":"Backflip"},{"not_picked":["Acrobatics","Noxious Fumes"],"picked":"Dash"},{"not_picked":["Riddle With Holes","Sucker Punch"],"picked":"Die Die Die"},{"not_picked":["Endless Agony","Backflip"],"picked":"Sucker Punch"}],"player_experience":130070,"potions_floor_usage":[],"damage_taken":[{"damage":0,"enemies":"Cultist","floor":1,"turns":4},{"damage":3,"enemies":"2 Louse","floor":2,"turns":3},{"damage":7,"enemies":"Jaw Worm","floor":5,"turns":3},{"damage":31,"enemies":"Gremlin Nob","floor":6,"turns":5},{"damage":4,"enemies":"3 Sentries","floor":8,"turns":5},{"damage":1,"enemies":"2 Fungi Beasts","floor":10,"turns":3},{"damage":20,"enemies":"Lagavulin","floor":11,"turns":7},{"damage":0,"enemies":"Gremlin Gang","floor":13,"turns":4},{"damage":17,"enemies":"The Guardian","floor":16,"turns":10},{"damage":21,"enemies":"2 Thieves","floor":18,"turns":4},{"damage":46,"enemies":"Book of Stabbing","floor":24,"turns":7},{"damage":13,"enemies":"Gremlin Leader","floor":30,"turns":3},{"damage":54,"enemies":"Collector","floor":33,"turns":7},{"damage":0,"enemies":"Orb Walker","floor":35,"turns":2},{"damage":0,"enemies":"3 Shapes","floor":36,"turns":2},{"damage":8,"enemies":"Maw","floor":41,"turns":5},{"damage":5,"enemies":"Sphere and 2 Shapes","floor":46,"turns":4},{"damage":3,"enemies":"3 Darklings","floor":47,"turns":2},{"damage":12,"enemies":"4 Shapes","floor":48,"turns":2},{"damage":75,"enemies":"Donu and Deca","floor":50,"turns":10}],"event_choices":[{"event_name":"Transmorgrifier","player_choice":"Transform","floor":4,"damage_taken":0},{"event_name":"Golden Wing","player_choice":"Gained Gold","floor":12,"damage_taken":0},{"event_name":"World of Goop","player_choice":"Gather Gold","floor":14,"damage_taken":0},{"event_name":"Cursed Tome","player_choice":"Obtained Book","floor":20,"damage_taken":0},{"event_name":"Purifier","player_choice":"One Purge","floor":21,"damage_taken":0},{"event_name":"The Mausoleum","player_choice":"No","floor":22,"damage_taken":0},{"event_name":"Back to Basics","player_choice":"Simplicity","floor":31,"damage_taken":0},{"event_name":"Winding Halls","player_choice":"Embrace Madness","floor":38,"damage_taken":0}],"boss_relics":[{"not_picked":["Pandora\u0027s Box","Question Card"],"picked":"Ectoplasm"},{"not_picked":["Runic Dome","The Specimen"],"picked":"Lizard Tail"}],"potions_floor_spawned":[6,8,11,13,30,33,36,41,48],"seed_played":"2621945054495435041","ascension_level":3,"is_trial":false}