{"path_per_floor":["M","?","?","M","M","R","M","M","T","R","E","M","M","?","R","B",null,"M","$","M","M","?","R","E","R","T","$","M","R","M","M","R"],"character_chosen":"THE_SILENT","items_purchased":["Lantern","Omamori","Mind Blast"],"gold_per_floor":[113,113,113,133,148,148,161,171,194,194,220,233,247,247,247,348,378,388,18,38,52,52,52,78,78,104,13,28,28,41,52,52],"floor_reached":33,"campfire_rested":6,"playtime":1188,"current_hp_per_floor":[53,53,53,53,53,70,68,57,57,57,45,39,26,12,33,3,75,50,50,40,30,30,52,32,54,54,54,40,62,43,36,58],"items_purged":["Strike_G"],"gold":52,"score":312,"play_id":"cf8ecf27-47a8-4d0c-920b-46aec9ed33e0","local_time":"20180302210742","is_prod":false,"is_daily":false,"is_ascension_mode":true,"campfire_upgraded":1,"timestamp":1520053662,"path_taken":["M","?","?","M","M","R","M","?","T","R","E","M","M","?","R","BOSS","M","$","M","M","?","R","E","R","T","?","M","R","?","M","R","BOSS"],"build_version":"2018-03-01-PROD1","purchased_purges":1,"victory":false,"master_deck":["Defend_G+1","Defend_G+1","Defend_G+1","Defend_G+1","Defend_G+1","Strike_G+1","Strike_G+1","Strike_G+1","Strike_G+1","Survivor","Neutralize+1","Envenom+1","Quick Slash+1","Bane","Dagger Throw+1","Dagger Throw","Sucker Punch","Bane","Flying Knee","Bullet Time","Dagger Spray","Escape Plan+1","Footwork","Mind Blast","Expertise+1","Prepared+1"],"max_hp_per_floor":[70,70,70,70,70,70,70,70,70,70,70,70,70,70,70,70,75,75,75,75,75,75,75,75,75,75,75,75,75,75,75,75],"relics":["Ring of the Snake","Whetstone","Ornamental Fan","Tiny House","Lantern","Omamori","Meat on the Bone","Snake Skull"],"card_choices":[{"not_picked":["Deadly Poison","Outmaneuver"],"picked":"Quick Slash"},{"not_picked":["Outmaneuver","Heel Hook"],"picked":"Bane"},{"not_picked":["Concentrate","Dash"],"picked":"Dagger Throw"},{"not_picked":["Poisoned Stab","Outmaneuver"],"picked":"Dagger Throw"},{"not_picked":["Grand Finale","Slice"],"picked":"Sucker Punch"},{"not_picked":["Crippling Poison","Dagger Throw"],"picked":"Bane"},{"not_picked":["Dagger Spray","Finisher"],"picked":"Flying Knee"},{"not_picked":["Phantasmal Killer","Unload"],"picked":"Bullet Time"},{"not_picked":["Finisher","Prepared"],"picked":"Dagger Spray"},{"not_picked":["Crippling Poison","Endless Agony"],"picked":"Escape Plan"},{"not_picked":["Distraction","Prepared"],"picked":"Footwork"},{"not_picked":["Dagger Throw","Calculated Gamble"],"picked":"Expertise"},{"not_picked":["Quick Slash","Tools of the Trade"],"picked":"Prepared"}],"player_experience":127398,"potions_floor_usage":[8,11,21,21,24,28,33],"damage_taken":[{"damage":17,"enemies":"Jaw Worm","floor":1,"turns":7},{"damage":0,"enemies":"2 Louse","floor":4,"turns":3},{"damage":0,"enemies":"Cultist","floor":5,"turns":3},{"damage":2,"enemies":"3 Louse","floor":7,"turns":4},{"damage":11,"enemies":"Exordium Thugs","floor":8,"turns":6},{"damage":12,"enemies":"Gremlin Nob","floor":11,"turns":3},{"damage":6,"enemies":"2 Fungi Beasts","floor":12,"turns":3},{"damage":13,"enemies":"3 Louse","floor":13,"turns":3},{"damage":30,"enemies":"Slime Boss","floor":16,"turns":9},{"damage":25,"enemies":"Chosen","floor":18,"turns":3},{"damage":10,"enemies":"3 Byrds","floor":20,"turns":6},{"damage":10,"enemies":"Snake Plant","floor":21,"turns":4},{"damage":20,"enemies":"Slavers","floor":24,"turns":4},{"damage":14,"enemies":"3 Cultists","floor":28,"turns":6},{"damage":31,"enemies":"Snecko","floor":30,"turns":6},{"damage":19,"enemies":"Centurion and Healer","floor":31,"turns":5},{"damage":60,"enemies":"Champ","floor":33,"turns":10}],"event_choices":[{"event_name":"Liars Game","player_choice":"disagreed","floor":2,"damage_taken":0},{"event_name":"Upgrade Shrine","player_choice":"Upgraded","floor":3,"damage_taken":0},{"event_name":"Shining Light","player_choice":"Entered Light","floor":14,"damage_taken":0},{"event_name":"Back to Basics","player_choice":"Simplicity","floor":22,"damage_taken":0}],"boss_relics":[{"not_picked":["Snecko Eye","Velvet Choker"],"picked":"Tiny House"}],"potions_floor_spawned":[1,5,16,20,24,31],"seed_played":"6219552314984350924","killed_by":"Champ","ascension_level":3,"is_trial":false}