{"path_per_floor":["M","?","?","M","M","$","?","E","T","?","M","$","?","M","R"],"character_chosen":"THE_SILENT","items_purchased":["Jack Of All Trades","Regen Potion"],"gold_per_floor":[111,111,91,103,118,29,29,54,78,43,56,8,8,25,25],"floor_reached":16,"campfire_rested":0,"playtime":916,"current_hp_per_floor":[70,70,70,70,70,70,70,32,32,52,10,10,36,34,34],"items_purged":[],"gold":25,"play_id":"35a0ada8-e546-4bbd-9533-7b9d2543b6b1","is_prod":false,"is_daily":false,"campfire_rituals":0,"campfire_upgraded":1,"is_hardmode":false,"path_taken":["M","?","?","?","M","$","?","E","T","?","M","?","?","M","R","BOSS"],"build_version":"2018-01-18-PROD4","purchased_purges":0,"victory":false,"master_deck":["Defend_G","Defend_G","Defend_G","Defend_G","Defend_G","Strike_G","Strike_G","Strike_G","Strike_G","Strike_G","Survivor","Neutralize","Bane","Prepared","Escape Plan","Jack Of All Trades","Catalyst","Choke","Dash"],"max_hp_per_floor":[70,70,70,70,70,70,70,80,80,80,80,80,80,80,80],"relics":["Ring of the Snake","NeowsBlessing","Ice Cream","Pear","War Paint"],"campfire_meditates":0,"card_choices":[{"not_picked":["Skewer","Flying Knee"],"picked":"Bane"},{"not_picked":["Caltrops","Terror"],"picked":"Prepared"},{"not_picked":["Dash","Well Laid Plans"],"picked":"Escape Plan"},{"not_picked":["Prepared","Terror"],"picked":"Catalyst"},{"not_picked":["Sucker Punch","Acrobatics"],"picked":"Choke"},{"not_picked":["PiercingWail","Dagger Spray"],"picked":"Dash"}],"player_experience":30300,"potions_floor_usage":[8,8,14,16],"damage_taken":[{"damage":0,"enemies":"Small Slimes","floor":1,"turns":1},{"damage":0,"enemies":"Blue Slaver","floor":4,"turns":1},{"damage":0,"enemies":"Cultist","floor":5,"turns":1},{"damage":51,"enemies":"Gremlin Nob","floor":8,"turns":5},{"damage":42,"enemies":"Gremlin Gang","floor":11,"turns":8},{"damage":17,"enemies":"Exordium Thugs","floor":14,"turns":6},{"damage":40,"enemies":"Slime Boss","floor":16,"turns":11}],"event_choices":[{"event_name":"Golden Idol","player_choice":"Ignored","floor":2,"damage_taken":0},{"event_name":"The Woman in Blue","player_choice":"Bought 1 Potion","floor":3,"damage_taken":0},{"event_name":"Wheel of Change","player_choice":"Relic","floor":7,"damage_taken":0},{"event_name":"The Cleric","player_choice":"Healed","floor":10,"damage_taken":0},{"event_name":"Big Fish","player_choice":"Banana","floor":13,"damage_taken":0}],"boss_relics":[],"potions_floor_spawned":[1,4],"seed_played":"7495927997388256295","killed_by":"Slime Boss","is_trial":false}