{"path_per_floor":["M","?","M","M","M","R","?","M","T","M","?","T","?","E","R","B",null,"M","M","$","M","$","R"],"character_chosen":"THE_SILENT","items_purchased":["Mind Blast","Well Laid Plans","Matryoshka"],"gold_per_floor":[212,212,223,234,247,247,247,257,328,340,340,340,340,373,373,476,506,525,545,294,311,58,58],"floor_reached":24,"campfire_rested":3,"playtime":2545,"current_hp_per_floor":[65,65,56,56,29,50,36,36,36,36,36,36,36,25,46,1,75,64,42,42,10,10,32],"items_purged":["Defend_G"],"gold":58,"play_id":"76a28d61-d3d8-4496-8bd9-eaab1a9e20dd","is_prod":false,"is_daily":false,"campfire_rituals":0,"campfire_upgraded":0,"is_hardmode":false,"path_taken":["M","?","?","M","M","R","?","?","T","M","?","?","?","E","R","BOSS","M","M","$","?","$","R","M"],"build_version":"2018-01-18-PROD4","purchased_purges":1,"victory":false,"master_deck":["Defend_G","Defend_G","Defend_G","Defend_G","Strike_G","Strike_G","Strike_G","Strike_G","Strike_G","Survivor","Neutralize","Flechettes","Outmaneuver","Masterful Stab","Die Die Die","Bullet Time","Acrobatics","Prepared","Mind Blast","Well Laid Plans","Burst"],"max_hp_per_floor":[70,70,70,70,70,70,70,70,70,70,70,70,70,70,70,70,75,75,75,75,75,75,75],"relics":["Ring of the Snake","Letter Opener","Bird Faced Urn","Girya","Tiny House","Matryoshka"],"campfire_meditates":0,"card_choices":[{"not_picked":["Poisoned Stab","Infinite Blades"],"picked":"Flechettes"},{"not_picked":["Slice","Poisoned Stab"],"picked":"Outmaneuver"},{"not_picked":["Sucker Punch","Poisoned Stab"],"picked":"Masterful Stab"},{"not_picked":["Dodge and Roll","Riddle With Holes"],"picked":"Die Die Die"},{"not_picked":["After Image","Tools of the Trade"],"picked":"Bullet Time"},{"not_picked":["Backflip","Dagger Spray"],"picked":"Acrobatics"},{"not_picked":["Slice","Sucker Punch"],"picked":"Prepared"},{"not_picked":["Deadly Poison","Acrobatics"],"picked":"Burst"}],"player_experience":27258,"potions_floor_usage":[14,14,16],"damage_taken":[{"damage":5,"enemies":"Cultist","floor":1,"turns":5},{"damage":9,"enemies":"Blue Slaver","floor":3,"turns":7},{"damage":0,"enemies":"Small Slimes","floor":4,"turns":4},{"damage":27,"enemies":"Gremlin Gang","floor":5,"turns":6},{"damage":0,"enemies":"Looter","floor":8,"turns":2},{"damage":0,"enemies":"3 Louse","floor":10,"turns":1},{"damage":23,"enemies":"Lagavulin","floor":14,"turns":6},{"damage":45,"enemies":"Slime Boss","floor":16,"turns":16},{"damage":11,"enemies":"Spheric Guardian","floor":18,"turns":4},{"damage":22,"enemies":"Shell Parasite","floor":19,"turns":8},{"damage":34,"enemies":"Centurion and Healer","floor":21,"turns":8},{"damage":34,"enemies":"Chosen and Byrds","floor":24,"turns":5}],"event_choices":[{"event_name":"Accursed Blacksmith","player_choice":"Forge","floor":2,"damage_taken":0},{"event_name":"Shining Light","player_choice":"Entered Light","floor":7,"damage_taken":0},{"event_name":"Upgrade Shrine","player_choice":"Upgraded","floor":11,"damage_taken":0},{"event_name":"Fountain of Cleansing","player_choice":"Removed Curse","floor":13,"damage_taken":0}],"boss_relics":[{"not_picked":["Runic Dome","Lizard Tail"],"picked":"Tiny House"}],"potions_floor_spawned":[3,5,8],"seed_played":"-530815117623194083","killed_by":"Chosen and Byrds","is_trial":false}