{"path_per_floor":["M","?","?","M","M","E","R","M","T","?","M","?","M","M","R"],"character_chosen":"THE_SILENT","items_purchased":[],"gold_per_floor":[113,183,183,199,216,242,242,259,259,259,279,279,296,316,316],"floor_reached":16,"campfire_rested":1,"playtime":1064,"current_hp_per_floor":[60,60,65,65,65,66,66,56,56,41,36,36,30,30,52],"items_purged":[],"gold":316,"play_id":"14fad9cb-6e5a-44d9-8620-6e80c535d672","is_prod":false,"is_daily":false,"campfire_rituals":0,"campfire_upgraded":1,"is_hardmode":false,"path_taken":["M","?","?","M","M","E","R","M","T","?","M","?","M","M","R","BOSS"],"build_version":"2018-01-18-PROD4","purchased_purges":0,"victory":false,"master_deck":["Defend_G","Defend_G","Defend_G","Defend_G","Strike_G","Strike_G","Strike_G","Strike_G","Strike_G","Survivor","Neutralize","Predator","Venomology","Flying Knee","Distraction","PiercingWail","A Thousand Cuts","Outmaneuver"],"max_hp_per_floor":[70,70,75,75,75,75,75,75,75,75,75,75,75,75,75],"relics":["Ring of the Snake","Toxic Egg","Mercury Hourglass","Juzu Bracelet"],"campfire_meditates":0,"card_choices":[{"not_picked":["Flying Knee","Terror"],"picked":"Predator"},{"not_picked":["Sucker Punch","Dagger Throw"],"picked":"Venomology"},{"not_picked":["Footwork","Finisher"],"picked":"Flying Knee"},{"not_picked":["Catalyst","Dagger Throw"],"picked":"Distraction"},{"not_picked":["Backflip","Slice"],"picked":"PiercingWail"},{"not_picked":["Dagger Throw","Sucker Punch"],"picked":"A Thousand Cuts"},{"not_picked":["Eviscerate","Crippling Poison"],"picked":"Outmaneuver"}],"player_experience":22230,"potions_floor_usage":[6,6,6,8,13,14,16,16,16],"damage_taken":[{"damage":10,"enemies":"Jaw Worm","floor":1,"turns":11},{"damage":0,"enemies":"2 Louse","floor":4,"turns":2},{"damage":0,"enemies":"Small Slimes","floor":5,"turns":3},{"damage":14,"enemies":"3 Sentries","floor":6,"turns":7},{"damage":10,"enemies":"Exordium Wildlife","floor":8,"turns":3},{"damage":5,"enemies":"3 Louse","floor":11,"turns":2},{"damage":6,"enemies":"Exordium Thugs","floor":13,"turns":3},{"damage":0,"enemies":"Large Slime","floor":14,"turns":4},{"damage":52,"enemies":"The Guardian","floor":16,"turns":10}],"event_choices":[{"event_name":"Golden Wing","player_choice":"Gained Gold","floor":2,"damage_taken":0},{"event_name":"Big Fish","player_choice":"Donut","floor":3,"damage_taken":0},{"event_name":"Shining Light","player_choice":"Entered Light","floor":10,"damage_taken":0},{"event_name":"Purifier","player_choice":"One Purge","floor":12,"damage_taken":0}],"boss_relics":[],"potions_floor_spawned":[1,5,13],"seed_played":"1105180692338711998","killed_by":"The Guardian","is_trial":false}