{"path_per_floor":["M","?","?","?","M","R","M","?","T","R","$","M","E","M","R","B",null,"M","?","M","M","?"],"character_chosen":"THE_SILENT","items_purchased":["Finesse","Venomology"],"gold_per_floor":[119,119,119,98,108,108,128,187,210,210,27,46,80,98,98,203,203,215,215,197,210,135],"floor_reached":23,"campfire_rested":2,"playtime":1567,"current_hp_per_floor":[69,44,30,30,30,30,30,30,30,51,51,51,44,43,64,19,70,41,41,39,1,1],"items_purged":[],"gold":135,"play_id":"3919e789-b9bd-4e8c-acfc-e10ed5ea3240","is_prod":false,"is_daily":false,"campfire_rituals":0,"campfire_upgraded":1,"is_hardmode":false,"path_taken":["M","?","?","?","M","R","M","?","T","R","$","M","E","M","R","BOSS","M","?","M","M","?","E"],"build_version":"2018-01-18-PROD4","purchased_purges":0,"victory":false,"master_deck":["Defend_G","Defend_G","Defend_G","Defend_G","Defend_G","Strike_G","Strike_G","Strike_G","Strike_G","Strike_G","Survivor","Neutralize","Predator","Blur","Finesse","Venomology","Infinite Blades","Riddle With Holes","Phantasmal Killer","Heel Hook","PiercingWail"],"max_hp_per_floor":[70,70,70,70,70,70,70,70,70,70,70,70,70,70,70,70,70,70,70,70,70,70],"relics":["Ring of the Snake","Matryoshka","Paper Crane","Anchor","Gambling Chip","Lizard Tail"],"campfire_meditates":0,"card_choices":[{"not_picked":["Backflip","Finisher"],"picked":"Predator"},{"not_picked":["Calculated Gamble","PiercingWail"],"picked":"Blur"},{"not_picked":["Flying Knee","Predator"],"picked":"Night Terror"},{"not_picked":["Blade Dance","Caltrops"],"picked":"Infinite Blades"},{"not_picked":["Poisoned Stab","Caltrops"],"picked":"Riddle With Holes"},{"not_picked":["Venomology","After Image"],"picked":"Phantasmal Killer"},{"not_picked":["Prepared","All Out Attack"],"picked":"Heel Hook"},{"not_picked":["Quick Slash","Skewer"],"picked":"PiercingWail"}],"player_experience":8098,"potions_floor_usage":[12,12,13,14,16,16,18,20,20,20,21,21],"damage_taken":[{"damage":1,"enemies":"Jaw Worm","floor":1,"turns":5},{"damage":0,"enemies":"Small Slimes","floor":5,"turns":2},{"damage":0,"enemies":"2 Louse","floor":7,"turns":2},{"damage":0,"enemies":"Large Slime","floor":12,"turns":4},{"damage":7,"enemies":"Gremlin Nob","floor":13,"turns":5},{"damage":1,"enemies":"3 Louse","floor":14,"turns":2},{"damage":45,"enemies":"The Guardian","floor":16,"turns":12},{"damage":29,"enemies":"Spheric Guardian","floor":18,"turns":5},{"damage":2,"enemies":"2 Thieves","floor":20,"turns":4},{"damage":38,"enemies":"Chosen and Byrds","floor":21,"turns":7},{"damage":41,"enemies":"Slavers","floor":23,"turns":3}],"event_choices":[{"event_name":"Scrap Ooze","player_choice":"success","floor":2,"damage_taken":25},{"event_name":"Shining Light","player_choice":"Entered Light","floor":3,"damage_taken":0},{"event_name":"World of Goop","player_choice":"Left","floor":4,"damage_taken":0},{"event_name":"Golden Wing","player_choice":"Gained Gold","floor":8,"damage_taken":0},{"event_name":"Upgrade Shrine","player_choice":"Upgraded","floor":19,"damage_taken":0},{"event_name":"Beggar","player_choice":"Gave Gold","floor":22,"damage_taken":0}],"boss_relics":[{"not_picked":["Runic Dome","Cursed Key"],"picked":"Lizard Tail"}],"potions_floor_spawned":[5,7,12,16,18,20],"seed_played":"-5884060462943161026","killed_by":"Slavers","is_trial":false}