{"path_per_floor":["M","?","?","M","$","R","M","M","T","R","M","M","T","M","R","B",null,"M","$","?","?","M","E","M","M","T","M","R","M","R","M","R","B",null,"M","M","?","$","M","M","?","M","T","$","?","R","$","M","R","B"],"character_chosen":"THE_SILENT","items_purchased":["Bouncing Flask","Master of Strategy","Blur","Lantern","Vajra"],"gold_per_floor":[112,112,112,128,19,19,37,56,80,80,91,107,107,121,121,222,222,234,32,32,32,47,73,85,96,96,107,107,122,122,140,140,237,237,251,269,269,230,249,261,261,274,327,28,28,28,28,47,47,47],"floor_reached":51,"campfire_rested":3,"playtime":4902,"current_hp_per_floor":[70,70,56,51,51,51,33,32,32,53,37,37,37,37,58,21,70,48,48,48,48,49,49,47,49,49,29,29,28,42,34,34,20,49,49,38,38,38,45,20,20,30,30,30,30,30,30,34,34,48],"items_purged":["Regret"],"gold":47,"play_id":"e8856612-12ca-4553-85cd-ff762b125470","is_prod":false,"is_daily":false,"is_ascension_mode":false,"campfire_upgraded":5,"path_taken":["M","?","?","M","$","R","M","M","T","R","?","?","?","M","R","BOSS","M","$","?","?","M","E","?","M","T","?","R","M","R","M","R","BOSS","M","M","?","$","M","M","?","M","T","$","?","R","?","M","R","BOSS"],"build_version":"2018-01-25-PROD3","purchased_purges":1,"victory":true,"master_deck":["Defend_G","Defend_G+1","Defend_G","Defend_G","Survivor","Neutralize+1","Reflex","Bullet Time+1","Flying Knee","Bouncing Flask","Acrobatics+1","Quick Slash+1","Escape Plan","Prepared","Backflip","Wraith Form+1","Dagger Spray","Backflip","Terror+1","Deflect","Predator+1","Master of Strategy+1","Bite_G","Bite_G","Bite_G","Bite_G","Bite_G","Adrenaline","Blur","Burst+1","Outmaneuver+1"],"max_hp_per_floor":[70,70,70,70,70,70,70,70,70,70,70,70,70,70,70,70,70,70,70,49,49,49,49,49,49,49,49,49,49,49,49,49,49,49,49,49,49,49,49,49,49,49,49,49,49,49,49,49,49,49],"relics":["Ring of the Snake","Matryoshka","Bag of Marbles","Whetstone","Toxic Egg","Kunai","Orrery","Pantograph","Tough Bandages","White Beast Statue","Orichalcum","Lantern","Vajra"],"card_choices":[{"not_picked":["Bane","Deadly Poison"],"picked":"Reflex"},{"not_picked":["Dagger Spray","Slice"],"picked":"Bullet Time"},{"not_picked":["Malaise","Riddle With Holes"],"picked":"Flying Knee"},{"not_picked":["Dagger Spray","Prepared"],"picked":"Acrobatics"},{"not_picked":["Blade Dance","PiercingWail"],"picked":"Quick Slash"},{"not_picked":["Flying Knee","Bouncing Flask"],"picked":"Escape Plan"},{"not_picked":["Adrenaline","Deadly Poison"],"picked":"Prepared"},{"not_picked":["Deflect","Dash"],"picked":"Backflip"},{"not_picked":["Unload","Tactician"],"picked":"Wraith Form"},{"not_picked":["Dagger Throw","Outmaneuver"],"picked":"Dagger Spray"},{"not_picked":["Dodge and Roll","Dagger Throw"],"picked":"Backflip"},{"not_picked":["Bane","Phantasmal Killer"],"picked":"Terror"},{"not_picked":["PiercingWail","Skewer"],"picked":"Deflect"},{"not_picked":["Masterful Stab","Sucker Punch"],"picked":"Predator"},{"not_picked":["Glass Knife","Bullet Time"],"picked":"Adrenaline"},{"not_picked":["Deadly Poison","Outmaneuver"],"picked":"Burst"},{"not_picked":["Quick Slash","Blur"],"picked":"Outmaneuver"}],"player_experience":67694,"potions_floor_usage":[7,16,18,24,24,29,35,39,40,42,50,50],"damage_taken":[{"damage":0,"enemies":"Small Slimes","floor":1,"turns":5},{"damage":5,"enemies":"Jaw Worm","floor":4,"turns":5},{"damage":18,"enemies":"Blue Slaver","floor":7,"turns":4},{"damage":1,"enemies":"2 Fungi Beasts","floor":8,"turns":4},{"damage":16,"enemies":"Exordium Thugs","floor":11,"turns":6},{"damage":0,"enemies":"Looter","floor":12,"turns":1},{"damage":0,"enemies":"Red Slaver","floor":14,"turns":2},{"damage":37,"enemies":"Slime Boss","floor":16,"turns":11},{"damage":22,"enemies":"3 Byrds","floor":18,"turns":7},{"damage":0,"enemies":"Chosen","floor":22,"turns":2},{"damage":2,"enemies":"Gremlin Leader","floor":23,"turns":5},{"damage":4,"enemies":"Centurion and Healer","floor":24,"turns":4},{"damage":0,"enemies":"Snake Plant","floor":25,"turns":3},{"damage":28,"enemies":"Sentry and Sphere","floor":27,"turns":5},{"damage":17,"enemies":"Centurion and Healer","floor":29,"turns":6},{"damage":16,"enemies":"Snecko","floor":31,"turns":4},{"damage":61,"enemies":"Collector","floor":33,"turns":16},{"damage":1,"enemies":"Orb Walker","floor":35,"turns":3},{"damage":17,"enemies":"3 Shapes","floor":36,"turns":4},{"damage":19,"enemies":"3 Darklings","floor":39,"turns":14},{"damage":37,"enemies":"Sphere and 2 Shapes","floor":40,"turns":10},{"damage":0,"enemies":"Maw","floor":42,"turns":7},{"damage":2,"enemies":"4 Shapes","floor":48,"turns":6},{"damage":21,"enemies":"Awakened One","floor":50,"turns":19}],"event_choices":[{"event_name":"Big Fish","player_choice":"Box","floor":2,"damage_taken":0},{"event_name":"Shining Light","player_choice":"Entered Light","floor":3,"damage_taken":0},{"event_name":"Vampires","player_choice":"Became a vampire","floor":20,"damage_taken":0},{"event_name":"Drug Dealer","player_choice":"Ignored","floor":21,"damage_taken":0},{"event_name":"Tomb of Lord Red Mask","player_choice":"Ignored","floor":37,"damage_taken":0},{"event_name":"Mysterious Sphere","player_choice":"Ignore","floor":41,"damage_taken":0}],"boss_relics":[{"not_picked":["The Specimen","Cursed Key"],"picked":"Orrery"},{"not_picked":["Runic Pyramid","Velvet Choker"],"picked":"White Beast Statue"}],"potions_floor_spawned":[1,8,12,14,18,23,27,33,35,36,39,40,42,48],"seed_played":"-6596777489810403513","ascension_level":0,"is_trial":false}