{"path_per_floor":["M","?","?","M","M","R","M","$","T","R","?","?","M","M","R","B",null,"M","?","M","$","?","R","E","R","T","M","M","?","M","M","R","B",null,"M","M","?","M","M","M","R","M","T","M","$","R","M","?","R"],"character_chosen":"THE_SILENT","items_purchased":["Ice Cream"],"gold_per_floor":[111,111,111,125,139,139,154,79,128,128,303,378,392,406,406,508,508,508,423,423,37,37,37,37,37,37,37,37,37,37,37,37,37,37,37,37,0,0,0,0,0,0,0,0,0,0,0,0,0],"floor_reached":50,"campfire_rested":3,"playtime":5505,"current_hp_per_floor":[70,75,75,75,71,71,65,65,65,65,65,54,54,54,54,12,75,75,75,75,75,75,75,75,75,75,75,75,75,75,75,75,75,75,62,62,62,55,55,7,29,29,29,26,26,48,45,45,67],"items_purged":["Strike_G","Doubt"],"gold":0,"play_id":"4aa0020d-1567-4353-9fa1-30929df1e143","is_prod":false,"is_daily":false,"is_ascension_mode":false,"campfire_upgraded":6,"path_taken":["M","?","?","?","M","R","M","$","T","R","?","?","M","M","R","BOSS","M","?","M","$","?","R","E","R","T","?","M","?","M","M","R","BOSS","M","M","?","?","M","M","R","M","T","M","$","R","M","?","R","BOSS"],"build_version":"2018-01-25-PROD3","purchased_purges":2,"victory":false,"master_deck":["Defend_G+1","Defend_G+1","Defend_G+1","Defend_G+1","Strike_G+1","Strike_G+1","Strike_G+1","Strike_G+1","Survivor","Neutralize+1","Backflip+1","Dagger Spray","Terror+1","Deflect+1","Dagger Throw","Footwork+1","Acrobatics+1","Tools of the Trade+1","Underhanded Strike","Distraction+1","Escape Plan+1","Prepared","Escape Plan+1","Glass Knife","Escape Plan+1","Footwork+1"],"max_hp_per_floor":[70,75,75,75,75,75,75,75,75,75,75,75,75,75,75,75,75,75,75,75,75,75,75,75,75,75,75,75,75,75,75,75,75,75,75,75,75,75,75,75,75,75,75,75,75,75,75,75,75],"relics":["Ring of the Snake","Toxic Egg","Ectoplasm","Anchor","Ice Cream","Calipers","Oddly Smooth Stone","Red Mask","Bag of Preparation"],"card_choices":[{"not_picked":["Escape Plan","Dagger Throw"],"picked":"Dagger Spray"},{"not_picked":["Escape Plan","Heel Hook"],"picked":"Terror"},{"not_picked":["Sucker Punch","Slice"],"picked":"Deflect"},{"not_picked":["Sucker Punch","Bane"],"picked":"Dagger Throw"},{"not_picked":["Dagger Throw","PiercingWail"],"picked":"Footwork"},{"not_picked":["Dodge and Roll","Terror"],"picked":"Acrobatics"},{"not_picked":["Tactician","Burst"],"picked":"Tools of the Trade"},{"not_picked":["PiercingWail","Deadly Poison"],"picked":"Underhanded Strike"},{"not_picked":["Poisoned Stab","Dagger Spray"],"picked":"Distraction"},{"not_picked":["Quick Slash","Choke"],"picked":"Escape Plan"},{"not_picked":["Deflect","Dagger Spray"],"picked":"Prepared"},{"not_picked":["Venomology","Night Terror"],"picked":"Glass Knife"},{"not_picked":["Dagger Spray","Heel Hook"],"picked":"Escape Plan"}],"player_experience":61176,"potions_floor_usage":[7,20,24,33,35,40,40,40,50],"damage_taken":[{"damage":0,"enemies":"Jaw Worm","floor":1,"turns":4},{"damage":0,"enemies":"Small Slimes","floor":4,"turns":3},{"damage":4,"enemies":"Blue Slaver","floor":5,"turns":3},{"damage":6,"enemies":"Large Slime","floor":7,"turns":8},{"damage":0,"enemies":"3 Louse","floor":13,"turns":3},{"damage":0,"enemies":"Gremlin Gang","floor":14,"turns":5},{"damage":42,"enemies":"Slime Boss","floor":16,"turns":19},{"damage":0,"enemies":"Shell Parasite","floor":18,"turns":6},{"damage":0,"enemies":"Chosen","floor":20,"turns":8},{"damage":0,"enemies":"Book of Stabbing","floor":24,"turns":6},{"damage":0,"enemies":"Snecko","floor":27,"turns":4},{"damage":0,"enemies":"Snake Plant","floor":28,"turns":4},{"damage":0,"enemies":"3 Cultists","floor":30,"turns":6},{"damage":0,"enemies":"Centurion and Healer","floor":31,"turns":5},{"damage":0,"enemies":"Automaton","floor":33,"turns":16},{"damage":16,"enemies":"3 Shapes","floor":35,"turns":4},{"damage":0,"enemies":"Orb Walker","floor":36,"turns":5},{"damage":7,"enemies":"3 Darklings","floor":38,"turns":5},{"damage":0,"enemies":"Maw","floor":39,"turns":10},{"damage":60,"enemies":"4 Shapes","floor":40,"turns":5},{"damage":0,"enemies":"3 Darklings","floor":42,"turns":7},{"damage":3,"enemies":"Sphere and 2 Shapes","floor":44,"turns":8},{"damage":3,"enemies":"4 Shapes","floor":47,"turns":8},{"damage":87,"enemies":"Time Eater","floor":50,"turns":25}],"event_choices":[{"event_name":"Big Fish","player_choice":"Donut","floor":2,"damage_taken":0},{"event_name":"Living Wall","player_choice":"Grow","floor":3,"damage_taken":0},{"event_name":"Liars Game","player_choice":"agreed","floor":11,"damage_taken":0},{"event_name":"World of Goop","player_choice":"Gather Gold","floor":12,"damage_taken":0},{"event_name":"Addict","player_choice":"Obtained Relic","floor":19,"damage_taken":0},{"event_name":"Back to Basics","player_choice":"Simplicity","floor":22,"damage_taken":0},{"event_name":"The Library","player_choice":"Read","floor":29,"damage_taken":0},{"event_name":"Tomb of Lord Red Mask","player_choice":"Paid","floor":37,"damage_taken":0},{"event_name":"Duplicator","player_choice":"One dupe","floor":48,"damage_taken":0}],"boss_relics":[{"not_picked":["Snecko Eye","Calling Bell"],"picked":"Ectoplasm"},{"not_picked":["Velvet Choker","Runic Dome","The Specimen"]}],"potions_floor_spawned":[4,5,7,18,28,35,38,39,40],"seed_played":"-3112660989689037820","killed_by":"Time Eater","ascension_level":0,"is_trial":false}