{"path_per_floor":["M","?","$","M","?","R","E","R","T","?","E","M","M","?","R","B",null,"M","?","M","?","$","R","M","R","T","R","$","M","$","M","R","B",null,"M","?","?","?","$","E","?","M","T","M","$","R","$","M","R"],"character_chosen":"THE_SILENT","items_purchased":["Apotheosis","Shuriken","Acrobatics"],"gold_per_floor":[117,292,20,31,31,31,59,59,109,168,195,209,224,224,224,323,323,340,340,352,352,2,2,21,21,76,76,22,32,32,47,47,146,146,165,165,0,0,0,35,35,50,50,66,66,66,66,86,86],"floor_reached":50,"campfire_rested":6,"playtime":2973,"current_hp_per_floor":[70,70,70,70,70,70,68,68,68,38,35,35,35,23,44,42,70,48,32,8,8,8,29,14,35,37,58,58,47,47,31,53,22,76,72,72,72,72,72,74,80,80,80,74,74,74,74,42,67],"items_purged":["Doubt","Decay"],"gold":86,"play_id":"03f1e2d4-ce6e-4319-91cd-ddd816aa05c1","is_prod":false,"is_daily":false,"is_ascension_mode":false,"campfire_upgraded":3,"path_taken":["M","?","$","M","?","R","E","R","T","?","E","M","?","?","R","BOSS","M","?","M","?","$","R","M","R","T","R","?","M","$","M","R","BOSS","M","?","?","?","$","E","?","M","T","?","?","R","$","?","R","BOSS"],"build_version":"2018-02-01-PROD3","purchased_purges":2,"victory":false,"master_deck":["Defend_G","Defend_G","Defend_G","Defend_G","Defend_G","Strike_G","Strike_G","Strike_G","Strike_G","Survivor","Neutralize","Apotheosis+1","Backflip","Terror","Noxious Fumes+1","Flying Knee","Wraith Form","Escape Plan","Acrobatics","Burst","Unload","Writhe","Bane+1","Distraction+1"],"max_hp_per_floor":[70,70,70,70,70,70,70,70,70,70,70,70,70,70,70,70,70,70,70,70,70,70,70,70,70,72,72,72,74,74,76,76,76,76,78,78,78,78,78,80,80,80,80,82,82,82,82,84,84],"relics":["Ring of the Snake","Ice Cream","Prayer Wheel","Du-Vu Doll","Paper Crane","Gremlin Horn","Philosopher\u0027s Stone","Nilry\u0027s Codex","Shuriken","Singing Bowl","Sozu","Red Mask","Bag of Preparation","Sundial"],"card_choices":[{"not_picked":["Sucker Punch","Dagger Throw"],"picked":"Backflip"},{"not_picked":["Catalyst","Prepared"],"picked":"Terror"},{"not_picked":["Underhanded Strike","Deadly Poison"],"picked":"Noxious Fumes"},{"not_picked":["Accuracy","Finisher"],"picked":"Flying Knee"},{"not_picked":["Tactician","Corpse Explosion"],"picked":"Wraith Form"},{"not_picked":["Masterful Stab","Accuracy"],"picked":"Escape Plan"},{"not_picked":["A Thousand Cuts","Wraith Form"],"picked":"Burst"},{"not_picked":["Deadly Poison","Caltrops"],"picked":"Bane"},{"not_picked":["Sucker Punch","Poisoned Stab"],"picked":"Distraction"}],"player_experience":92206,"potions_floor_usage":[11,16,18,18,24,29,33],"damage_taken":[{"damage":0,"enemies":"Jaw Worm","floor":1,"turns":3},{"damage":0,"enemies":"2 Louse","floor":4,"turns":1},{"damage":2,"enemies":"Lagavulin","floor":7,"turns":11},{"damage":30,"enemies":"Gremlin Nob","floor":10,"turns":5},{"damage":3,"enemies":"3 Sentries","floor":11,"turns":3},{"damage":0,"enemies":"Cultist","floor":12,"turns":3},{"damage":0,"enemies":"Looter","floor":13,"turns":3},{"damage":2,"enemies":"Hexaghost","floor":16,"turns":8},{"damage":22,"enemies":"3 Byrds","floor":18,"turns":3},{"damage":24,"enemies":"Spheric Guardian","floor":20,"turns":5},{"damage":15,"enemies":"Slaver and Parasite","floor":24,"turns":5},{"damage":13,"enemies":"Snake Plant","floor":29,"turns":5},{"damage":18,"enemies":"Snecko","floor":31,"turns":5},{"damage":31,"enemies":"Automaton","floor":33,"turns":9},{"damage":6,"enemies":"Orb Walker","floor":35,"turns":4},{"damage":0,"enemies":"Giant Head","floor":40,"turns":7},{"damage":0,"enemies":"3 Shapes","floor":42,"turns":4},{"damage":8,"enemies":"Maw","floor":44,"turns":6},{"damage":34,"enemies":"3 Darklings","floor":48,"turns":5},{"damage":74,"enemies":"Donu and Deca","floor":50,"turns":7}],"event_choices":[{"event_name":"Liars Game","player_choice":"agreed","floor":2,"damage_taken":0},{"event_name":"The Cleric","player_choice":"Leave","floor":5,"damage_taken":0},{"event_name":"Dead Adventurer","player_choice":"Searched \u00271\u0027 times","floor":10,"damage_taken":0},{"event_name":"Scrap Ooze","player_choice":"success","floor":14,"damage_taken":12},{"event_name":"Cursed Tome","player_choice":"Obtained Book","floor":19,"damage_taken":0},{"event_name":"Forgotten Altar","player_choice":"Smashed Altar","floor":21,"damage_taken":0},{"event_name":"Tomb of Lord Red Mask","player_choice":"Paid","floor":37,"damage_taken":0},{"event_name":"Transmorgrifier","player_choice":"Transform","floor":38,"damage_taken":0},{"event_name":"Winding Halls","player_choice":"Writhe","floor":41,"damage_taken":0}],"boss_relics":[{"not_picked":["Eternal Feather","Velvet Choker"],"picked":"Philosopher\u0027s Stone"},{"not_picked":["Orrery","Question Card"],"picked":"Sozu"}],"potions_floor_spawned":[10,11,12,13,16,24,42,48],"seed_played":"8748006618094709957","killed_by":"Donu and Deca","ascension_level":0,"is_trial":false}