{"path_per_floor":["M","?","$","?","?","R","E","R","T","E","R","M","$","M","R","B",null,"M","?","?","?","?","E","$","M","T","M","M","M","M","M","R"],"character_chosen":"THE_SILENT","items_purchased":["Noxious Fumes","Blur","Noxious Fumes"],"gold_per_floor":[118,368,223,223,223,223,280,280,280,309,309,323,80,92,92,190,190,200,115,115,115,115,148,23,34,61,80,93,112,132,150,150],"floor_reached":33,"campfire_rested":1,"playtime":1779,"current_hp_per_floor":[70,70,70,70,56,56,56,56,56,56,56,56,56,56,56,45,70,70,70,70,70,61,31,31,31,38,21,18,18,2,2,41],"items_purged":["Regret","Strike_G","Strike_G"],"gold":150,"play_id":"730152b1-d9de-47c5-917c-3407167f79d7","is_prod":false,"is_daily":false,"is_ascension_mode":false,"campfire_upgraded":4,"path_taken":["M","?","$","?","?","R","E","R","T","E","R","M","$","M","R","BOSS","M","?","?","?","?","E","$","M","T","M","M","?","M","M","R","BOSS"],"build_version":"2018-01-25-PROD3","purchased_purges":3,"victory":false,"master_deck":["Defend_G","Defend_G","Defend_G","Defend_G+1","Defend_G","Strike_G","Strike_G","Strike_G","Survivor+1","Neutralize+1","Leg Sweep","Noxious Fumes+1","Bane+1","Prepared","Blur","Noxious Fumes+1","Outmaneuver","Backflip","Backstab+1","Bouncing Flask","Skewer+1","Prepared+1","Footwork","Backflip+1","Deflect"],"max_hp_per_floor":[70,70,70,70,70,70,70,70,70,70,70,70,70,70,70,70,70,70,70,70,70,75,75,75,75,82,82,82,82,82,82,82],"relics":["Ring of the Snake","NeowsBlessing","Happy Flower","Tiny Chest","Regal Pillow","Anchor","Sozu","Ice Cream","Girya","Strawberry"],"card_choices":[{"not_picked":["Quick Slash","PiercingWail"],"picked":"Leg Sweep"},{"not_picked":["Dagger Spray","Dash"],"picked":"Bane"},{"not_picked":["Underhanded Strike","Slice"],"picked":"Prepared"},{"not_picked":["Dodge and Roll","Prepared"],"picked":"Outmaneuver"},{"not_picked":["Prepared","Dagger Throw"],"picked":"Backstab"},{"not_picked":["Skewer","Bane"],"picked":"Bouncing Flask"},{"not_picked":["Deflect","Quick Slash"],"picked":"Skewer"},{"not_picked":["Deadly Poison","Choke"],"picked":"Prepared"},{"not_picked":["Blur","Reflex"],"picked":"Footwork"},{"not_picked":["Underhanded Strike","Dodge and Roll"],"picked":"Backflip"},{"not_picked":["Prepared","Acrobatics"],"picked":"Deflect"}],"player_experience":88806,"potions_floor_usage":[],"damage_taken":[{"damage":0,"enemies":"Small Slimes","floor":1,"turns":1},{"damage":0,"enemies":"Gremlin Nob","floor":7,"turns":1},{"damage":0,"enemies":"3 Sentries","floor":10,"turns":1},{"damage":0,"enemies":"Blue Slaver","floor":12,"turns":4},{"damage":0,"enemies":"Jaw Worm","floor":14,"turns":3},{"damage":11,"enemies":"Hexaghost","floor":16,"turns":10},{"damage":0,"enemies":"Spheric Guardian","floor":18,"turns":6},{"damage":30,"enemies":"Slavers","floor":23,"turns":6},{"damage":0,"enemies":"Chosen","floor":25,"turns":6},{"damage":17,"enemies":"Centurion and Healer","floor":27,"turns":6},{"damage":3,"enemies":"Slaver and Parasite","floor":28,"turns":6},{"damage":0,"enemies":"Snake Plant","floor":29,"turns":4},{"damage":16,"enemies":"Snecko","floor":30,"turns":4},{"damage":0,"enemies":"3 Cultists","floor":31,"turns":5},{"damage":55,"enemies":"Champ","floor":33,"turns":11}],"event_choices":[{"event_name":"Golden Shrine","player_choice":"Desecrate","floor":2,"damage_taken":0},{"event_name":"Wheel of Change","player_choice":"Relic","floor":4,"damage_taken":0},{"event_name":"Shining Light","player_choice":"Entered Light","floor":5,"damage_taken":0},{"event_name":"Addict","player_choice":"Obtained Relic","floor":19,"damage_taken":0},{"event_name":"The Library","player_choice":"Read","floor":20,"damage_taken":0},{"event_name":"Drug Dealer","player_choice":"Ignored","floor":21,"damage_taken":0},{"event_name":"Forgotten Altar","player_choice":"Shed Blood","floor":22,"damage_taken":0}],"boss_relics":[{"not_picked":["Velvet Choker","The Specimen"],"picked":"Sozu"}],"potions_floor_spawned":[10,12,16,18,23,29],"seed_played":"-9086129126218970705","killed_by":"Champ","ascension_level":0,"is_trial":false}