{"path_per_floor":["M","?","$","?","M","R","M","T","T","R","M","M","M","E","R","B",null,"M","?","M","M","M","R","E","M","T","?","R","M","M","?","R"],"character_chosen":"THE_SILENT","items_purchased":["Dramatic Entrance"],"gold_per_floor":[117,117,25,25,40,40,51,77,77,77,94,107,121,146,146,244,244,258,258,268,287,301,301,331,348,423,423,423,435,450,375,375],"floor_reached":33,"campfire_rested":0,"playtime":2091,"current_hp_per_floor":[70,70,70,56,56,56,56,56,56,56,56,56,56,49,49,20,70,60,60,60,47,40,40,40,38,38,38,38,38,42,42,42],"items_purged":[],"gold":375,"play_id":"0b0f833d-2ab2-4c8d-9379-d630fcbaedd8","is_prod":false,"is_daily":false,"is_ascension_mode":false,"campfire_upgraded":3,"path_taken":["M","?","$","?","?","R","?","?","T","R","M","M","M","E","R","BOSS","M","?","M","M","?","R","E","M","T","?","R","M","M","?","R","BOSS"],"build_version":"2018-01-25-PROD3","purchased_purges":0,"victory":false,"master_deck":["Defend_G","Defend_G+1","Defend_G","Defend_G","Defend_G","Strike_G","Strike_G","Strike_G+1","Strike_G","Survivor","Neutralize","Acrobatics","Dramatic Entrance","Backflip+1","Deflect","Noxious Fumes+1","Choke","Bane","Glass Knife","Injury","Writhe","Writhe","Dagger Spray","Footwork","Prepared","Bullet Time+1","Writhe","Deflect+1"],"max_hp_per_floor":[70,70,70,70,70,70,70,70,70,70,70,70,70,70,70,70,70,70,70,70,70,70,70,70,70,70,70,70,70,70,70,70],"relics":["Ring of the Snake","NeowsBlessing","Oddly Smooth Stone","Shovel","Snake Skull","Happy Flower","Du-Vu Doll","Calling Bell","Meat on the Bone","Ancient Tea Set","Bag of Preparation","Vajra","Kunai","Toolbox","Bag of Marbles"],"card_choices":[{"not_picked":["Bane","PiercingWail"],"picked":"Acrobatics"},{"not_picked":["Choke","Calculated Gamble"],"picked":"Backflip"},{"not_picked":["Dodge and Roll","Dagger Throw"],"picked":"Deflect"},{"not_picked":["Caltrops","Bouncing Flask"],"picked":"Noxious Fumes"},{"not_picked":["Noxious Fumes","PiercingWail"],"picked":"Choke"},{"not_picked":["Choke","Dagger Throw"],"picked":"Bane"},{"not_picked":["Doppelganger","Wraith Form"],"picked":"Glass Knife"},{"not_picked":["Backflip","Acrobatics"],"picked":"Dagger Spray"},{"not_picked":["Flying Knee","Prepared"],"picked":"Footwork"},{"not_picked":["PiercingWail","Backflip"],"picked":"Prepared"},{"not_picked":["Terror","Flying Knee"],"picked":"Bullet Time"},{"not_picked":["Underhanded Strike","Slice"],"picked":"Deflect"}],"player_experience":59085,"potions_floor_usage":[12,13,14,16,22,25,25,30,33],"damage_taken":[{"damage":0,"enemies":"2 Louse","floor":1,"turns":1},{"damage":0,"enemies":"Blue Slaver","floor":5,"turns":1},{"damage":0,"enemies":"Jaw Worm","floor":7,"turns":1},{"damage":0,"enemies":"3 Louse","floor":11,"turns":4},{"damage":0,"enemies":"Exordium Thugs","floor":12,"turns":3},{"damage":0,"enemies":"Lots of Slimes","floor":13,"turns":3},{"damage":7,"enemies":"Gremlin Nob","floor":14,"turns":4},{"damage":29,"enemies":"The Guardian","floor":16,"turns":9},{"damage":10,"enemies":"Shell Parasite","floor":18,"turns":4},{"damage":0,"enemies":"3 Byrds","floor":20,"turns":3},{"damage":25,"enemies":"Snake Plant","floor":21,"turns":5},{"damage":22,"enemies":"Centurion and Healer","floor":22,"turns":8},{"damage":12,"enemies":"Gremlin Leader","floor":24,"turns":5},{"damage":2,"enemies":"Sentry and Sphere","floor":25,"turns":6},{"damage":0,"enemies":"Snake Plant","floor":29,"turns":2},{"damage":8,"enemies":"Slaver and Parasite","floor":30,"turns":5},{"damage":42,"enemies":"Collector","floor":33,"turns":8}],"event_choices":[{"event_name":"The Lab","player_choice":"Got Potions","floor":2,"damage_taken":0},{"event_name":"Shining Light","player_choice":"Entered Light","floor":4,"damage_taken":0},{"event_name":"Cursed Tome","player_choice":"Ignored","floor":19,"damage_taken":0},{"event_name":"The Mausoleum","player_choice":"Yes","floor":27,"damage_taken":0},{"event_name":"Beggar","player_choice":"Gave Gold","floor":31,"damage_taken":0}],"boss_relics":[{"not_picked":["Runic Pyramid","Philosopher\u0027s Stone"],"picked":"Calling Bell"}],"potions_floor_spawned":[7,11,13,16,21,22,25,29],"seed_played":"-2247192081202863920","killed_by":"Collector","ascension_level":0,"is_trial":false}