{"path_per_floor":["M","M","$","M","?","R","$","R","T","M","M","$","?","M","R","B",null,"M","?","?","M","M","R"],"character_chosen":"THE_SILENT","items_purchased":["Backflip","Blade Dance"],"gold_per_floor":[113,123,70,89,89,89,14,14,14,30,53,14,14,30,30,154,154,175,175,175,161,181,181],"floor_reached":24,"campfire_rested":1,"playtime":1019,"current_hp_per_floor":[61,61,61,59,59,59,59,59,59,54,42,42,42,42,42,19,65,45,45,45,23,13,32],"items_purged":["Strike_G"],"gold":181,"score":188,"play_id":"274dd632-a9f9-4b14-a44a-64673e2c4cbd","is_prod":false,"is_daily":false,"is_ascension_mode":false,"campfire_upgraded":3,"path_taken":["M","?","$","M","?","R","$","R","T","M","M","?","?","M","R","BOSS","M","?","?","?","M","R","E"],"build_version":"2018-02-08-PROD1","purchased_purges":1,"victory":false,"master_deck":["Defend_G","Defend_G","Defend_G","Defend_G","Defend_G","Strike_G","Strike_G","Strike_G","Strike_G","Survivor","Neutralize","Night Terror+1","Accuracy+1","Cloak And Dagger+1","Backflip","Deflect","Backflip","Blade Dance","Storm of Steel","Acrobatics+1","Leg Sweep"],"max_hp_per_floor":[70,70,70,70,65,65,65,65,65,65,65,65,65,65,65,65,65,65,65,65,65,65,65],"relics":["Ring of the Snake","Golden Idol","Ice Cream","Sozu"],"card_choices":[{"not_picked":["Flying Knee","Outmaneuver"],"picked":"Accuracy"},{"not_picked":["Deflect","Finisher"],"picked":"Cloak And Dagger"},{"not_picked":["Prepared","Skewer"],"picked":"Deflect"},{"not_picked":["Deadly Poison","Envenom"],"picked":"Backflip"},{"not_picked":["After Image","Tools of the Trade"],"picked":"Storm of Steel"},{"not_picked":["Bouncing Flask","Cloak And Dagger"],"picked":"Acrobatics"},{"not_picked":["Quick Slash","Blur"],"picked":"Leg Sweep"}],"player_experience":104398,"potions_floor_usage":[16],"damage_taken":[{"damage":9,"enemies":"Blue Slaver","floor":1,"turns":8},{"damage":0,"enemies":"Cultist","floor":2,"turns":4},{"damage":2,"enemies":"Small Slimes","floor":4,"turns":4},{"damage":5,"enemies":"Exordium Wildlife","floor":10,"turns":6},{"damage":12,"enemies":"Exordium Thugs","floor":11,"turns":5},{"damage":0,"enemies":"Large Slime","floor":14,"turns":5},{"damage":23,"enemies":"Hexaghost","floor":16,"turns":12},{"damage":20,"enemies":"Spheric Guardian","floor":18,"turns":4},{"damage":22,"enemies":"2 Thieves","floor":21,"turns":5},{"damage":10,"enemies":"Centurion and Healer","floor":22,"turns":5},{"damage":33,"enemies":"Slavers","floor":24,"turns":5}],"event_choices":[{"event_name":"Golden Idol","player_choice":"Lose Max HP","floor":5,"damage_taken":0},{"event_name":"The Cleric","player_choice":"Leave","floor":13,"damage_taken":0},{"event_name":"Vampires","player_choice":"Ignored","floor":19,"damage_taken":0},{"event_name":"Drug Dealer","player_choice":"Ignored","floor":20,"damage_taken":0}],"boss_relics":[{"not_picked":["Question Card","Eternal Feather"],"picked":"Sozu"}],"potions_floor_spawned":[4,10,14,16,21,22],"seed_played":"1679691974997774566","killed_by":"Slavers","ascension_level":0,"is_trial":false}