{"path_per_floor":["M","?","?","?","M","M","E","?","T","?","R","M","M","$","R","B",null,"M","M","M","$"],"character_chosen":"THE_SILENT","items_purchased":["Accuracy","Backflip","Apotheosis","Acrobatics"],"gold_per_floor":[111,211,211,211,221,234,264,234,283,263,263,283,298,134,134,230,230,219,237,247,13],"floor_reached":22,"campfire_rested":1,"playtime":870,"current_hp_per_floor":[58,58,51,51,51,44,35,35,35,35,56,56,56,56,56,37,70,64,56,44,44],"items_purged":["Defend_G"],"gold":13,"score":205,"play_id":"e5eb298e-a1f3-47f9-b5d2-0afbe127ff94","is_prod":false,"is_daily":false,"is_ascension_mode":true,"campfire_upgraded":1,"path_taken":["M","?","?","?","?","M","E","?","T","?","R","?","M","?","R","BOSS","M","M","M","$","M"],"build_version":"2018-02-08-PROD1","purchased_purges":1,"victory":false,"master_deck":["Defend_G","Defend_G","Defend_G","Defend_G","Strike_G","Strike_G+1","Strike_G","Strike_G+1","Survivor","Neutralize","Storm of Steel+1","Escape Plan","A Thousand Cuts","Accuracy","Backflip","Envenom","Accuracy","Cloak And Dagger","Footwork+1","Apotheosis","Acrobatics"],"max_hp_per_floor":[70,70,70,70,70,70,70,70,70,70,70,70,70,70,70,70,70,70,70,70,70],"relics":["Ring of the Snake","Meat on the Bone","Tough Bandages","Whetstone","White Beast Statue"],"card_choices":[{"not_picked":["Outmaneuver","Riddle With Holes"],"picked":"Escape Plan"},{"not_picked":["Riddle With Holes","Deadly Poison"],"picked":"A Thousand Cuts"},{"not_picked":["Tactician","Wraith Form"],"picked":"Envenom"},{"not_picked":["Poisoned Stab","Deflect"],"picked":"Accuracy"},{"not_picked":["Deadly Poison","Flying Knee"],"picked":"Cloak And Dagger"},{"not_picked":["Accuracy","Expertise"],"picked":"Footwork"}],"player_experience":118693,"potions_floor_usage":[20,20,22],"damage_taken":[{"damage":12,"enemies":"Blue Slaver","floor":1,"turns":6},{"damage":0,"enemies":"Small Slimes","floor":5,"turns":3},{"damage":7,"enemies":"2 Louse","floor":6,"turns":2},{"damage":21,"enemies":"Gremlin Nob","floor":7,"turns":5},{"damage":0,"enemies":"Looter","floor":12,"turns":3},{"damage":0,"enemies":"Red Slaver","floor":13,"turns":4},{"damage":31,"enemies":"Slime Boss","floor":16,"turns":7},{"damage":6,"enemies":"2 Thieves","floor":18,"turns":4},{"damage":8,"enemies":"Chosen","floor":19,"turns":6},{"damage":24,"enemies":"Snake Plant","floor":20,"turns":6},{"damage":58,"enemies":"Cultist and Chosen","floor":22,"turns":4}],"event_choices":[{"event_name":"Golden Shrine","player_choice":"Pray","floor":2,"damage_taken":0},{"event_name":"Golden Wing","player_choice":"Card Removal","floor":3,"damage_taken":0},{"event_name":"Wheel of Change","player_choice":"Relic","floor":4,"damage_taken":0},{"event_name":"World of Goop","player_choice":"Left","floor":8,"damage_taken":0},{"event_name":"The Woman in Blue","player_choice":"Bought 1 Potion","floor":10,"damage_taken":0}],"boss_relics":[{"not_picked":["Ectoplasm","Orrery"],"picked":"White Beast Statue"}],"potions_floor_spawned":[5,18,19,20],"seed_played":"8872320832004011877","killed_by":"Cultist and Chosen","ascension_level":2,"is_trial":false}