{"path_per_floor":["M","$","M","$","?","R","?","M","T","M","M","M","M","T","R","B",null,"M","M","M","?","?","R","M","$","T","M","$","$"],"character_chosen":"THE_SILENT","items_purchased":["Deflect","Apotheosis"],"gold_per_floor":[115,15,26,26,26,26,26,40,40,52,69,85,98,98,98,203,203,191,204,216,216,216,216,230,39,39,53,53,53],"floor_reached":30,"campfire_rested":0,"playtime":1554,"current_hp_per_floor":[84,81,79,79,72,72,56,53,53,53,53,52,51,51,51,13,81,79,61,53,53,53,53,4,4,11,7,7,7],"items_purged":["Parasite"],"gold":53,"play_id":"cbe51113-ae80-4312-aebc-98b46b96dc83","is_prod":false,"is_daily":false,"is_ascension_mode":false,"campfire_upgraded":3,"path_taken":["M","$","M","$","?","R","?","?","T","?","M","M","M","?","R","BOSS","M","M","M","?","?","R","M","?","T","?","?","$","M"],"build_version":"2018-02-01-PROD3","purchased_purges":1,"victory":false,"master_deck":["Defend_G","Defend_G","Defend_G","Defend_G+1","Defend_G","Strike_G","Strike_G","Strike_G","Strike_G","Survivor","Neutralize+1","Acrobatics","Deflect","Backstab+1","Predator+1","Acrobatics","Backstab+1","Blur","Adrenaline","Outmaneuver","Flying Knee+1","Cloak And Dagger+1","Apotheosis","Noxious Fumes"],"max_hp_per_floor":[84,81,81,81,81,81,81,81,81,81,81,81,81,81,81,81,81,81,81,81,81,81,81,81,81,88,88,88,88],"relics":["Ring of the Snake","Mango","Bottled Flame","Black Star","Shuriken","Nloth\u0027s Gift","Strawberry"],"card_choices":[{"not_picked":["PiercingWail","Choke"],"picked":"Acrobatics"},{"not_picked":["Eviscerate","Finisher"],"picked":"Backstab"},{"not_picked":["Prepared","Cloak And Dagger"],"picked":"Predator"},{"not_picked":["Deflect","Distraction"],"picked":"Acrobatics"},{"not_picked":["Quick Slash","Prepared"],"picked":"Backstab"},{"not_picked":["Eviscerate","Bane"],"picked":"Blur"},{"not_picked":["Envenom","Venomology"],"picked":"Adrenaline"},{"not_picked":["Dash","Quick Slash"],"picked":"Outmaneuver"},{"not_picked":["Outmaneuver","Malaise"],"picked":"Flying Knee"},{"not_picked":["Malaise","Acrobatics"],"picked":"Cloak And Dagger"},{"not_picked":["Venomology","Infinite Blades"],"picked":"Noxious Fumes"}],"player_experience":96857,"potions_floor_usage":[16,16,27,27,27],"damage_taken":[{"damage":0,"enemies":"Small Slimes","floor":1,"turns":4},{"damage":2,"enemies":"Cultist","floor":3,"turns":5},{"damage":3,"enemies":"Jaw Worm","floor":8,"turns":3},{"damage":0,"enemies":"3 Louse","floor":10,"turns":2},{"damage":0,"enemies":"Looter","floor":11,"turns":3},{"damage":1,"enemies":"Exordium Thugs","floor":12,"turns":4},{"damage":1,"enemies":"Lots of Slimes","floor":13,"turns":3},{"damage":38,"enemies":"The Guardian","floor":16,"turns":14},{"damage":2,"enemies":"2 Thieves","floor":18,"turns":4},{"damage":18,"enemies":"3 Byrds","floor":19,"turns":7},{"damage":8,"enemies":"Snecko","floor":20,"turns":5},{"damage":49,"enemies":"Cultist and Chosen","floor":24,"turns":8},{"damage":13,"enemies":"Snake Plant","floor":27,"turns":4},{"damage":11,"enemies":"Chosen and Byrds","floor":30,"turns":4}],"event_choices":[{"event_name":"Golden Wing","player_choice":"Card Removal","floor":5,"damage_taken":0},{"event_name":"Shining Light","player_choice":"Entered Light","floor":7,"damage_taken":0},{"event_name":"The Mausoleum","player_choice":"Yes","floor":21,"damage_taken":0},{"event_name":"N\u0027loth","player_choice":"Traded a Unceasing Top","floor":22,"damage_taken":0}],"boss_relics":[{"not_picked":["Snecko Eye","Question Card"],"picked":"Black Star"}],"potions_floor_spawned":[3,10,13,16,20],"seed_played":"553688751229846327","killed_by":"Chosen and Byrds","ascension_level":0,"is_trial":false}