{"path_per_floor":["M","M","?","?","?","R","E","R","T","E","M","M","R","M","R","B",null,"M","T","?","M","T","R","E","$","T","R","?","M","M","E","R","B",null,"M","?","M","?","?","R","M","R","T","M","M","M","$"],"character_chosen":"THE_SILENT","items_purchased":["Terror","Noxious Fumes","Torii","Bandage Up"],"gold_per_floor":[112,132,132,207,207,207,239,239,239,299,318,334,334,351,351,454,454,467,549,549,561,561,561,589,49,76,76,76,89,107,140,140,243,243,257,257,275,0,0,0,16,16,16,31,46,66,66],"floor_reached":48,"campfire_rested":3,"playtime":1639,"current_hp_per_floor":[68,66,66,55,55,55,51,51,51,45,38,34,55,50,50,8,70,63,63,63,59,59,59,27,27,27,48,48,52,28,32,53,24,70,48,48,41,41,65,65,56,56,56,40,34,14,14],"items_purged":[],"gold":66,"score":501,"play_id":"b954ff2d-1784-4e73-bc0d-48cc254f682d","is_prod":false,"is_daily":false,"is_ascension_mode":true,"campfire_upgraded":5,"path_taken":["M","M","?","?","?","R","E","R","T","E","?","M","R","M","R","BOSS","M","?","?","M","?","R","E","$","T","R","?","M","?","E","R","BOSS","M","?","M","?","?","R","M","R","T","?","M","M","$","M"],"build_version":"2018-02-22-PROD2","purchased_purges":1,"victory":false,"master_deck":["Defend_G+1","Defend_G+1","Defend_G+1","Defend_G+1","Strike_G+1","Strike_G+1","Strike_G+1","Strike_G+1","Strike_G+1","Survivor","Neutralize+1","Backflip+1","Predator+1","Footwork+1","Flying Knee","Acrobatics","Die Die Die","Injury","Writhe","PiercingWail+1","Venomology","Terror","Noxious Fumes+1","Bandage Up","Leg Sweep+1","Caltrops+1","Escape Plan","Adrenaline","Backstab+1","Writhe","Dash+1","Blur+1"],"max_hp_per_floor":[70,70,70,70,70,70,70,70,70,70,70,70,70,70,70,70,70,70,70,70,70,70,70,70,70,70,70,70,70,70,70,70,70,70,70,70,70,70,76,76,76,76,76,76,76,76,76],"relics":["Ring of the Snake","Unceasing Top","Du-Vu Doll","Tiny Chest","Calling Bell","Bronze Scales","Shuriken","Mummified Hand","Letter Opener","Peace Pipe","Sundial","Torii","Dream Catcher","Darkstone Periapt","The Specimen","Red Mask","Ginger"],"card_choices":[{"not_picked":["Prepared","PiercingWail"],"picked":"Backflip"},{"not_picked":["Bane","Acrobatics"],"picked":"Predator"},{"not_picked":["Dash","Caltrops"],"picked":"Footwork"},{"not_picked":["Expertise","Choke"],"picked":"Flying Knee"},{"not_picked":["Bane","Tactician"],"picked":"Acrobatics"},{"not_picked":["Tactician","Glass Knife"],"picked":"Die Die Die"},{"not_picked":["Cloak And Dagger","Expertise"],"picked":"PiercingWail"},{"not_picked":["Well Laid Plans","Slice"],"picked":"Venomology"},{"not_picked":["Dagger Spray","Cloak And Dagger"],"picked":"Leg Sweep"},{"not_picked":["Cloak And Dagger","Flying Knee"],"picked":"Caltrops"},{"not_picked":["Bane","Deadly Poison"],"picked":"Escape Plan"},{"not_picked":["Storm of Steel","A Thousand Cuts"],"picked":"Adrenaline"},{"not_picked":["Dodge and Roll","Deadly Poison"],"picked":"Backstab"},{"not_picked":["Endless Agony","Phantasmal Killer"],"picked":"Dash"},{"not_picked":["All Out Attack","Poisoned Stab"],"picked":"Blur"}],"player_experience":215412,"potions_floor_usage":[7,10,14,16,29,30,31,31,33,33,33,37,41,45,45],"damage_taken":[{"damage":2,"enemies":"Jaw Worm","floor":1,"turns":5},{"damage":2,"enemies":"Cultist","floor":2,"turns":4},{"damage":4,"enemies":"Gremlin Nob","floor":7,"turns":4},{"damage":6,"enemies":"Lagavulin","floor":10,"turns":8},{"damage":7,"enemies":"Small Slimes","floor":11,"turns":3},{"damage":4,"enemies":"2 Fungi Beasts","floor":12,"turns":3},{"damage":5,"enemies":"Large Slime","floor":14,"turns":6},{"damage":42,"enemies":"Hexaghost","floor":16,"turns":16},{"damage":7,"enemies":"3 Byrds","floor":18,"turns":2},{"damage":4,"enemies":"Chosen","floor":21,"turns":4},{"damage":32,"enemies":"Slavers","floor":24,"turns":4},{"damage":0,"enemies":"Centurion and Healer","floor":29,"turns":6},{"damage":24,"enemies":"Snake Plant","floor":30,"turns":3},{"damage":0,"enemies":"Book of Stabbing","floor":31,"turns":4},{"damage":33,"enemies":"Automaton","floor":33,"turns":11},{"damage":26,"enemies":"3 Darklings","floor":35,"turns":5},{"damage":11,"enemies":"3 Shapes","floor":37,"turns":3},{"damage":13,"enemies":"Sphere and 2 Shapes","floor":41,"turns":5},{"damage":16,"enemies":"4 Shapes","floor":44,"turns":3},{"damage":10,"enemies":"Maw","floor":45,"turns":7},{"damage":24,"enemies":"Sphere and 2 Shapes","floor":46,"turns":5},{"damage":19,"enemies":"3 Darklings","floor":48,"turns":2}],"event_choices":[{"event_name":"Accursed Blacksmith","player_choice":"Ignore","floor":3,"damage_taken":0},{"event_name":"World of Goop","player_choice":"Gather Gold","floor":4,"damage_taken":0},{"event_name":"Living Wall","player_choice":"Grow","floor":5,"damage_taken":0},{"event_name":"Back to Basics","player_choice":"Simplicity","floor":20,"damage_taken":0},{"event_name":"Addict","player_choice":"Ignored","floor":28,"damage_taken":0},{"event_name":"Tomb of Lord Red Mask","player_choice":"Paid","floor":38,"damage_taken":0},{"event_name":"Winding Halls","player_choice":"Writhe","floor":39,"damage_taken":0}],"boss_relics":[{"not_picked":["Tiny House","Runic Dome"],"picked":"Calling Bell"},{"not_picked":["Pandora\u0027s Box","Snecko Eye"],"picked":"The Specimen"}],"potions_floor_spawned":[10,12,29,30,31,33,35,37,41,44],"seed_played":"3015490271436423886","killed_by":"3 Darklings","ascension_level":2,"is_trial":false}