{"path_per_floor":["M","M","$","M","M","R","M","R","T","R","$","M","E","M","R","B",null,"M","?","$","?","M","R","E","M","T","R","?","E","$","M","R"],"character_chosen":"THE_SILENT","items_purchased":["Backstab","Cloak And Dagger","Blur","Caltrops","Noxious Fumes"],"gold_per_floor":[112,122,54,67,86,86,101,101,101,101,55,66,99,117,117,219,219,232,232,21,21,32,32,57,67,147,147,72,102,25,35,35,35],"floor_reached":33,"campfire_rested":2,"playtime":1057,"current_hp_per_floor":[70,70,70,70,70,70,70,70,70,70,70,70,66,62,62,28,60,60,60,60,60,60,60,31,18,18,39,39,17,17,11,32,0],"items_purged":["Strike_G"],"gold":35,"score":359,"play_id":"e3e158c8-d4da-45c9-a885-0e234090f20a","local_time":"20180417133245","is_prod":false,"is_daily":false,"chose_seed":false,"is_ascension_mode":true,"campfire_upgraded":5,"timestamp":1523964765,"path_taken":["M","M","$","M","?","R","M","R","T","R","$","M","E","M","R","BOSS","M","?","$","?","M","R","E","?","T","R","?","E","$","M","R","BOSS"],"build_version":"2018-04-12","seed_source_timestamp":784320770200845,"purchased_purges":1,"victory":false,"master_deck":["Defend_G","Defend_G","Defend_G","Defend_G","Strike_G","Strike_G","Strike_G","Strike_G","Survivor","Neutralize+1","Quick Slash","Dagger Spray","Backstab+1","Well Laid Plans","Caltrops+1","Cloak And Dagger","Skewer","Bouncing Flask+1","Die Die Die+1","Blur","Caltrops","Terror+1","Glass Knife","Decay","Quick Slash+1","PiercingWail+1","Noxious Fumes","Footwork"],"max_hp_per_floor":[70,70,70,70,70,70,70,70,70,70,70,70,70,70,70,70,70,70,70,70,70,70,70,70,70,70,70,70,70,70,70,70,70],"relics":["Ring of the Snake","Dream Catcher","Cursed Key","Nloth\u0027s Gift","Torii","Molten Egg 2","Centennial Puzzle"],"card_choices":[{"not_picked":["Slice","All Out Attack"],"picked":"Quick Slash","floor":1},{"not_picked":["Masterful Stab","Acrobatics"],"picked":"Dagger Spray","floor":2},{"not_picked":["Bane","Dodge and Roll"],"picked":"Well Laid Plans","floor":4},{"not_picked":["Underhanded Strike","Masterful Stab"],"picked":"Caltrops","floor":7},{"not_picked":["Poisoned Stab","Dagger Throw"],"picked":"Skewer","floor":12},{"not_picked":["Reflex","Underhanded Strike"],"picked":"Bouncing Flask","floor":14},{"not_picked":["Envenom","Tools of the Trade"],"picked":"Die Die Die","floor":16},{"not_picked":["Sucker Punch","Malaise"],"picked":"Terror","floor":22},{"not_picked":["Phantasmal Killer","Dagger Spray"],"picked":"Glass Knife","floor":24},{"not_picked":["Setup","Skewer"],"picked":"Quick Slash","floor":27},{"not_picked":["Slice","Crippling Poison"],"picked":"PiercingWail","floor":29},{"not_picked":["Deadly Poison","Terror"],"picked":"Footwork","floor":32}],"player_experience":302900,"potions_floor_usage":[5,13,13,22,24,29,31,33],"damage_taken":[{"damage":0,"enemies":"Cultist","floor":1,"turns":4},{"damage":0,"enemies":"2 Louse","floor":2,"turns":2},{"damage":0,"enemies":"Small Slimes","floor":4,"turns":2},{"damage":0,"enemies":"Looter","floor":5,"turns":2},{"damage":0,"enemies":"Red Slaver","floor":7,"turns":3},{"damage":0,"enemies":"2 Fungi Beasts","floor":12,"turns":3},{"damage":4,"enemies":"Lagavulin","floor":13,"turns":6},{"damage":4,"enemies":"Blue Slaver","floor":14,"turns":3},{"damage":46,"enemies":"The Guardian","floor":16,"turns":8},{"damage":0,"enemies":"3 Byrds","floor":18,"turns":3},{"damage":0,"enemies":"Spheric Guardian","floor":22,"turns":3},{"damage":35,"enemies":"Slavers","floor":24,"turns":3},{"damage":13,"enemies":"Centurion and Healer","floor":25,"turns":5},{"damage":22,"enemies":"Book of Stabbing","floor":29,"turns":5},{"damage":6,"enemies":"Cultist and Chosen","floor":31,"turns":4},{"damage":62,"enemies":"Automaton","floor":33,"turns":6}],"event_choices":[{"event_name":"The Lab","player_choice":"Got Potions","floor":19,"damage_taken":0},{"event_name":"N\u0027loth","player_choice":"Traded a Meat on the Bone","floor":21,"damage_taken":0},{"event_name":"Beggar","player_choice":"Gave Gold","floor":28,"damage_taken":0}],"boss_relics":[{"not_picked":["Orrery","Snecko Eye"],"picked":"Cursed Key"}],"potions_floor_spawned":[4,7,12,13,18,29,31],"seed_played":"-7810400007825793547","killed_by":"Automaton","ascension_level":5,"is_trial":false}