{"path_per_floor":["M","M","?","?","M","R","?","E","T","M","R","$","M","M","R","B",null,"M","?","?","M","M","R"],"character_chosen":"THE_SILENT","items_purchased":["Bandage Up"],"gold_per_floor":[112,125,75,75,88,88,150,175,175,186,186,11,31,45,45,146,146,156,71,71,84,95,95,95],"floor_reached":24,"campfire_rested":1,"playtime":820,"current_hp_per_floor":[70,69,69,69,69,69,69,46,46,45,45,45,47,49,49,45,64,70,70,70,40,14,35,0],"items_purged":["Strike_G"],"gold":95,"score":248,"play_id":"af40917d-bfd5-426d-b1d7-22ccd20ef8a9","local_time":"20180419120155","is_prod":false,"is_daily":false,"chose_seed":false,"is_ascension_mode":true,"campfire_upgraded":3,"timestamp":1524132115,"path_taken":["M","M","?","?","M","R","?","E","T","M","R","$","?","M","R","BOSS","M","?","?","M","?","R","E"],"build_version":"2018-04-12","seed_source_timestamp":951904625339570,"purchased_purges":1,"victory":false,"master_deck":["Defend_G","Defend_G","Defend_G","Defend_G","Strike_G","Strike_G","Strike_G","Survivor","Neutralize","Cloak And Dagger","Bullet Time+1","Predator+1","Dagger Spray","Bandage Up+1","Terror","Quick Slash","Envenom","Writhe","Choke+1","Backflip"],"max_hp_per_floor":[70,70,70,70,70,70,70,70,70,70,70,70,70,70,70,70,70,70,70,70,70,70,70,70],"relics":["Ring of the Snake","Meat on the Bone","Snake Skull","Sozu","Smiling Mask","Molten Egg 2"],"card_choices":[{"not_picked":["Caltrops","Setup"],"picked":"Cloak And Dagger","floor":1.0},{"not_picked":["All Out Attack","Reflex"],"picked":"Predator","floor":5.0},{"not_picked":["Underhanded Strike","Dagger Throw"],"picked":"Dagger Spray","floor":10.0},{"not_picked":["Finisher","Deflect"],"picked":"Terror","floor":13.0},{"not_picked":["PiercingWail","Prepared"],"picked":"Quick Slash","floor":14.0},{"not_picked":["Storm of Steel","Burst"],"picked":"Envenom","floor":16.0},{"not_picked":["Dagger Spray","Slice"],"picked":"Choke","floor":21},{"not_picked":["Outmaneuver","Blur"],"picked":"Backflip","floor":22}],"player_experience":305076,"potions_floor_usage":[],"damage_taken":[{"damage":0.0,"enemies":"Jaw Worm","floor":1.0,"turns":4.0},{"damage":1.0,"enemies":"2 Louse","floor":2.0,"turns":3.0},{"damage":0.0,"enemies":"Cultist","floor":5.0,"turns":5.0},{"damage":23.0,"enemies":"Lagavulin","floor":8.0,"turns":8.0},{"damage":1.0,"enemies":"Exordium Wildlife","floor":10.0,"turns":4.0},{"damage":2.0,"enemies":"Exordium Thugs","floor":13.0,"turns":4.0},{"damage":2.0,"enemies":"Large Slime","floor":14.0,"turns":5.0},{"damage":22.0,"enemies":"The Guardian","floor":16.0,"turns":12.0},{"damage":0.0,"enemies":"Chosen","floor":18.0,"turns":4.0},{"damage":30,"enemies":"2 Thieves","floor":21,"turns":4},{"damage":44,"enemies":"Chosen and Byrds","floor":22,"turns":5},{"damage":45,"enemies":"Gremlin Leader","floor":24,"turns":6}],"event_choices":[{"event_name":"The Cleric","player_choice":"Card Removal","floor":3.0,"damage_taken":0.0},{"event_name":"Transmorgrifier","player_choice":"Transform","floor":4.0,"damage_taken":0.0},{"event_name":"Golden Wing","player_choice":"Gained Gold","floor":7.0,"damage_taken":0.0},{"event_name":"Addict","player_choice":"Obtained Relic","floor":19.0,"damage_taken":0.0},{"event_name":"The Mausoleum","player_choice":"Yes","floor":20.0,"damage_taken":0.0}],"boss_relics":[],"potions_floor_spawned":[1,2,14,18],"seed_played":"6899747474027447330","killed_by":"Gremlin Leader","ascension_level":5,"is_trial":false}