{"path_per_floor":["M","?","?","M","M","R","$","M","T","R","M","E","$","E","R","B",null,"M","?","M","M","T","R","M","R","T","M","R","M","?","M","R"],"character_chosen":"THE_SILENT","items_purchased":["Flying Knee","Outmaneuver"],"gold_per_floor":[11,11,11,22,38,38,12,32,32,32,50,85,60,91,91,191,191,191,191,191,191,191,191,191,191,191,191,191,191,191,191,191,191],"floor_reached":33,"campfire_rested":3,"playtime":1119,"current_hp_per_floor":[70,70,70,66,66,66,66,66,66,66,66,64,64,38,59,17,57,43,43,37,22,22,43,40,40,40,35,35,23,23,17,38,0],"items_purged":[],"gold":191,"score":324,"play_id":"980dbef9-421d-462e-b3d8-df8f71ee4bab","local_time":"20180418122907","is_prod":false,"is_daily":false,"chose_seed":false,"is_ascension_mode":true,"campfire_upgraded":4,"timestamp":1524047347,"path_taken":["M","?","?","M","M","R","$","?","T","R","M","E","$","E","R","BOSS","M","?","?","M","?","R","M","R","T","M","R","M","?","M","R","BOSS"],"build_version":"2018-04-12","seed_source_timestamp":866850807143494,"purchased_purges":0,"victory":false,"master_deck":["Defend_G","Defend_G","Defend_G","Defend_G","Strike_G","Strike_G","Strike_G","Strike_G","Survivor","Neutralize+1","PiercingWail","Cloak And Dagger+1","Flying Knee","Blur","Outmaneuver","Caltrops+1","Burst","Noxious Fumes+1","Dagger Spray+1","Bouncing Flask","Footwork"],"max_hp_per_floor":[70,70,70,70,70,70,70,70,70,70,70,70,70,70,70,70,70,70,70,70,70,70,70,70,70,70,70,70,70,70,70,70,70],"relics":["Ring of the Snake","Ninja Scroll","Tough Bandages","Oddly Smooth Stone","Ectoplasm","Bronze Scales","Mercury Hourglass"],"card_choices":[{"not_picked":["Dodge and Roll","Dagger Throw"],"picked":"PiercingWail","floor":1},{"not_picked":["Riddle With Holes","Sucker Punch"],"picked":"Cloak And Dagger","floor":4},{"not_picked":["Endless Agony","Distraction"],"picked":"Blur","floor":11},{"not_picked":["Reflex","Outmaneuver"],"picked":"Caltrops","floor":14},{"not_picked":["Grand Finale","Night Terror"],"picked":"Burst","floor":16},{"not_picked":["Cloak And Dagger","Caltrops"],"picked":"Noxious Fumes","floor":18},{"not_picked":["Dodge and Roll","Expertise"],"picked":"Dagger Spray","floor":20},{"not_picked":["Flying Knee","Infinite Blades"],"picked":"Bouncing Flask","floor":29},{"not_picked":["Prepared","Grand Finale"],"picked":"Footwork","floor":31}],"player_experience":303957,"potions_floor_usage":[14,20,21,24,24,31],"damage_taken":[{"damage":0,"enemies":"Small Slimes","floor":1,"turns":3},{"damage":4,"enemies":"Jaw Worm","floor":4,"turns":4},{"damage":0,"enemies":"2 Louse","floor":5,"turns":3},{"damage":0,"enemies":"Red Slaver","floor":8,"turns":3},{"damage":0,"enemies":"2 Fungi Beasts","floor":11,"turns":4},{"damage":2,"enemies":"Lagavulin","floor":12,"turns":8},{"damage":26,"enemies":"Gremlin Nob","floor":14,"turns":5},{"damage":42,"enemies":"Hexaghost","floor":16,"turns":16},{"damage":14,"enemies":"Spheric Guardian","floor":18,"turns":6},{"damage":6,"enemies":"Chosen","floor":20,"turns":7},{"damage":15,"enemies":"Snake Plant","floor":21,"turns":6},{"damage":3,"enemies":"Snecko","floor":24,"turns":6},{"damage":5,"enemies":"Centurion and Healer","floor":27,"turns":5},{"damage":12,"enemies":"Snake Plant","floor":29,"turns":3},{"damage":6,"enemies":"Slaver and Parasite","floor":31,"turns":5},{"damage":40,"enemies":"Champ","floor":33,"turns":10}],"event_choices":[{"event_name":"Liars Game","player_choice":"disagreed","floor":2,"damage_taken":0},{"event_name":"Accursed Blacksmith","player_choice":"Ignore","floor":3,"damage_taken":0},{"event_name":"Golden Shrine","player_choice":"Pray","floor":19,"damage_taken":0},{"event_name":"The Woman in Blue","player_choice":"Bought 0 Potions","floor":30,"damage_taken":0}],"boss_relics":[{"not_picked":["Orrery","Calling Bell"],"picked":"Ectoplasm"}],"potions_floor_spawned":[8,11,12,16,20,24,29],"seed_played":"6131107014831119357","killed_by":"Champ","ascension_level":5,"is_trial":false}