{"path_per_floor":["M","?","?","$","T","R","M","?","T","?","R","M","R","?","R","B",null,"M","M","?","M","$","R","E","R","T","R","?","M","R","E","R","B",null,"M","?","?","$","M","R","M","M","T","R","T","?","R","M","R","B"],"character_chosen":"THE_SILENT","items_purchased":["Backflip","Noxious Fumes","Dexterity Potion"],"gold_per_floor":[109,109,184,57,57,57,72,133,156,156,156,174,174,139,139,242,242,255,273,273,288,64,64,97,97,97,97,12,23,23,57,57,160,190,203,203,203,203,220,220,240,252,252,252,252,0,0,16,16,16],"floor_reached":51,"campfire_rested":5,"playtime":1693,"current_hp_per_floor":[68,54,43,43,43,43,43,24,24,24,45,45,45,62,62,51,65,58,48,48,36,36,57,40,40,40,40,40,42,63,51,73,8,63,56,58,58,58,58,82,84,79,79,79,79,79,79,81,81,80],"items_purged":["Strike_G","Strike_G"],"gold":16,"score":849,"play_id":"99534269-5789-480c-9056-7b4ab6c9bf7c","local_time":"20180420105331","is_prod":false,"is_daily":false,"chose_seed":false,"is_ascension_mode":true,"campfire_upgraded":8,"timestamp":1524214411,"path_taken":["M","?","?","$","?","R","M","?","T","?","R","M","R","?","R","BOSS","M","M","?","M","$","R","E","R","T","R","?","M","R","E","R","BOSS","M","?","?","$","M","R","M","M","T","R","?","?","R","M","R","BOSS"],"build_version":"2018-04-19","seed_source_timestamp":1033345588567548,"purchased_purges":2,"victory":true,"master_deck":["Defend_G","Defend_G+1","Defend_G+1","Defend_G+1","Defend_G+1","Strike_G","Strike_G","Survivor+1","Neutralize+1","Outmaneuver","Backflip+1","Flying Knee+1","Bouncing Flask+1","Envenom+1","Leg Sweep+1","Noxious Fumes+1","Die Die Die+1","Noxious Fumes+1","Backflip+1"],"max_hp_per_floor":[70,70,70,70,70,70,70,70,70,70,70,70,70,70,70,70,70,70,70,70,70,70,70,70,70,70,70,70,72,72,74,74,74,79,79,81,81,81,83,83,85,87,87,87,87,87,87,89,89,89],"relics":["Ring of the Snake","Juzu Bracelet","Vajra","War Paint","Anchor","Velvet Choker","Bag of Preparation","Snake Skull","Singing Bowl","Happy Flower","Tiny House","Ornamental Fan","Bag of Marbles","Red Mask"],"card_choices":[{"not_picked":["Bane","Eviscerate"],"picked":"Outmaneuver","floor":1},{"not_picked":["Deflect","Slice"],"picked":"Flying Knee","floor":7},{"not_picked":["Acrobatics","Masterful Stab"],"picked":"Bouncing Flask","floor":8},{"not_picked":["Doppelganger","Night Terror"],"picked":"Envenom","floor":16},{"not_picked":["Endless Agony","Dodge and Roll"],"picked":"Leg Sweep","floor":21},{"not_picked":["Adrenaline","Bullet Time"],"picked":"Die Die Die","floor":33},{"not_picked":["Slice","Flechettes"],"picked":"Noxious Fumes","floor":34},{"not_picked":["Acrobatics","Well Laid Plans"],"picked":"Backflip","floor":35}],"player_experience":307014,"potions_floor_usage":[8,18,24,24,31,35,50,50,50],"damage_taken":[{"damage":2,"enemies":"Jaw Worm","floor":1,"turns":7},{"damage":0,"enemies":"Small Slimes","floor":7,"turns":3},{"damage":19,"enemies":"Lagavulin Event","floor":8,"turns":11},{"damage":0,"enemies":"Cultist","floor":12,"turns":3},{"damage":11,"enemies":"The Guardian","floor":16,"turns":10},{"damage":7,"enemies":"Shell Parasite","floor":18,"turns":4},{"damage":10,"enemies":"Spheric Guardian","floor":19,"turns":5},{"damage":12,"enemies":"Centurion and Healer","floor":21,"turns":7},{"damage":17,"enemies":"Slavers","floor":24,"turns":7},{"damage":0,"enemies":"Snake Plant","floor":29,"turns":4},{"damage":14,"enemies":"Gremlin Leader","floor":31,"turns":6},{"damage":65,"enemies":"Champ","floor":33,"turns":10},{"damage":7,"enemies":"3 Darklings","floor":35,"turns":4},{"damage":2,"enemies":"Orb Walker","floor":39,"turns":3},{"damage":0,"enemies":"Maw","floor":41,"turns":6},{"damage":7,"enemies":"3 Darklings","floor":42,"turns":4},{"damage":0,"enemies":"Sphere and 2 Shapes","floor":48,"turns":3},{"damage":16,"enemies":"Awakened One","floor":50,"turns":18}],"event_choices":[{"event_name":"Shining Light","player_choice":"Entered Light","floor":2,"damage_taken":0},{"event_name":"World of Goop","player_choice":"Gather Gold","floor":3,"damage_taken":0},{"event_name":"Dead Adventurer","player_choice":"Searched \u00272\u0027 times","floor":8,"damage_taken":0},{"event_name":"The Lab","player_choice":"Got Potions","floor":10,"damage_taken":0},{"event_name":"The Cleric","player_choice":"Healed","floor":14,"damage_taken":0},{"event_name":"Drug Dealer","player_choice":"Ignored","floor":20,"damage_taken":0},{"event_name":"Addict","player_choice":"Obtained Relic","floor":28,"damage_taken":0},{"event_name":"SensoryStone","player_choice":"Memory 1","floor":36,"damage_taken":0},{"event_name":"Purifier","player_choice":"One Purge","floor":37,"damage_taken":0},{"event_name":"Tomb of Lord Red Mask","player_choice":"Paid","floor":46,"damage_taken":0}],"boss_relics":[{"not_picked":["Eternal Feather","Snecko Eye"],"picked":"Velvet Choker"},{"not_picked":["Astrolabe","Philosopher\u0027s Stone"],"picked":"Tiny House"}],"potions_floor_spawned":[7,8,12,21,24,31,39,42],"seed_played":"2090913721991564900","ascension_level":5,"is_trial":false}