{"path_per_floor":["M","?","M","M","$","R","?","R","T","R","E","?","?","M","R","B",null,"M","$","M","$","?","R","M","M","T","R","M","?","T","M","R"],"character_chosen":"THE_SILENT","items_purchased":["Tools of the Trade","Ninja Scroll"],"gold_per_floor":[117,117,137,152,74,74,133,133,133,133,158,158,108,129,129,250,250,275,33,48,48,48,48,68,93,117,117,141,41,95,120,120,120],"floor_reached":33,"campfire_rested":3,"playtime":3503,"current_hp_per_floor":[70,70,58,58,58,58,29,50,50,50,33,33,33,31,53,5,74,65,65,62,62,62,62,35,30,30,30,24,24,24,17,39,0],"items_purged":[],"gold":120,"score":245,"play_id":"9b61c67f-f590-4aee-a0c6-d5bc2fa1f283","local_time":"20180325045640","is_prod":false,"is_daily":false,"is_ascension_mode":false,"campfire_upgraded":4,"timestamp":1521968200,"path_taken":["M","?","M","M","$","R","?","R","T","R","E","?","?","?","R","BOSS","M","$","M","$","?","R","M","M","T","R","M","?","?","M","R","BOSS"],"build_version":"2018-03-22v2","purchased_purges":0,"victory":false,"master_deck":["Defend_G","Defend_G","Defend_G","Defend_G","Defend_G","Strike_G","Strike_G","Strike_G","Survivor","Neutralize","Escape Plan","Calculated Gamble","Prepared","Blade Dance+1","Tools of the Trade","Adrenaline+1","Well Laid Plans","Phantasmal Killer","Quick Slash","Reflex","Storm of Steel+1","Infinite Blades+1","Prepared","Expertise","Cloak And Dagger","Quick Slash","Distraction","Backflip+1","After Image+1","Prepared+1","J.A.X.","Footwork","Blur"],"max_hp_per_floor":[70,70,70,70,70,70,70,70,70,70,80,74,74,74,74,74,74,74,74,74,74,74,74,74,74,74,74,74,74,74,74,74,74],"relics":["Ring of the Snake","Dream Catcher","Sundial","Pear","Golden Idol","Orrery","Ninja Scroll","Happy Flower","Juzu Bracelet"],"card_choices":[{"not_picked":["Eviscerate","Poisoned Stab"],"picked":"Escape Plan","floor":1},{"not_picked":["Poisoned Stab","Malaise"],"picked":"Prepared","floor":3},{"not_picked":["Crippling Poison","Accuracy"],"picked":"Blade Dance","floor":4},{"not_picked":["Bane","Outmaneuver"],"picked":"Adrenaline","floor":7},{"not_picked":["Prepared","Underhanded Strike"],"picked":"Well Laid Plans","floor":8},{"not_picked":["Well Laid Plans","Caltrops"],"picked":"Phantasmal Killer","floor":11},{"not_picked":["PiercingWail","Poisoned Stab"],"picked":"Quick Slash","floor":14},{"not_picked":["Calculated Gamble","Prepared"],"picked":"Reflex","floor":15},{"not_picked":["Corpse Explosion","Glass Knife"],"picked":"Storm of Steel","floor":16},{"not_picked":["Bane","Terror"],"picked":"Infinite Blades","floor":17},{"not_picked":["Deadly Poison","Flying Knee"],"picked":"Prepared","floor":17},{"not_picked":["Dodge and Roll","Endless Agony"],"picked":"Expertise","floor":17},{"not_picked":["Quick Slash","Dash"],"picked":"Cloak And Dagger","floor":17},{"not_picked":["Acrobatics","Terror"],"picked":"Quick Slash","floor":17},{"not_picked":["Eviscerate","Predator"],"picked":"Distraction","floor":18},{"not_picked":["Bane","Catalyst"],"picked":"Backflip","floor":20},{"not_picked":["Leg Sweep","Poisoned Stab"],"picked":"After Image","floor":24},{"not_picked":["Underhanded Strike","Backstab"],"picked":"Prepared","floor":25},{"not_picked":["Noxious Fumes","Leg Sweep"],"picked":"Footwork","floor":31},{"not_picked":["Poisoned Stab","Malaise"],"picked":"Blur","floor":32}],"player_experience":23934,"potions_floor_usage":[11,16,24,24,24,25,33],"damage_taken":[{"damage":0,"enemies":"Cultist","floor":1,"turns":6},{"damage":12,"enemies":"Jaw Worm","floor":3,"turns":6},{"damage":0,"enemies":"2 Louse","floor":4,"turns":3},{"damage":29,"enemies":"3 Sentries","floor":7,"turns":12},{"damage":27,"enemies":"Lagavulin","floor":11,"turns":11},{"damage":2,"enemies":"Large Slime","floor":14,"turns":6},{"damage":63,"enemies":"The Guardian","floor":16,"turns":13},{"damage":9,"enemies":"Chosen","floor":18,"turns":5},{"damage":3,"enemies":"3 Byrds","floor":20,"turns":5},{"damage":33,"enemies":"Snake Plant","floor":24,"turns":5},{"damage":5,"enemies":"Slaver and Parasite","floor":25,"turns":8},{"damage":6,"enemies":"Centurion and Healer","floor":28,"turns":7},{"damage":7,"enemies":"Sentry and Sphere","floor":31,"turns":6},{"damage":39,"enemies":"Automaton","floor":33,"turns":12}],"event_choices":[{"event_name":"Transmorgrifier","player_choice":"Transform","floor":2,"damage_taken":0},{"event_name":"Dead Adventurer","player_choice":"Searched \u00272\u0027 times","floor":7,"damage_taken":0},{"event_name":"Golden Idol","player_choice":"Lose Max HP","floor":12,"damage_taken":0},{"event_name":"The Cleric","player_choice":"Card Removal","floor":13,"damage_taken":0},{"event_name":"Upgrade Shrine","player_choice":"Upgraded","floor":22,"damage_taken":0},{"event_name":"Drug Dealer","player_choice":"Got JAXXED","floor":29,"damage_taken":0}],"boss_relics":[{"not_picked":["Black Star","Ectoplasm"],"picked":"Orrery"}],"potions_floor_spawned":[1,3,7,18,20,24,31],"seed_played":"8727985833613822649","killed_by":"Automaton","ascension_level":0,"is_trial":false}