{"path_per_floor":["M","$","?","M","?","R","?","R","T","E","?","M","M","?","R","B",null,"M","$","?","?","?"],"character_chosen":"THE_SILENT","items_purchased":["Deadly Poison","Finesse"],"gold_per_floor":[118,18,18,32,32,32,32,32,32,68,68,83,96,171,171,297,297,283,80,80,80,180,180],"floor_reached":23,"campfire_rested":1,"playtime":889,"current_hp_per_floor":[61,61,54,51,34,34,34,34,34,26,26,26,26,15,36,1,70,68,68,68,68,68,68],"items_purged":["Strike_G","Strike_G"],"gold":180,"score":185,"play_id":"bc51e193-242c-4875-babb-0d0dfd3e6ab1","local_time":"20180327230631","is_prod":false,"is_daily":false,"is_ascension_mode":false,"campfire_upgraded":2,"timestamp":1522206391,"path_taken":["M","$","?","M","?","R","?","R","T","E","?","M","M","?","R","BOSS","M","$","?","?","?","E"],"build_version":"2018-03-22v2","purchased_purges":2,"victory":false,"master_deck":["Defend_G","Defend_G","Defend_G","Defend_G","Defend_G","Strike_G","Strike_G","Survivor","Neutralize+1","Deadly Poison+1","Prepared+1","Dagger Spray","Finesse"],"max_hp_per_floor":[70,70,70,70,70,70,70,70,70,70,70,70,70,70,70,70,70,70,70,70,70,70,70],"relics":["Ring of the Snake","Golden Idol","Thread and Needle","Juzu Bracelet","Question Card"],"card_choices":[{"not_picked":["Backflip","Dodge and Roll"],"picked":"Prepared","floor":4},{"not_picked":["Dodge and Roll","Doppelganger"],"picked":"Dagger Spray","floor":13}],"player_experience":133462,"potions_floor_usage":[16,16],"damage_taken":[{"damage":9,"enemies":"Jaw Worm","floor":1,"turns":5},{"damage":3,"enemies":"2 Louse","floor":4,"turns":4},{"damage":8,"enemies":"3 Sentries","floor":10,"turns":14},{"damage":0,"enemies":"Small Slimes","floor":12,"turns":3},{"damage":0,"enemies":"Looter","floor":13,"turns":3},{"damage":35,"enemies":"Slime Boss","floor":16,"turns":19},{"damage":2,"enemies":"2 Thieves","floor":18,"turns":4},{"damage":0,"enemies":"Slavers","floor":23,"turns":1}],"event_choices":[{"event_name":"Golden Wing","player_choice":"Card Removal","floor":3,"damage_taken":0},{"event_name":"Golden Idol","player_choice":"Take Damage","floor":5,"damage_taken":0},{"event_name":"The Cleric","player_choice":"Leave","floor":7,"damage_taken":0},{"event_name":"Accursed Blacksmith","player_choice":"Forge","floor":11,"damage_taken":0},{"event_name":"World of Goop","player_choice":"Gather Gold","floor":14,"damage_taken":0},{"event_name":"Drug Dealer","player_choice":"Ignored","floor":20,"damage_taken":0},{"event_name":"Vampires","player_choice":"Ignored","floor":21,"damage_taken":0},{"event_name":"Golden Shrine","player_choice":"Pray","floor":22,"damage_taken":0}],"boss_relics":[{"not_picked":["Runic Pyramid","Snecko Eye"],"picked":"Question Card"}],"potions_floor_spawned":[4,12,16,18],"seed_played":"8479134166162183621","killed_by":"Slavers","ascension_level":0,"is_trial":false}