{"path_per_floor":["M","?","$","M","$","E","M","M","T","?","M","M","R","M","R","B",null,"M"],"character_chosen":"THE_SILENT","items_purchased":["Deadly Poison","Burst"],"gold_per_floor":[114,189,165,183,105,140,154,174,174,174,192,211,211,226,226,323,323,341,341],"floor_reached":19,"campfire_rested":1,"playtime":940,"current_hp_per_floor":[66,55,55,53,53,25,21,21,21,14,14,14,14,14,35,27,70,47,47],"items_purged":[],"gold":341,"score":171,"play_id":"7758c607-d869-4673-b6e8-f53c4bcfe9ef","local_time":"20180327225032","is_prod":false,"is_daily":false,"is_ascension_mode":false,"campfire_upgraded":1,"timestamp":1522205432,"path_taken":["M","?","$","M","$","E","M","M","T","?","M","M","R","?","R","BOSS","M","M"],"build_version":"2018-03-22v2","purchased_purges":2,"victory":false,"master_deck":["Defend_G","Defend_G","Defend_G","Defend_G","Defend_G","Strike_G","Strike_G","Strike_G","Strike_G","Survivor","Neutralize","Deadly Poison","Calculated Gamble","Burst+1","Escape Plan","Prepared","Escape Plan+1"],"max_hp_per_floor":[70,70,70,70,70,70,70,70,70,70,70,70,70,70,70,70,70,70,70],"relics":["Ring of the Snake","Bag of Marbles","Bronze Scales","White Beast Statue"],"card_choices":[{"not_picked":["Dodge and Roll","Distraction"],"picked":"Calculated Gamble","floor":4},{"not_picked":["Dagger Spray","PiercingWail"],"picked":"Escape Plan","floor":8},{"not_picked":["Bane","Quick Slash"],"picked":"Prepared","floor":11},{"not_picked":["PiercingWail","Underhanded Strike"],"picked":"Escape Plan","floor":18}],"player_experience":132505,"potions_floor_usage":[6,8,16,16],"damage_taken":[{"damage":4,"enemies":"Jaw Worm","floor":1,"turns":8},{"damage":2,"enemies":"Small Slimes","floor":4,"turns":3},{"damage":28,"enemies":"Lagavulin","floor":6,"turns":8},{"damage":4,"enemies":"Cultist","floor":7,"turns":3},{"damage":0,"enemies":"2 Fungi Beasts","floor":8,"turns":2},{"damage":0,"enemies":"Exordium Wildlife","floor":11,"turns":4},{"damage":0,"enemies":"3 Louse","floor":12,"turns":4},{"damage":0,"enemies":"Gremlin Gang","floor":14,"turns":6},{"damage":8,"enemies":"Hexaghost","floor":16,"turns":10},{"damage":23,"enemies":"Spheric Guardian","floor":18,"turns":8},{"damage":0,"enemies":"3 Byrds","floor":19,"turns":1}],"event_choices":[{"event_name":"World of Goop","player_choice":"Gather Gold","floor":2,"damage_taken":0},{"event_name":"Golden Wing","player_choice":"Card Removal","floor":10,"damage_taken":0}],"boss_relics":[{"not_picked":["Runic Pyramid","Snecko Eye"],"picked":"White Beast Statue"}],"potions_floor_spawned":[1,4,7,8,14,16,18],"seed_played":"8926471174334001555","killed_by":"3 Byrds","ascension_level":0,"is_trial":false}