{"path_per_floor":["M","?","M","M","$","R","M","E","T","R","?","M","R","M","R","B",null,"M","$","M","M","$","R","?","R","T","M","M","E","R","M","R","B",null,"M","M","$","?","M","R","E","R","T","R","M","M","M","M","R","B"],"character_chosen":"THE_SILENT","items_purchased":["Footwork","Adrenaline","Sadistic Nature"],"gold_per_floor":[111,111,126,144,69,69,84,110,135,135,135,145,145,160,160,265,265,280,143,158,168,20,20,20,20,20,32,49,78,78,98,98,201,201,214,225,34,0,17,17,42,42,42,42,61,71,85,104,104,104],"floor_reached":51,"campfire_rested":3,"playtime":5109,"current_hp_per_floor":[70,70,65,65,65,65,62,37,37,37,37,37,58,51,51,36,70,61,61,44,44,44,44,44,65,65,65,64,72,72,72,72,30,84,83,83,83,83,83,83,80,80,80,80,84,84,66,56,81,39],"items_purged":["Regret","Strike_G"],"gold":104,"score":678,"play_id":"31fba845-c517-4a10-acad-7b4810466c86","local_time":"20180326161017","is_prod":false,"is_daily":false,"is_ascension_mode":false,"campfire_upgraded":9,"timestamp":1522095017,"path_taken":["M","?","?","M","$","R","M","E","T","R","?","?","R","M","R","BOSS","M","?","M","M","$","R","?","R","T","?","M","E","R","M","R","BOSS","M","M","$","?","M","R","E","R","T","R","M","M","M","M","R","BOSS"],"build_version":"2018-03-22v2","purchased_purges":2,"victory":true,"master_deck":["Defend_G","Defend_G","Defend_G","Defend_G","Defend_G","Strike_G","Strike_G","Survivor","Neutralize+1","Quick Slash","Malaise+1","Acrobatics","Quick Slash","Backflip","Adrenaline+1","Glass Knife","Malaise+1","Footwork+1","Acrobatics+1","Acrobatics","Adrenaline+1","Crippling Poison","Escape Plan+1","Prepared+1","Bullet Time","Setup+1","Adrenaline","Dagger Throw","Quick Slash+1","Sadistic Nature","Flechettes+1","Eviscerate+1","Decay","Deflect","Dash+1","Backflip"],"max_hp_per_floor":[70,70,70,70,70,70,70,70,70,70,70,70,70,70,70,70,70,70,70,70,70,70,70,70,70,70,70,70,84,84,84,84,84,84,84,84,84,84,84,84,84,84,84,84,84,84,84,84,84,84],"relics":["Philosopher\u0027s Stone","Letter Opener","Pantograph","Art of War","Cursed Key","Mango","Sozu","Red Mask","Bronze Scales","Bird Faced Urn"],"card_choices":[{"not_picked":["Endless Agony","Terror"],"picked":"Quick Slash","floor":1},{"not_picked":["Underhanded Strike","All Out Attack"],"picked":"Malaise","floor":3},{"not_picked":["Slice","Riddle With Holes"],"picked":"Acrobatics","floor":4},{"not_picked":["Distraction","Sucker Punch"],"picked":"Quick Slash","floor":8},{"not_picked":["Terror","Underhanded Strike"],"picked":"Backflip","floor":12},{"not_picked":["Terror","Dodge and Roll"],"picked":"Adrenaline","floor":14},{"not_picked":["Night Terror","Venomology"],"picked":"Glass Knife","floor":16},{"not_picked":["Heel Hook","PiercingWail"],"picked":"Malaise","floor":18},{"not_picked":["Flying Knee","Deadly Poison"],"picked":"Acrobatics","floor":20},{"not_picked":["Outmaneuver","Sucker Punch"],"picked":"Acrobatics","floor":21},{"not_picked":["Dagger Spray","Flying Knee"],"picked":"Escape Plan","floor":27},{"not_picked":["Reflex","Finisher"],"picked":"Prepared","floor":28},{"not_picked":["Slice","Flying Knee"],"picked":"Bullet Time","floor":29},{"not_picked":["Quick Slash","Sucker Punch"],"picked":"Setup","floor":31},{"not_picked":["Storm of Steel","Envenom"],"picked":"Adrenaline","floor":33},{"not_picked":["Poisoned Stab","Finisher"],"picked":"Dagger Throw","floor":35},{"not_picked":["Escape Plan","PiercingWail"],"picked":"Quick Slash","floor":36},{"not_picked":["Dash","Cloak And Dagger"],"picked":"Flechettes","floor":39},{"not_picked":["Concentrate","Setup"],"picked":"Eviscerate","floor":41},{"not_picked":["Distraction","Sucker Punch"],"picked":"Deflect","floor":45},{"not_picked":["Underhanded Strike","Masterful Stab"],"picked":"Dash","floor":46},{"not_picked":["Underhanded Strike","Choke"],"picked":"Backflip","floor":48}],"player_experience":82550,"potions_floor_usage":[3,18,20,29,33,33],"damage_taken":[{"damage":0,"enemies":"Small Slimes","floor":1,"turns":3},{"damage":5,"enemies":"Jaw Worm","floor":3,"turns":3},{"damage":0,"enemies":"Cultist","floor":4,"turns":5},{"damage":3,"enemies":"Looter","floor":7,"turns":3},{"damage":25,"enemies":"Lagavulin","floor":8,"turns":9},{"damage":0,"enemies":"Exordium Thugs","floor":12,"turns":4},{"damage":7,"enemies":"Lots of Slimes","floor":14,"turns":3},{"damage":34,"enemies":"Hexaghost","floor":16,"turns":17},{"damage":9,"enemies":"Chosen","floor":18,"turns":5},{"damage":17,"enemies":"2 Thieves","floor":20,"turns":4},{"damage":0,"enemies":"Snecko","floor":21,"turns":5},{"damage":0,"enemies":"3 Cultists","floor":27,"turns":5},{"damage":1,"enemies":"Centurion and Healer","floor":28,"turns":6},{"damage":12,"enemies":"Slavers","floor":29,"turns":5},{"damage":0,"enemies":"Snake Plant","floor":31,"turns":5},{"damage":54,"enemies":"Champ","floor":33,"turns":22},{"damage":1,"enemies":"Orb Walker","floor":35,"turns":3},{"damage":0,"enemies":"3 Darklings","floor":36,"turns":5},{"damage":0,"enemies":"Maw","floor":39,"turns":8},{"damage":3,"enemies":"Nemesis","floor":41,"turns":9},{"damage":0,"enemies":"4 Shapes","floor":45,"turns":4},{"damage":0,"enemies":"Sphere and 2 Shapes","floor":46,"turns":2},{"damage":18,"enemies":"Maw","floor":47,"turns":6},{"damage":14,"enemies":"3 Darklings","floor":48,"turns":3},{"damage":49,"enemies":"Time Eater","floor":50,"turns":19}],"event_choices":[{"event_name":"Big Fish","player_choice":"Box","floor":2,"damage_taken":0},{"event_name":"Wheel of Change","player_choice":"Card Removal","floor":11,"damage_taken":0},{"event_name":"Transmorgrifier","player_choice":"Transform","floor":24,"damage_taken":0},{"event_name":"Tomb of Lord Red Mask","player_choice":"Paid","floor":38,"damage_taken":0}],"boss_relics":[{"not_picked":["Black Star","Pandora\u0027s Box"],"picked":"Cursed Key"},{"not_picked":["Runic Pyramid","Runic Dome"],"picked":"Sozu"}],"potions_floor_spawned":[1,8,14,16,20,28,31,39,41,45,46],"seed_played":"-594775372633931845","ascension_level":0,"is_trial":false}