{"path_per_floor":["M","M","M","?","?","R","$","?","T","E","R","$","E","M","R","B",null,"M","M","?","?","?","R","M","M","T","M","E","R","E","M","R","B",null,"M","M","?","$","M"],"character_chosen":"THE_SILENT","items_purchased":[],"gold_per_floor":[99,99,99,99,99,99,24,24,24,24,24,24,24,0,0,0,0,0,0,0,0,0,0,0,0,0,0,0,0,0,0,0,0,0,0,0,0,0,0,0],"floor_reached":40,"campfire_rested":3,"playtime":6717,"current_hp_per_floor":[70,66,66,66,66,66,66,66,66,56,56,56,34,34,59,27,89,76,76,76,76,76,76,68,57,57,57,61,89,79,37,65,65,96,96,96,96,96,96,0],"items_purged":["Strike_G"],"gold":0,"score":511,"play_id":"bab7abb3-9827-4902-81d0-5b401d097535","local_time":"20180326135413","is_prod":false,"is_daily":false,"is_ascension_mode":false,"campfire_upgraded":3,"timestamp":1522086853,"path_taken":["M","M","M","?","?","R","$","?","T","E","R","?","E","M","R","BOSS","M","M","?","?","?","R","?","M","T","?","E","R","E","M","R","BOSS","M","M","?","?","?","E"],"build_version":"2018-03-22v2","purchased_purges":1,"victory":false,"master_deck":["Defend_G+1","Defend_G+1","Defend_G+1","Defend_G+1","Defend_G+1","Strike_G+1","Strike_G+1","Strike_G+1","Survivor","Neutralize+1","Blur","Prepared+1","Acrobatics","Setup+1","Die Die Die+1","Blur","Tactician","Distraction","Quick Slash+1","Prepared","Burst+1","Acrobatics","Flechettes+1","Wraith Form","Doppelganger"],"max_hp_per_floor":[70,70,70,70,70,70,70,70,70,70,70,70,84,84,84,84,89,89,89,89,89,89,89,89,89,89,89,96,96,96,96,96,96,96,96,96,96,96,96,96],"relics":["Ectoplasm","Vajra","Tough Bandages","Tiny House","Nloth\u0027s Gift","Gambling Chip","Strawberry","Whetstone","Eternal Feather"],"card_choices":[{"not_picked":["Finisher","Reflex"],"picked":"Blur","floor":1},{"not_picked":["Endless Agony","PiercingWail"],"picked":"Prepared","floor":2},{"not_picked":["Quick Slash","Doppelganger"],"picked":"Acrobatics","floor":3},{"not_picked":["Dagger Spray","Deflect"],"picked":"Die Die Die","floor":13},{"not_picked":["Flying Knee","Infinite Blades"],"picked":"Blur","floor":14},{"not_picked":["Night Terror","Glass Knife"],"picked":"Tactician","floor":16},{"not_picked":["Accuracy","Choke"],"picked":"Distraction","floor":17},{"not_picked":["Poisoned Stab","Deflect"],"picked":"Quick Slash","floor":18},{"not_picked":["Heel Hook","Backflip"],"picked":"Prepared","floor":19},{"not_picked":["Sucker Punch","Flying Knee"],"picked":"Acrobatics","floor":27},{"not_picked":["Underhanded Strike","Bane"],"picked":"Flechettes","floor":28},{"not_picked":["Die Die Die","Bullet Time"],"picked":"Wraith Form","floor":33}],"player_experience":72912,"potions_floor_usage":[10,13,16,28,28,28,31,40],"damage_taken":[{"damage":0,"enemies":"2 Louse","floor":1,"turns":3},{"damage":4,"enemies":"Cultist","floor":2,"turns":6},{"damage":0,"enemies":"Jaw Worm","floor":3,"turns":4},{"damage":10,"enemies":"3 Sentries","floor":10,"turns":12},{"damage":36,"enemies":"Gremlin Nob","floor":13,"turns":5},{"damage":0,"enemies":"Looter","floor":14,"turns":4},{"damage":32,"enemies":"Slime Boss","floor":16,"turns":32},{"damage":13,"enemies":"3 Byrds","floor":18,"turns":11},{"damage":0,"enemies":"Shell Parasite","floor":19,"turns":12},{"damage":8,"enemies":"Sentry and Sphere","floor":24,"turns":74},{"damage":11,"enemies":"Snake Plant","floor":25,"turns":10},{"damage":0,"enemies":"Centurion and Healer","floor":27,"turns":16},{"damage":3,"enemies":"Book of Stabbing","floor":28,"turns":13},{"damage":10,"enemies":"Slavers","floor":30,"turns":10},{"damage":42,"enemies":"Cultist and Chosen","floor":31,"turns":9},{"damage":0,"enemies":"Automaton","floor":33,"turns":20},{"damage":0,"enemies":"Orb Walker","floor":35,"turns":6},{"damage":0,"enemies":"3 Darklings","floor":36,"turns":7},{"damage":0,"enemies":"Maw","floor":39,"turns":12},{"damage":121,"enemies":"Giant Head","floor":40,"turns":14}],"event_choices":[{"event_name":"Transmorgrifier","player_choice":"Transform","floor":4,"damage_taken":0},{"event_name":"Golden Shrine","player_choice":"Pray","floor":5,"damage_taken":0},{"event_name":"Liars Game","player_choice":"disagreed","floor":8,"damage_taken":0},{"event_name":"N\u0027loth","player_choice":"Traded a Mango","floor":20,"damage_taken":0},{"event_name":"The Library","player_choice":"Read","floor":21,"damage_taken":0},{"event_name":"Back to Basics","player_choice":"Simplicity","floor":22,"damage_taken":0},{"event_name":"Match and Keep!","player_choice":"1 cards matched","floor":37,"damage_taken":0}],"boss_relics":[{"not_picked":["Runic Dome","Lizard Tail"],"picked":"Tiny House"},{"not_picked":["Snecko Eye","Black Star"],"picked":"Eternal Feather"}],"potions_floor_spawned":[1,2,10,14,16,19,28,30,39],"seed_played":"-1663804122894943314","killed_by":"Giant Head","ascension_level":0,"is_trial":false}