{"path_per_floor":["M","?","?","?","M","M","R","M","T","$","R","M","R","?","R","B",null,"M","$","M","M","M","R","M","M","T","$","R","M","R","?","R","B",null,"M","M","?","M","$","R","?","R","T"],"character_chosen":"THE_SILENT","items_purchased":["Master of Strategy","Lantern","Acrobatics"],"gold_per_floor":[115,115,290,365,380,393,393,412,412,134,134,153,153,153,153,258,258,269,14,24,38,49,49,62,78,102,57,57,75,75,55,55,150,150,168,180,180,191,66,66,66,66,96,96],"floor_reached":44,"campfire_rested":8,"playtime":2285,"current_hp_per_floor":[70,52,52,41,35,35,56,52,52,52,52,52,52,52,70,49,70,68,68,59,43,30,51,44,17,17,17,38,26,47,47,68,6,70,58,53,53,21,21,42,42,63,63,0],"items_purged":["Strike_G","Normality","Escape Plan"],"gold":96,"score":400,"play_id":"1c142d9b-ad1a-4b84-8682-fb858cb64294","local_time":"20180326144350","is_prod":false,"is_daily":false,"is_ascension_mode":false,"campfire_upgraded":2,"timestamp":1522089830,"path_taken":["M","?","?","?","M","?","R","M","T","$","R","M","R","?","R","BOSS","M","$","M","M","M","R","M","M","T","$","R","M","R","?","R","BOSS","M","M","?","M","$","R","?","R","T","E"],"build_version":"2018-03-22v2","purchased_purges":3,"victory":false,"master_deck":["Defend_G","Defend_G","Defend_G","Defend_G","Defend_G","Strike_G","Strike_G","Strike_G","Survivor","Neutralize+1","Tools of the Trade","Acrobatics","Cloak And Dagger","Bouncing Flask+1","Catalyst","Prepared","Doubt","Dagger Spray","Poisoned Stab","Master of Strategy","Envenom","Adrenaline","Writhe","Injury","Poisoned Stab+1","Dagger Spray+1","Poisoned Stab+1","Acrobatics","Backflip","Storm of Steel","Prepared+1","Malaise+1"],"max_hp_per_floor":[70,70,70,70,70,70,70,70,70,70,70,70,70,70,70,70,70,70,70,70,70,70,70,70,70,70,70,70,70,70,70,70,70,70,70,70,70,70,70,70,70,70,70,70],"relics":["Orrery","Gremlin Horn","Du-Vu Doll","Calling Bell","Molten Egg 2","Snake Skull","Omamori","Lantern","Bag of Preparation","Snecko Eye","Tiny Chest"],"card_choices":[{"not_picked":["Dodge and Roll","Poisoned Stab"],"picked":"Tools of the Trade","floor":0},{"not_picked":["Sucker Punch","Flechettes"],"picked":"Acrobatics","floor":0},{"not_picked":["Flechettes","Choke"],"picked":"Cloak And Dagger","floor":0},{"not_picked":["Dodge and Roll","Distraction"],"picked":"Bouncing Flask","floor":0},{"not_picked":["Flying Knee","Crippling Poison"],"picked":"Catalyst","floor":0},{"not_picked":["Eviscerate","Dagger Throw"],"picked":"Prepared","floor":1},{"not_picked":["Leg Sweep","Slice"],"picked":"Dagger Spray","floor":6},{"not_picked":["Slice","PiercingWail"],"picked":"Poisoned Stab","floor":8},{"not_picked":["Burst","Night Terror"],"picked":"Adrenaline","floor":16},{"not_picked":["Bane","PiercingWail"],"picked":"Poisoned Stab","floor":18},{"not_picked":["Concentrate","Malaise"],"picked":"Escape Plan","floor":20},{"not_picked":["Blur","Deadly Poison"],"picked":"Escape Plan","floor":21},{"not_picked":["Poisoned Stab","Dodge and Roll"],"picked":"Dagger Spray","floor":22},{"not_picked":["Deadly Poison","Crippling Poison"],"picked":"Poisoned Stab","floor":24},{"not_picked":["Sucker Punch","Dagger Spray"],"picked":"Backflip","floor":29},{"not_picked":["Envenom","Phantasmal Killer"],"picked":"Storm of Steel","floor":33},{"not_picked":["Slice","Endless Agony"],"picked":"Prepared","floor":35},{"not_picked":["Prepared","Quick Slash"],"picked":"Malaise","floor":36}],"player_experience":80265,"potions_floor_usage":[12,22,29],"damage_taken":[{"damage":0,"enemies":"Small Slimes","floor":1,"turns":3},{"damage":6,"enemies":"Jaw Worm","floor":5,"turns":5},{"damage":0,"enemies":"2 Louse","floor":6,"turns":4},{"damage":4,"enemies":"Large Slime","floor":8,"turns":9},{"damage":0,"enemies":"3 Louse","floor":12,"turns":2},{"damage":21,"enemies":"Slime Boss","floor":16,"turns":9},{"damage":2,"enemies":"Spheric Guardian","floor":18,"turns":3},{"damage":9,"enemies":"3 Byrds","floor":20,"turns":4},{"damage":16,"enemies":"Snake Plant","floor":21,"turns":3},{"damage":13,"enemies":"Chosen and Byrds","floor":22,"turns":4},{"damage":7,"enemies":"Cultist and Chosen","floor":24,"turns":3},{"damage":27,"enemies":"Centurion and Healer","floor":25,"turns":4},{"damage":12,"enemies":"Sentry and Sphere","floor":29,"turns":5},{"damage":62,"enemies":"Automaton","floor":33,"turns":8},{"damage":12,"enemies":"3 Shapes","floor":35,"turns":3},{"damage":5,"enemies":"Orb Walker","floor":36,"turns":2},{"damage":32,"enemies":"Sphere and 2 Shapes","floor":38,"turns":12},{"damage":69,"enemies":"2 Orb Walkers","floor":44,"turns":3}],"event_choices":[{"event_name":"Scrap Ooze","player_choice":"success","floor":2,"damage_taken":18},{"event_name":"Liars Game","player_choice":"agreed","floor":3,"damage_taken":0},{"event_name":"World of Goop","player_choice":"Gather Gold","floor":4,"damage_taken":0},{"event_name":"Transmorgrifier","player_choice":"Transform","floor":14,"damage_taken":0},{"event_name":"The Woman in Blue","player_choice":"Bought 1 Potion","floor":31,"damage_taken":0},{"event_name":"The Lab","player_choice":"Got Potions","floor":41,"damage_taken":0}],"boss_relics":[{"not_picked":["White Beast Statue","Eternal Feather"],"picked":"Calling Bell"},{"not_picked":["Runic Dome","Pandora\u0027s Box"],"picked":"Snecko Eye"}],"potions_floor_spawned":[6,8,16,21,25,33,35],"seed_played":"-1028320072108792986","killed_by":"2 Orb Walkers","ascension_level":0,"is_trial":false}