{"path_per_floor":["M","?","M","M","$","R","M","E","T","E","R","?","?","E","R"],"character_chosen":"THE_SILENT","items_purchased":["Caltrops"],"gold_per_floor":[111,111,121,135,56,56,76,104,182,207,207,282,282,311,311,311],"floor_reached":16,"campfire_rested":1,"playtime":683,"current_hp_per_floor":[69,69,69,69,69,69,69,61,61,30,30,19,12,12,33,0],"items_purged":[],"gold":311,"score":164,"play_id":"85bb226c-e033-4f5b-b91e-9891276368a3","local_time":"20180403215527","is_prod":false,"is_daily":false,"is_ascension_mode":true,"campfire_upgraded":2,"timestamp":1522806927,"path_taken":["M","?","M","?","$","R","M","E","T","E","R","?","?","E","R","BOSS"],"build_version":"2018-03-29v2","purchased_purges":0,"victory":false,"master_deck":["Defend_G","Defend_G","Defend_G","Defend_G","Defend_G","Strike_G","Strike_G","Strike_G","Strike_G","Survivor","Neutralize","Backflip","Quick Slash","Terror","Caltrops+1","Backflip","Cloak And Dagger","Dodge and Roll+1","Quick Slash"],"max_hp_per_floor":[70,70,70,70,70,70,70,70,70,70,70,70,70,70,70,70],"relics":["Velvet Choker","Smiling Mask","Blue Candle","Thread and Needle","Bag of Preparation"],"card_choices":[{"not_picked":["Dagger Throw","Slice"],"picked":"Backflip","floor":1},{"not_picked":["Prepared","Catalyst"],"picked":"Quick Slash","floor":3},{"not_picked":["Choke","Deadly Poison"],"picked":"Terror","floor":4},{"not_picked":["Bouncing Flask","Reflex"],"picked":"Backflip","floor":7},{"not_picked":["Riddle With Holes","Malaise"],"picked":"Cloak And Dagger","floor":8},{"not_picked":["Deadly Poison","Prepared"],"picked":"Dodge and Roll","floor":10},{"not_picked":["Poisoned Stab","Leg Sweep"],"picked":"Quick Slash","floor":14}],"player_experience":118415,"potions_floor_usage":[8,8,10,14,14],"damage_taken":[{"damage":1,"enemies":"Small Slimes","floor":1,"turns":3},{"damage":0,"enemies":"Cultist","floor":3,"turns":4},{"damage":0,"enemies":"Jaw Worm","floor":4,"turns":3},{"damage":0,"enemies":"2 Fungi Beasts","floor":7,"turns":4},{"damage":8,"enemies":"Lagavulin","floor":8,"turns":6},{"damage":31,"enemies":"Gremlin Nob","floor":10,"turns":4},{"damage":0,"enemies":"Lagavulin","floor":14,"turns":7},{"damage":34,"enemies":"Slime Boss","floor":16,"turns":11}],"event_choices":[{"event_name":"The Lab","player_choice":"Got Potions","floor":2,"damage_taken":0},{"event_name":"World of Goop","player_choice":"Gather Gold","floor":12,"damage_taken":0},{"event_name":"Golden Wing","player_choice":"Card Removal","floor":13,"damage_taken":0}],"boss_relics":[],"potions_floor_spawned":[3,8,10],"seed_played":"5666765745229077573","killed_by":"Slime Boss","ascension_level":3,"is_trial":false}