{"path_per_floor":["M","?","$","M","M","R","E","?","T","E","T","R","E","M","R","B",null,"M","?","$","M","?","E","R","E","T","M","E","M","R","E","R","B",null,"M","?","?","M","?"],"character_chosen":"THE_SILENT","items_purchased":["Noxious Fumes","Ancient Tea Set","Noxious Fumes"],"gold_per_floor":[115,75,35,46,56,56,87,87,87,127,127,127,165,179,179,304,304,320,320,13,38,38,79,79,118,118,143,179,200,200,235,235,356,356,377,377,443,466,466,466],"floor_reached":40,"campfire_rested":4,"playtime":2223,"current_hp_per_floor":[70,70,70,70,70,70,52,35,35,50,50,50,39,39,60,56,70,69,69,69,69,69,27,48,26,26,34,26,32,53,33,54,1,70,70,70,50,62,62,0],"items_purged":["Strike_G"],"gold":466,"score":581,"play_id":"45f2ec9e-fe49-40b1-83d2-754d28ee59c8","local_time":"20180403192129","is_prod":false,"is_daily":false,"is_ascension_mode":true,"campfire_upgraded":1,"timestamp":1522797689,"path_taken":["M","?","$","M","M","R","E","?","T","E","?","R","E","?","R","BOSS","M","?","$","M","?","E","R","E","T","?","E","M","R","E","R","BOSS","M","?","?","?","?","E"],"build_version":"2018-03-29v2","purchased_purges":1,"victory":false,"master_deck":["Defend_G","Defend_G","Defend_G","Defend_G","Defend_G","Strike_G","Strike_G","Strike_G","Strike_G","Survivor","Neutralize","Dodge and Roll","Noxious Fumes+1","Noxious Fumes","Cloak And Dagger","Corpse Explosion","Caltrops","Noxious Fumes","Cloak And Dagger","Doubt","Adrenaline","After Image","After Image","Sadistic Nature"],"max_hp_per_floor":[70,70,70,70,70,70,70,70,70,70,70,70,70,70,70,70,70,70,70,70,70,70,70,70,70,70,70,70,70,70,70,70,70,70,70,70,70,70,70,70],"relics":["Ring of the Snake","Thread and Needle","Golden Idol","Shovel","Mummified Hand","Lantern","Mercury Hourglass","Cursed Key","Nloth\u0027s Gift","Ancient Tea Set","Smiling Mask","Vajra","Paper Crane","Bird Faced Urn","Du-Vu Doll","Happy Flower","The Specimen","Unceasing Top"],"card_choices":[{"not_picked":["Prepared","Endless Agony"],"picked":"Dodge and Roll","floor":1},{"not_picked":["Acrobatics","Poisoned Stab"],"picked":"Noxious Fumes","floor":7},{"not_picked":["Flying Knee","Acrobatics"],"picked":"Cloak And Dagger","floor":13},{"not_picked":["Glass Knife","Storm of Steel"],"picked":"Corpse Explosion","floor":16},{"not_picked":["Deadly Poison","Bane"],"picked":"Caltrops","floor":18},{"not_picked":["Tactician","Concentrate"],"picked":"Cloak And Dagger","floor":25},{"not_picked":["Prepared","Dagger Throw"],"picked":"Adrenaline","floor":29},{"not_picked":["Storm of Steel","Night Terror"],"picked":"After Image","floor":33},{"not_picked":["Panacea","Jack Of All Trades"],"picked":"Sadistic Nature","floor":39}],"player_experience":110789,"potions_floor_usage":[7,10,16,16,29,33,33,40],"damage_taken":[{"damage":0,"enemies":"2 Louse","floor":1,"turns":3},{"damage":0,"enemies":"Cultist","floor":4,"turns":4},{"damage":0,"enemies":"Small Slimes","floor":5,"turns":4},{"damage":18,"enemies":"Gremlin Nob","floor":7,"turns":4},{"damage":0,"enemies":"3 Sentries","floor":10,"turns":8},{"damage":11,"enemies":"Lagavulin","floor":13,"turns":6},{"damage":0,"enemies":"Blue Slaver","floor":14,"turns":4},{"damage":4,"enemies":"Slime Boss","floor":16,"turns":8},{"damage":1,"enemies":"2 Thieves","floor":18,"turns":4},{"damage":0,"enemies":"3 Byrds","floor":21,"turns":4},{"damage":42,"enemies":"Slavers","floor":23,"turns":5},{"damage":22,"enemies":"Book of Stabbing","floor":25,"turns":6},{"damage":0,"enemies":"Snake Plant","floor":27,"turns":4},{"damage":16,"enemies":"Gremlin Leader","floor":28,"turns":7},{"damage":0,"enemies":"Chosen and Byrds","floor":29,"turns":5},{"damage":28,"enemies":"Book of Stabbing","floor":31,"turns":6},{"damage":70,"enemies":"Automaton","floor":33,"turns":11},{"damage":0,"enemies":"Orb Walker","floor":35,"turns":5},{"damage":24,"enemies":"Mysterious Sphere","floor":37,"turns":7},{"damage":0,"enemies":"3 Shapes","floor":38,"turns":5},{"damage":86,"enemies":"Giant Head","floor":40,"turns":9}],"event_choices":[{"event_name":"The Woman in Blue","player_choice":"Bought 3 Potions","floor":2,"damage_taken":0},{"event_name":"Golden Idol","player_choice":"Take Damage","floor":8,"damage_taken":0},{"event_name":"N\u0027loth","player_choice":"Traded a Tingsha","floor":19,"damage_taken":0},{"event_name":"The Mausoleum","player_choice":"Yes","floor":22,"damage_taken":0},{"event_name":"Duplicator","player_choice":"One dupe","floor":36,"damage_taken":0},{"event_name":"Mysterious Sphere","player_choice":"Fight","floor":37,"damage_taken":0},{"event_name":"SensoryStone","player_choice":"Memory 1","floor":39,"damage_taken":0}],"boss_relics":[{"not_picked":["Calling Bell","White Beast Statue"],"picked":"Cursed Key"},{"not_picked":["Runic Dome","Runic Pyramid"],"picked":"The Specimen"}],"potions_floor_spawned":[7,14,25,28,29,33,38],"seed_played":"-4561841043718248233","killed_by":"Giant Head","ascension_level":3,"is_trial":false}