{"path_per_floor":["M","?","M","$","M","R","M","R","T","M","R","E","M","?","R","B",null,"M","M","?","$","M","R","M","R","T","M","?","M","M","M","R","B",null,"M","?","M","M","M","R","?","E","T","M","R","?","?","$","R","B"],"character_chosen":"THE_SILENT","items_purchased":["Whetstone","Oddly Smooth Stone","Happy Flower","Bag of Preparation","Centennial Puzzle"],"gold_per_floor":[111,286,305,81,101,101,115,115,115,126,126,157,176,197,197,300,300,313,327,327,24,39,39,51,51,51,63,63,74,91,105,105,205,205,220,275,291,306,317,317,317,342,642,657,657,657,657,203,203,203],"floor_reached":51,"campfire_rested":1,"playtime":3491,"current_hp_per_floor":[70,70,70,70,70,70,70,70,70,65,65,56,53,52,52,33,70,70,70,70,70,66,66,66,66,66,53,49,49,48,40,40,37,49,49,40,36,23,37,37,37,49,49,49,49,49,43,43,49,30],"items_purged":["Doubt","Madness"],"gold":203,"score":735,"play_id":"62f5ea0a-7fdb-4920-b49e-e88fb6dfbe0c","local_time":"20180326004913","is_prod":false,"is_daily":false,"is_ascension_mode":false,"campfire_upgraded":9,"timestamp":1522039753,"path_taken":["M","?","M","$","?","R","M","R","T","?","R","E","M","?","R","BOSS","M","M","?","$","M","R","M","R","T","M","?","M","M","?","R","BOSS","M","?","M","M","M","R","?","E","T","M","R","?","?","$","R","BOSS"],"build_version":"2018-03-22v2","purchased_purges":4,"victory":true,"master_deck":["Defend_G","Defend_G","Defend_G","Defend_G","Defend_G","Survivor","Neutralize+1","Expertise+1","Heel Hook+1","Noxious Fumes+1","Bouncing Flask+1","Die Die Die","Backflip+1","Deadly Poison+1","Die Die Die","Heel Hook","Bouncing Flask+1","Bite","Bite","Bite","Bite","Noxious Fumes+1","Backflip","Wraith Form+1","Backflip","Quick Slash","Backflip+1","Acrobatics+1","Acrobatics+1","Madness"],"max_hp_per_floor":[70,70,70,70,70,70,70,70,70,70,70,70,70,70,70,70,70,70,70,70,70,70,70,70,70,70,70,49,49,49,49,49,49,49,49,49,49,49,49,49,49,49,49,49,49,49,49,49,49,49],"relics":["Philosopher\u0027s Stone","Whetstone","Paper Crane","Thread and Needle","Odd Mushroom","Snecko Eye","Oddly Smooth Stone","Happy Flower","Smiling Mask","Sozu","Sundial","Mercury Hourglass","Old Coin","Bag of Preparation","Centennial Puzzle"],"card_choices":[{"not_picked":["Poisoned Stab","Sucker Punch"],"picked":"Expertise","floor":1},{"not_picked":["PiercingWail","Quick Slash"],"picked":"Heel Hook","floor":3},{"not_picked":["Underhanded Strike","Poisoned Stab"],"picked":"Noxious Fumes","floor":5},{"not_picked":["Outmaneuver","Prepared"],"picked":"Bouncing Flask","floor":10},{"not_picked":["Terror","Cloak And Dagger"],"picked":"Die Die Die","floor":12},{"not_picked":["Blade Dance","Dagger Spray"],"picked":"Backflip","floor":13},{"not_picked":["Flying Knee","Accuracy"],"picked":"Deadly Poison","floor":14},{"not_picked":["Tactician","Burst"],"picked":"Die Die Die","floor":16},{"not_picked":["Infinite Blades","Masterful Stab"],"picked":"Heel Hook","floor":18},{"not_picked":["Cloak And Dagger","Poisoned Stab"],"picked":"Bouncing Flask","floor":22},{"not_picked":["PiercingWail","Accuracy"],"picked":"Noxious Fumes","floor":30},{"not_picked":["Accuracy","Bane"],"picked":"Backflip","floor":31},{"not_picked":["Tools of the Trade","Night Terror"],"picked":"Wraith Form","floor":33},{"not_picked":["Dagger Throw","Outmaneuver"],"picked":"Backflip","floor":36},{"not_picked":["Slice","PiercingWail"],"picked":"Quick Slash","floor":37},{"not_picked":["Finisher","Bouncing Flask"],"picked":"Backflip","floor":39},{"not_picked":["Footwork","Bane"],"picked":"Acrobatics","floor":42},{"not_picked":["Bane","Cloak And Dagger"],"picked":"Acrobatics","floor":44}],"player_experience":63930,"potions_floor_usage":[10,16,38,50,50],"damage_taken":[{"damage":0,"enemies":"Small Slimes","floor":1,"turns":4},{"damage":0,"enemies":"2 Louse","floor":3,"turns":3},{"damage":0,"enemies":"Jaw Worm","floor":5,"turns":2},{"damage":0,"enemies":"Red Slaver","floor":7,"turns":3},{"damage":5,"enemies":"Lots of Slimes","floor":10,"turns":4},{"damage":9,"enemies":"Gremlin Nob","floor":12,"turns":3},{"damage":3,"enemies":"3 Louse","floor":13,"turns":3},{"damage":1,"enemies":"The Mushroom Lair","floor":14,"turns":4},{"damage":19,"enemies":"Hexaghost","floor":16,"turns":6},{"damage":0,"enemies":"Spheric Guardian","floor":18,"turns":4},{"damage":0,"enemies":"Chosen","floor":19,"turns":4},{"damage":4,"enemies":"Snecko","floor":22,"turns":5},{"damage":0,"enemies":"Snake Plant","floor":24,"turns":4},{"damage":13,"enemies":"Centurion and Healer","floor":27,"turns":6},{"damage":0,"enemies":"Snecko","floor":29,"turns":4},{"damage":3,"enemies":"Snake Plant","floor":30,"turns":3},{"damage":15,"enemies":"Sentry and Sphere","floor":31,"turns":5},{"damage":17,"enemies":"Collector","floor":33,"turns":8},{"damage":0,"enemies":"Orb Walker","floor":35,"turns":2},{"damage":17,"enemies":"Mysterious Sphere","floor":36,"turns":5},{"damage":10,"enemies":"3 Darklings","floor":37,"turns":4},{"damage":25,"enemies":"4 Shapes","floor":38,"turns":7},{"damage":10,"enemies":"Maw","floor":39,"turns":7},{"damage":0,"enemies":"Giant Head","floor":42,"turns":6},{"damage":0,"enemies":"Sphere and 2 Shapes","floor":44,"turns":3},{"damage":33,"enemies":"Donu and Deca","floor":50,"turns":7}],"event_choices":[{"event_name":"Liars Game","player_choice":"agreed","floor":2,"damage_taken":0},{"event_name":"Mushrooms","player_choice":"Fought Mushrooms","floor":14,"damage_taken":0},{"event_name":"N\u0027loth","player_choice":"Ignored","floor":20,"damage_taken":0},{"event_name":"Vampires","player_choice":"Became a vampire","floor":28,"damage_taken":0},{"event_name":"Mysterious Sphere","player_choice":"Fight","floor":36,"damage_taken":0},{"event_name":"Tomb of Lord Red Mask","player_choice":"Ignored","floor":46,"damage_taken":0},{"event_name":"Winding Halls","player_choice":"Embrace Madness","floor":47,"damage_taken":0}],"boss_relics":[{"not_picked":["Lizard Tail","Question Card"],"picked":"Snecko Eye"},{"not_picked":["Tiny House","Astrolabe"],"picked":"Sozu"}],"potions_floor_spawned":[3,12,13,16,18,29,31,36,42,44],"seed_played":"8035055134016566558","ascension_level":0,"is_trial":false}