{"path_per_floor":["M","M","$","?","M","R","?","R","T","R","M","M","M","M","R","B",null,"M","?","M","M","?","M","$","M","T","M","?","M","M","$","R","B",null,"M","$","M","?","M","R","M","?","T","R","M","?","M","M","R","B"],"character_chosen":"THE_SILENT","items_purchased":["Footwork","Adrenaline"],"gold_per_floor":[118,130,55,55,67,67,67,67,67,67,83,96,112,125,125,224,224,244,244,256,269,269,282,182,201,225,240,240,250,260,190,190,285,285,300,153,163,163,180,180,194,194,264,264,275,275,289,309,309,309],"floor_reached":51,"campfire_rested":2,"playtime":2846,"current_hp_per_floor":[69,69,69,69,69,69,69,69,69,69,69,69,69,68,68,48,70,70,70,62,58,45,45,45,42,42,31,31,31,26,26,48,38,75,75,75,71,71,71,71,71,71,71,71,63,63,58,23,45,7],"items_purged":["Strike_G","Strike_G"],"gold":309,"score":624,"play_id":"6996a512-4b3b-43fd-a1b0-902239ab1e90","local_time":"20180407172749","is_prod":false,"is_daily":false,"is_ascension_mode":false,"campfire_upgraded":6,"timestamp":1523136469,"path_taken":["M","M","$","?","M","R","?","R","T","R","?","M","M","M","R","BOSS","M","?","M","M","?","M","$","M","T","M","?","M","M","$","R","BOSS","M","$","M","?","?","R","M","?","T","R","M","?","M","M","R","BOSS"],"build_version":"2018-04-05","purchased_purges":4,"victory":true,"master_deck":["Defend_G+1","Defend_G+1","Defend_G+1","Defend_G+1","Defend_G+1","Strike_G+1","Strike_G+1","Strike_G+1","Survivor","Neutralize+1","Predator+1","Dagger Throw+1","Blur","Footwork+1","Adrenaline","Blur","Noxious Fumes","Dodge and Roll","Noxious Fumes+1","Catalyst","Footwork+1","Burst","Adrenaline","Footwork","Malaise","Dodge and Roll+1"],"max_hp_per_floor":[70,70,70,70,70,70,70,70,70,70,70,70,70,70,70,70,70,70,70,70,70,75,75,75,75,75,75,75,75,75,75,75,75,75,75,75,75,75,75,75,75,75,75,75,75,75,75,75,75,75],"relics":["Velvet Choker"],"card_choices":[{"not_picked":["Blade Dance","Outmaneuver"],"picked":"Predator","floor":1},{"not_picked":["Slice","Reflex"],"picked":"Dagger Throw","floor":2},{"not_picked":["Predator","Dagger Spray"],"picked":"Blur","floor":11},{"not_picked":["Concentrate","Bane"],"picked":"Footwork","floor":13},{"not_picked":["A Thousand Cuts","Burst"],"picked":"Adrenaline","floor":16},{"not_picked":["Flying Knee","Sucker Punch"],"picked":"Blur","floor":18},{"not_picked":["Deflect","Acrobatics"],"picked":"Dodge and Roll","floor":20},{"not_picked":["Bane","PiercingWail"],"picked":"Noxious Fumes","floor":21},{"not_picked":["Poisoned Stab","All Out Attack"],"picked":"Catalyst","floor":27},{"not_picked":["Die Die Die","Venomology"],"picked":"Burst","floor":33},{"not_picked":["Outmaneuver","Deadly Poison"],"picked":"Footwork","floor":37},{"not_picked":["Underhanded Strike","Concentrate"],"picked":"Malaise","floor":41},{"not_picked":["Quick Slash","Prepared"],"picked":"Dodge and Roll","floor":48}],"player_experience":192079,"potions_floor_usage":[27,30,33,48,50,50],"damage_taken":[{"damage":1,"enemies":"Jaw Worm","floor":1,"turns":4},{"damage":0,"enemies":"Small Slimes","floor":2,"turns":3},{"damage":0,"enemies":"Cultist","floor":5,"turns":3},{"damage":0,"enemies":"Looter","floor":11,"turns":2},{"damage":0,"enemies":"2 Fungi Beasts","floor":12,"turns":3},{"damage":0,"enemies":"Blue Slaver","floor":13,"turns":2},{"damage":1,"enemies":"Large Slime","floor":14,"turns":7},{"damage":20,"enemies":"Slime Boss","floor":16,"turns":13},{"damage":0,"enemies":"Spheric Guardian","floor":18,"turns":3},{"damage":8,"enemies":"Chosen","floor":20,"turns":5},{"damage":4,"enemies":"Snecko","floor":21,"turns":7},{"damage":0,"enemies":"Centurion and Healer","floor":23,"turns":8},{"damage":3,"enemies":"Chosen and Byrds","floor":25,"turns":8},{"damage":11,"enemies":"Snake Plant","floor":27,"turns":5},{"damage":0,"enemies":"Sentry and Sphere","floor":29,"turns":6},{"damage":5,"enemies":"Snecko","floor":30,"turns":7},{"damage":10,"enemies":"Collector","floor":33,"turns":12},{"damage":0,"enemies":"3 Shapes","floor":35,"turns":6},{"damage":4,"enemies":"3 Darklings","floor":37,"turns":7},{"damage":0,"enemies":"Maw","floor":39,"turns":8},{"damage":0,"enemies":"Sphere and 2 Shapes","floor":41,"turns":9},{"damage":8,"enemies":"4 Shapes","floor":45,"turns":7},{"damage":5,"enemies":"3 Darklings","floor":47,"turns":6},{"damage":35,"enemies":"Sphere and 2 Shapes","floor":48,"turns":6},{"damage":38,"enemies":"Donu and Deca","floor":50,"turns":13}],"event_choices":[{"event_name":"Living Wall","player_choice":"Grow","floor":4,"damage_taken":0},{"event_name":"Dead Adventurer","player_choice":"Searched \u00270\u0027 times","floor":7,"damage_taken":0},{"event_name":"The Library","player_choice":"Read","floor":19,"damage_taken":0},{"event_name":"Forgotten Altar","player_choice":"Shed Blood","floor":22,"damage_taken":0},{"event_name":"Back to Basics","player_choice":"Simplicity","floor":28,"damage_taken":0},{"event_name":"Tomb of Lord Red Mask","player_choice":"Ignored","floor":38,"damage_taken":0},{"event_name":"The Lab","player_choice":"Got Potions","floor":42,"damage_taken":0},{"event_name":"Mysterious Sphere","player_choice":"Ignore","floor":46,"damage_taken":0}],"boss_relics":[{"not_picked":["Black Star","Runic Dome","Lizard Tail"]},{"not_picked":["Snecko Eye","Calling Bell","Runic Pyramid"]}],"potions_floor_spawned":[1,2,11,12,14,25,27,30,35,37,47,48],"seed_played":"-4738065693577983135","ascension_level":0,"is_trial":false}