{"path_per_floor":["M","?","$","M","?","E","M","E","T","R","T","R","E","M","R","B",null,"M","M","$","?","?","R","M","R","T","$","?","M","$","E","R"],"character_chosen":"THE_SILENT","items_purchased":["Juzu Bracelet","Shovel","Bouncing Flask"],"gold_per_floor":[149,149,149,168,243,269,282,316,339,339,339,339,368,379,379,478,478,494,511,293,293,343,343,357,357,384,22,22,32,32,63,63,63],"floor_reached":33,"campfire_rested":4,"playtime":1969,"current_hp_per_floor":[63,63,63,63,52,34,30,17,17,38,38,38,18,18,39,15,56,56,53,53,53,53,53,22,43,43,43,27,19,19,19,40,23],"items_purged":["Strike_G"],"gold":63,"score":365,"play_id":"f13f6cb0-89ab-47d7-bd7b-97fefde83a19","local_time":"20180410214617","is_prod":false,"is_daily":false,"is_ascension_mode":true,"campfire_upgraded":2,"timestamp":1523411177,"path_taken":["M","?","$","M","?","E","M","E","T","R","?","R","E","M","R","BOSS","M","M","$","?","?","R","M","R","T","?","?","M","$","E","R","BOSS"],"build_version":"2018-04-05v2","purchased_purges":1,"victory":false,"master_deck":["Defend_G+1","Defend_G","Defend_G+1","Defend_G","Defend_G+1","Strike_G+1","Strike_G","Strike_G+1","Strike_G","Survivor","Neutralize+1","Malaise+1","Choke","Escape Plan","Footwork","Blur","Concentrate","Cloak And Dagger+1","Well Laid Plans","Bullet Time+1","Bouncing Flask","Necronomicurse","Burst"],"max_hp_per_floor":[70,70,70,70,70,70,70,70,70,70,70,70,70,70,70,70,70,70,70,70,70,70,70,70,70,70,70,70,70,70,70,70,70],"relics":["Ring of the Snake","Tiny Chest","Gremlin Food","Dream Catcher","Bronze Scales","The Specimen","Ancient Tea Set","White Beast Statue","Juzu Bracelet","War Paint","Shovel","Necronomicon","Bottled Tornado"],"card_choices":[{"not_picked":["Hidden Blade","Dash"],"picked":"Malaise","floor":1},{"not_picked":["Slice","Flying Knee"],"picked":"Choke","floor":4},{"not_picked":["Acrobatics","Hidden Blade"],"picked":"Escape Plan","floor":6},{"not_picked":["Underhanded Strike","Outmaneuver"],"picked":"Footwork","floor":7},{"not_picked":["Blade Dance","Deflect"],"picked":"Blur","floor":10},{"not_picked":["Fluid Movement","Night Terror"],"picked":"Concentrate","floor":13},{"not_picked":["Choke","Quick Slash"],"picked":"Cloak And Dagger","floor":14},{"not_picked":["Poisoned Stab","Dagger Spray"],"picked":"Well Laid Plans","floor":15},{"not_picked":["Die Die Die","Burst"],"picked":"Bullet Time","floor":16},{"not_picked":["Flying Knee","Prepared"],"picked":"Burst","floor":31}],"player_experience":277212,"potions_floor_usage":[4,8,8,16,31,31,31,33],"damage_taken":[{"damage":0,"enemies":"Small Slimes","floor":1,"turns":4},{"damage":0,"enemies":"2 Louse","floor":4,"turns":1},{"damage":18,"enemies":"Gremlin Nob","floor":6,"turns":6},{"damage":4,"enemies":"Jaw Worm","floor":7,"turns":2},{"damage":13,"enemies":"3 Sentries","floor":8,"turns":6},{"damage":20,"enemies":"Gremlin Nob","floor":13,"turns":5},{"damage":0,"enemies":"Looter","floor":14,"turns":4},{"damage":24,"enemies":"Slime Boss","floor":16,"turns":15},{"damage":0,"enemies":"3 Byrds","floor":18,"turns":5},{"damage":3,"enemies":"Shell Parasite","floor":19,"turns":8},{"damage":31,"enemies":"Chosen and Byrds","floor":24,"turns":10},{"damage":8,"enemies":"Centurion and Healer","floor":29,"turns":9},{"damage":15,"enemies":"Gremlin Leader","floor":31,"turns":11},{"damage":17,"enemies":"Champ","floor":33,"turns":10}],"event_choices":[{"event_name":"World of Goop","player_choice":"Gather Gold","floor":5,"damage_taken":0},{"event_name":"Chaos Ring Event","player_choice":"Ignored","floor":21,"damage_taken":0},{"event_name":"The Joust","player_choice":"Bet on Murderer","floor":22,"damage_taken":0},{"event_name":"Cursed Tome","player_choice":"Obtained Book","floor":28,"damage_taken":0}],"boss_relics":[{"not_picked":["Snecko Scales","Lizard Tail"],"picked":"White Beast Statue"}],"potions_floor_spawned":[1,4,6,8,14,18,19,24,29,31],"seed_played":"222325411270853786","killed_by":"Champ","ascension_level":6,"is_trial":false}