{"path_per_floor":["M","?","?","M","M","R","E","?","T","$","R","M","M","$","R","B",null,"M","?","M","?","?","$","?","M","T","T","M","R","$","M","R"],"character_chosen":"THE_SILENT","items_purchased":["Meat on the Bone","Strength Potion"],"gold_per_floor":[109,184,237,250,268,268,300,300,327,22,22,37,55,55,55,158,158,168,68,84,84,84,9,9,24,24,49,68,68,68,78,78,78],"floor_reached":33,"campfire_rested":2,"playtime":1995,"current_hp_per_floor":[62,51,23,23,23,44,10,7,7,7,28,37,41,41,41,40,63,47,47,46,46,46,46,30,34,34,34,35,35,35,38,38,0],"items_purged":["Defend_G"],"gold":78,"score":394,"play_id":"057fb2b5-4ab4-459c-b4bf-dbe00ef47f84","local_time":"20180412142034","is_prod":false,"is_daily":false,"is_ascension_mode":true,"campfire_upgraded":3,"timestamp":1523557234,"path_taken":["M","?","?","?","M","R","E","?","T","$","R","?","M","?","R","BOSS","M","?","M","?","?","$","?","?","T","?","?","R","?","M","R","BOSS"],"build_version":"2018-04-05v2","purchased_purges":1,"victory":false,"master_deck":["Defend_G+1","Survivor","Neutralize","AscendersBane","Hidden Blade+1","Prepared","Dagger Spray","Hidden Blade","Bouncing Flask","Cloak And Dagger","Bullet Time+1","Burst+1","Hidden Blade+1","Prepared+1","Bouncing Flask+1","J.A.X.","A Thousand Cuts+1","Bite","Bite","Bite","Bite","Bite","Necronomicurse","Toxin Wave+1","Choke+1"],"max_hp_per_floor":[70,70,70,70,70,70,70,70,70,70,70,70,70,70,70,70,70,70,70,70,70,49,49,49,49,49,49,49,49,49,49,49,49],"relics":["Ring of the Snake","Bag of Preparation","Funnel","War Paint","Toolbox","Bronze Scales","Meat on the Bone","Astrolabe","Necronomicon","Ice Cream","Pen Nib"],"card_choices":[{"not_picked":["PiercingWail","Reflex"],"picked":"Hidden Blade","floor":1},{"not_picked":["Poisoned Stab","Backflip"],"picked":"Prepared","floor":3},{"not_picked":["Glass Knife","Prepared"],"picked":"Dagger Spray","floor":3},{"not_picked":["Fluid Movement","Terror"],"picked":"Hidden Blade","floor":4},{"not_picked":["Dodge and Roll","Bullet Time"],"picked":"Bouncing Flask","floor":5},{"not_picked":["Sucker Punch","Deadly Poison"],"picked":"Cloak And Dagger","floor":12},{"not_picked":["Dagger Spray","Fluid Movement"],"picked":"Bullet Time","floor":13},{"not_picked":["Corpse Explosion","Phantasmal Killer"],"picked":"Burst","floor":16},{"not_picked":["Deflect","Outmaneuver"],"picked":"Toxin Wave","floor":25},{"not_picked":["Dagger Spray","Slice"],"picked":"Choke","floor":28}],"player_experience":331651,"potions_floor_usage":[16,16,16,33,33],"damage_taken":[{"damage":1,"enemies":"2 Louse","floor":1,"turns":4},{"damage":0,"enemies":"Jaw Worm","floor":4,"turns":4},{"damage":0,"enemies":"Small Slimes","floor":5,"turns":4},{"damage":34,"enemies":"Lagavulin","floor":7,"turns":7},{"damage":3,"enemies":"Looter","floor":12,"turns":3},{"damage":8,"enemies":"Exordium Thugs","floor":13,"turns":6},{"damage":13,"enemies":"Hexaghost","floor":16,"turns":6},{"damage":16,"enemies":"2 Thieves","floor":18,"turns":3},{"damage":13,"enemies":"Chosen","floor":20,"turns":4},{"damage":18,"enemies":"Snake Plant","floor":25,"turns":4},{"damage":3,"enemies":"Snecko","floor":28,"turns":4},{"damage":3,"enemies":"Cultist and Chosen","floor":31,"turns":2},{"damage":60,"enemies":"Champ","floor":33,"turns":6}],"event_choices":[{"event_name":"World of Goop","player_choice":"Gather Gold","floor":2,"damage_taken":0},{"event_name":"Trapped Chest","player_choice":"Triggered Chest Trap","floor":3,"damage_taken":0},{"event_name":"Trapped Chest","player_choice":"Dodge","floor":3,"damage_taken":0},{"event_name":"Scrap Ooze","player_choice":"success","floor":8,"damage_taken":3},{"event_name":"Drug Dealer","player_choice":"Got JAXXED","floor":19,"damage_taken":0},{"event_name":"The Library","player_choice":"Read","floor":21,"damage_taken":0},{"event_name":"Vampires","player_choice":"Became a vampire","floor":22,"damage_taken":0},{"event_name":"Cursed Tome","player_choice":"Obtained Book","floor":24,"damage_taken":0}],"boss_relics":[{"not_picked":["Snecko Eye","Velvet Choker"],"picked":"Astrolabe"}],"potions_floor_spawned":[4,5,12,16,18,31],"seed_played":"-6745030786432205615","killed_by":"Champ","ascension_level":10,"is_trial":false}