{"path_per_floor":["M","$","?","?","?","R","$","R","T","?","M","$","?","$","R","B",null,"M","M","?","$","M","R","M","R","T","M","?","R","$","M","R","B",null,"M","?","M","?","M","R","E","R","T","R","$","R","?","$","R","B"],"character_chosen":"THE_SILENT","items_purchased":["Adrenaline"],"gold_per_floor":[113,38,38,38,38,38,38,38,38,38,52,52,52,52,52,151,151,170,170,370,370,370,370,370,370,370,370,370,370,370,386,386,485,485,496,496,496,496,512,512,542,542,619,619,619,619,619,545,545,545],"floor_reached":51,"campfire_rested":10,"playtime":332,"current_hp_per_floor":[70,70,63,63,63,70,70,70,84,84,84,84,84,84,84,84,84,84,84,84,84,84,84,84,84,84,84,84,84,84,84,84,84,84,84,84,84,84,84,84,84,84,84,84,84,84,84,84,84,84],"items_purged":["Survivor"],"gold":545,"score":882,"play_id":"a35d2e46-fdb7-4db5-bc57-fcd4b78f420b","local_time":"20180411224642","is_prod":false,"is_daily":false,"is_ascension_mode":false,"campfire_upgraded":2,"timestamp":1523501202,"path_taken":["M","$","?","?","?","R","$","R","T","?","?","$","?","?","R","BOSS","M","M","?","$","M","R","?","R","T","M","?","R","$","M","R","BOSS","M","?","M","?","M","R","E","R","T","R","$","R","?","$","R","BOSS"],"build_version":"2018-04-05v2","purchased_purges":1,"victory":true,"master_deck":["Quick Slash+1","Backflip","Grand Finale+1","Backflip+1","Writhe","Adrenaline"],"max_hp_per_floor":[70,70,70,70,70,70,70,70,84,84,84,84,84,84,84,84,84,84,84,84,84,84,84,84,84,84,84,84,84,84,84,84,84,84,84,84,84,84,84,84,84,84,84,84,84,84,84,84,84,84],"relics":["Ring of the Snake","NeowsBlessing","Bag of Marbles","Mango","Pandora\u0027s Box","Eternal Feather","Shuriken","Darkstone Periapt"],"card_choices":[{"not_picked":["Footwork","Dash"],"picked":"Quick Slash","floor":1},{"not_picked":["Flying Knee","Dagger Spray"],"picked":"Backflip","floor":11},{"not_picked":["Unload","Envenom"],"picked":"Grand Finale","floor":16},{"not_picked":["Heel Hook","Cloak And Dagger"],"picked":"Backflip","floor":35}],"player_experience":308688,"potions_floor_usage":[],"damage_taken":[{"damage":0,"enemies":"2 Louse","floor":1,"turns":1},{"damage":0,"enemies":"Small Slimes","floor":11,"turns":1},{"damage":0,"enemies":"Hexaghost","floor":16,"turns":1},{"damage":0,"enemies":"3 Byrds","floor":18,"turns":1},{"damage":0,"enemies":"Spheric Guardian","floor":19,"turns":1},{"damage":0,"enemies":"Chosen and Byrds","floor":22,"turns":1},{"damage":0,"enemies":"3 Cultists","floor":24,"turns":1},{"damage":0,"enemies":"Centurion and Healer","floor":27,"turns":1},{"damage":0,"enemies":"Sentry and Sphere","floor":31,"turns":1},{"damage":0,"enemies":"Collector","floor":33,"turns":2},{"damage":0,"enemies":"3 Shapes","floor":35,"turns":1},{"damage":0,"enemies":"Orb Walker","floor":37,"turns":1},{"damage":0,"enemies":"3 Darklings","floor":39,"turns":1},{"damage":0,"enemies":"Nemesis","floor":41,"turns":1},{"damage":0,"enemies":"Donu and Deca","floor":50,"turns":1}],"event_choices":[{"event_name":"Golden Wing","player_choice":"Card Removal","floor":3,"damage_taken":0},{"event_name":"Wheel of Change","player_choice":"Relic","floor":4,"damage_taken":0},{"event_name":"The Cleric","player_choice":"Leave","floor":5,"damage_taken":0},{"event_name":"Accursed Blacksmith","player_choice":"Ignore","floor":10,"damage_taken":0},{"event_name":"Golden Idol","player_choice":"Ignored","floor":13,"damage_taken":0},{"event_name":"The Joust","player_choice":"Bet on Owner","floor":20,"damage_taken":0},{"event_name":"Vampires","player_choice":"Ignored","floor":28,"damage_taken":0},{"event_name":"Winding Halls","player_choice":"Writhe","floor":36,"damage_taken":0},{"event_name":"SensoryStone","player_choice":"Memory 1","floor":38,"damage_taken":0},{"event_name":"Mysterious Sphere","player_choice":"Ignore","floor":47,"damage_taken":0}],"boss_relics":[{"not_picked":["Cursed Key","Orrery"],"picked":"Pandora\u0027s Box"},{"not_picked":["Philosopher\u0027s Stone","Velvet Choker"],"picked":"Eternal Feather"}],"potions_floor_spawned":[1,11,18,27,31,37,41],"seed_played":"-19327902","ascension_level":0,"is_trial":false}