{"path_per_floor":["M","M","?","?","M","E","M","E","T","M","R","$","R","M","R","B",null,"M","?","$","M","$","E","M","M","T","R","?","T","M","M","R","B",null,"M","$","?","?","M","R","?","M","T","?","M","R","M","$","R","B"],"character_chosen":"THE_SILENT","items_purchased":["Gremlin Food","After Image","Baseball","Ornamental Fan","Dash"],"gold_per_floor":[112,130,130,130,141,172,187,218,518,531,531,311,311,330,330,426,426,445,415,315,335,37,64,75,89,113,113,113,113,133,153,153,251,251,265,265,265,265,282,282,282,298,298,298,312,312,324,32,32,32],"floor_reached":51,"campfire_rested":5,"playtime":2379,"current_hp_per_floor":[70,66,71,64,64,50,47,5,5,5,27,27,49,49,49,64,75,75,75,75,60,60,51,51,51,51,73,57,57,41,36,58,39,75,53,53,53,53,53,75,75,75,75,75,68,68,68,68,68,35],"items_purged":["Defend_G","Corpse Explosion"],"gold":32,"score":704,"play_id":"e09821ad-8fc0-4693-9c87-280572e08f9a","local_time":"20180410143744","is_prod":false,"is_daily":false,"is_ascension_mode":false,"campfire_upgraded":3,"timestamp":1523385464,"path_taken":["M","?","?","?","?","E","M","E","T","?","R","$","R","?","R","BOSS","M","?","$","M","$","E","M","M","T","R","?","?","?","M","R","BOSS","M","$","?","?","M","R","?","M","T","?","?","R","M","$","R","BOSS"],"build_version":"2018-04-05v2","purchased_purges":3,"victory":true,"master_deck":["Strike_G+1","Strike_G","Strike_G","Strike_G","Survivor","Neutralize+1","Dramatic Entrance","Dagger Spray","Quick Slash+1","Backstab+1","Quick Slash","Storm of Steel+1","Setup+1","Acrobatics","After Image+1","Malaise+1","Necronomicurse","Acrobatics+1","Dash+1","Dash+1","Caltrops+1","Writhe","Dash"],"max_hp_per_floor":[70,70,75,75,75,75,75,75,75,75,75,75,75,75,75,75,75,75,75,75,75,75,75,75,75,75,75,75,75,75,75,75,75,75,75,75,75,75,75,75,75,75,75,75,75,75,75,75,75,75],"relics":["Ring of the Snake","Pantograph","Onion Ring","Old Coin","Gremlin Food","Astrolabe","Baseball","Toolbox","Bronze Scales","Necronomicon","The Specimen","Du-Vu Doll","Ornamental Fan"],"card_choices":[{"not_picked":["Deadly Poison","Caltrops"],"picked":"Dagger Spray","floor":5},{"not_picked":["Dagger Throw","Outmaneuver"],"picked":"Quick Slash","floor":7},{"not_picked":["Catalyst","Concentrate"],"picked":"Backstab","floor":8},{"not_picked":["Backflip","Envenom"],"picked":"Quick Slash","floor":14},{"not_picked":["Deadly Poison","Terror"],"picked":"Acrobatics","floor":21},{"not_picked":["Skewer","Underhanded Strike"],"picked":"Malaise","floor":24},{"not_picked":["Fluid Movement","Dagger Throw"],"picked":"Acrobatics","floor":30},{"not_picked":["Backflip","Bouncing Flask"],"picked":"Dash","floor":31},{"not_picked":["Flying Knee","Cloak And Dagger"],"picked":"Dash","floor":35},{"not_picked":["Bane","Blade Dance"],"picked":"Caltrops","floor":42}],"player_experience":251723,"potions_floor_usage":[8,16,23,23,33,33,47,50],"damage_taken":[{"damage":0,"enemies":"Cultist","floor":1,"turns":5},{"damage":4,"enemies":"Jaw Worm","floor":2,"turns":5},{"damage":0,"enemies":"Small Slimes","floor":5,"turns":4},{"damage":14,"enemies":"3 Sentries","floor":6,"turns":7},{"damage":3,"enemies":"Exordium Wildlife","floor":7,"turns":4},{"damage":42,"enemies":"Lagavulin","floor":8,"turns":7},{"damage":0,"enemies":"Large Slime","floor":10,"turns":3},{"damage":0,"enemies":"3 Louse","floor":14,"turns":1},{"damage":10,"enemies":"Slime Boss","floor":16,"turns":7},{"damage":0,"enemies":"3 Byrds","floor":18,"turns":3},{"damage":15,"enemies":"Shell Parasite","floor":21,"turns":3},{"damage":18,"enemies":"Gremlin Leader","floor":23,"turns":5},{"damage":0,"enemies":"Chosen and Byrds","floor":24,"turns":4},{"damage":0,"enemies":"Snecko","floor":25,"turns":3},{"damage":16,"enemies":"Snake Plant","floor":30,"turns":4},{"damage":5,"enemies":"Chosen and Byrds","floor":31,"turns":3},{"damage":36,"enemies":"Collector","floor":33,"turns":8},{"damage":22,"enemies":"3 Darklings","floor":35,"turns":5},{"damage":0,"enemies":"3 Shapes","floor":39,"turns":2},{"damage":0,"enemies":"Sphere and 2 Shapes","floor":42,"turns":3},{"damage":7,"enemies":"3 Darklings","floor":45,"turns":3},{"damage":0,"enemies":"Maw","floor":47,"turns":7},{"damage":40,"enemies":"Time Eater","floor":50,"turns":14}],"event_choices":[{"event_name":"Big Fish","player_choice":"Donut","floor":3,"damage_taken":0},{"event_name":"Golden Wing","player_choice":"Card Removal","floor":4,"damage_taken":0},{"event_name":"The Woman in Blue","player_choice":"Bought 2 Potions","floor":19,"damage_taken":0},{"event_name":"Cursed Tome","player_choice":"Obtained Book","floor":28,"damage_taken":0},{"event_name":"Mysterious Sphere","player_choice":"Ignore","floor":37,"damage_taken":0},{"event_name":"Tomb of Lord Red Mask","player_choice":"Ignored","floor":41,"damage_taken":0},{"event_name":"Winding Halls","player_choice":"Writhe","floor":44,"damage_taken":0}],"boss_relics":[{"not_picked":["Orrery","Runic Pyramid"],"picked":"Astrolabe"},{"not_picked":["Snecko Scales","Velvet Choker","Ooze Armor"]}],"potions_floor_spawned":[5,8,14,16,21,24,25,30,45],"seed_played":"2623773302888006846","ascension_level":0,"is_trial":false}