{"path_per_floor":["M","M","M","?","?","E","R","E","T","E","$","R","M","?","R"],"character_chosen":"THE_SILENT","items_purchased":["Bag of Preparation"],"gold_per_floor":[13,32,50,50,50,82,82,117,117,151,7,7,20,20,20,20],"floor_reached":16,"campfire_rested":2,"playtime":693,"current_hp_per_floor":[62,62,62,62,62,30,51,44,44,23,23,23,25,11,32,0],"items_purged":[],"gold":20,"score":183,"play_id":"e6e3233d-8065-42a4-be46-fe36accd4e5d","local_time":"20180413191415","is_prod":false,"is_daily":false,"chose_seed":false,"is_ascension_mode":true,"campfire_upgraded":1,"timestamp":1523661255,"path_taken":["M","M","M","?","?","E","R","E","T","E","$","R","M","?","R","BOSS"],"build_version":"2018-04-12","seed_source_timestamp":371506989420276,"purchased_purges":0,"victory":false,"master_deck":["Defend_G","Defend_G","Defend_G","Defend_G","Strike_G","Strike_G","Strike_G","Survivor","Neutralize+1","AscendersBane","Glass Knife","Burst+1","Backflip","Backstab","Dagger Spray","Concentrate","Infinite Blades+1","Backstab"],"max_hp_per_floor":[70,70,70,70,70,70,70,70,70,70,70,70,70,70,70,70],"relics":["Ring of the Snake","Blood Vial","Tingsha","Bottled Lightning","Prayer Wheel","Bag of Preparation"],"card_choices":[{"not_picked":["Deadly Poison","PiercingWail"],"picked":"Backflip","floor":1},{"not_picked":["Prepared","Leg Sweep"],"picked":"Backstab","floor":2},{"not_picked":["Flying Knee","Deadly Poison"],"picked":"Dagger Spray","floor":6},{"not_picked":["Tactician","Poisoned Stab"],"picked":"Concentrate","floor":8},{"not_picked":["Expertise","Flying Knee"],"picked":"Infinite Blades","floor":10},{"not_picked":["Accuracy","Deflect"],"picked":"Backstab","floor":13}],"player_experience":349614,"potions_floor_usage":[16],"damage_taken":[{"damage":1,"enemies":"2 Louse","floor":1,"turns":3},{"damage":0,"enemies":"Cultist","floor":2,"turns":4},{"damage":0,"enemies":"Small Slimes","floor":3,"turns":3},{"damage":32,"enemies":"Gremlin Nob","floor":6,"turns":5},{"damage":9,"enemies":"3 Sentries","floor":8,"turns":8},{"damage":23,"enemies":"Gremlin Nob","floor":10,"turns":4},{"damage":0,"enemies":"Looter","floor":13,"turns":2},{"damage":38,"enemies":"Hexaghost","floor":16,"turns":10}],"event_choices":[{"event_name":"Bonfire Elementals","player_choice":"BASIC","floor":4,"damage_taken":0},{"event_name":"The Lab","player_choice":"Got Potions","floor":5,"damage_taken":0},{"event_name":"Shining Light","player_choice":"Entered Light","floor":14,"damage_taken":0}],"boss_relics":[],"potions_floor_spawned":[1,3,13],"seed_played":"7720985380344949682","killed_by":"Hexaghost","ascension_level":11,"is_trial":false}