{"path_per_floor":["M","M","?","$","M","E","R","E","T","?","M","M","?","?","R","B",null,"M","M","M","M","$","E","R","?","T","?","R","M","M","$","R","B",null,"?","?","?","?","?","T","?","?","T","T","?","?","?","?","T","B"],"character_chosen":"THE_SILENT","items_purchased":["Shuriken"],"gold_per_floor":[110,127,127,52,65,94,94,124,124,124,143,153,153,153,153,252,252,265,285,299,316,77,102,102,102,102,102,102,120,136,36,36,138,138,148,162,182,182,201,201,214,0,0,0,34,45,45,55,55,55],"floor_reached":51,"campfire_rested":1,"playtime":4339,"current_hp_per_floor":[63,63,63,63,63,48,48,45,45,38,38,37,70,70,70,70,70,51,48,22,15,15,15,36,36,36,35,35,35,35,35,35,13,50,44,46,48,48,50,50,52,52,52,52,54,55,55,55,55,26],"items_purged":["Defend_G","Masterful Stab"],"gold":55,"score":1116,"play_id":"2c08a9b0-6e5b-4c50-88cd-e486cd8f9f94","local_time":"20180412121631","is_prod":false,"is_daily":false,"is_ascension_mode":true,"campfire_upgraded":2,"timestamp":1523549791,"path_taken":["M","M","?","$","?","E","R","E","T","?","M","M","?","?","R","BOSS","M","M","M","M","$","E","R","?","T","?","R","M","M","$","R","BOSS","?","?","?","?","?","T","?","?","T","T","?","?","?","?","T","BOSS"],"build_version":"2018-04-05v2","purchased_purges":2,"victory":true,"master_deck":["Defend_G+1","Defend_G","Strike_G","Strike_G+1","Strike_G","Strike_G","Survivor","Neutralize+1","Backstab","Malaise","Dagger Throw","Dagger Spray+1","Flying Knee","Concentrate+1","Night Terror","Underhanded Strike","Reflex","Calculated Gamble","Deflect","Distraction","Ghostly","Ghostly","Ghostly","Ghostly","Ghostly","Backstab","Tactician","Finisher","Underhanded Strike","Expertise","PiercingWail","Prepared","Grand Finale","Choke","Reflex"],"max_hp_per_floor":[70,70,70,70,70,70,70,70,70,70,70,70,70,70,70,70,70,70,70,70,70,70,70,70,70,70,35,35,35,35,35,35,35,55,55,55,55,55,55,55,55,55,55,55,55,55,55,55,55,55],"relics":["Honey Jar","Ice Cream","Simple Rune","Orichalcum","Sozu","Shuriken","Gremlin Food","Shovel","Question Card","Blood Vial","Painkiller Herb","Ancient Bracer","Red Mask","The Specimen","Pen Nib","Thread and Needle","Lantern"],"card_choices":[{"not_picked":["Concentrate","Outmaneuver","Terror"],"picked":"Backstab","floor":1.0},{"not_picked":["Choke","Acrobatics","Prepared"],"picked":"Malaise","floor":2.0},{"not_picked":["Noxious Fumes","Outmaneuver","Bane"],"picked":"Dagger Throw","floor":5.0},{"not_picked":["Dash","Backstab","Sucker Punch"],"picked":"Dagger Spray","floor":6.0},{"not_picked":["Accuracy","Cloak And Dagger","Footwork"],"picked":"Flying Knee","floor":8.0},{"not_picked":["Envenom","Slice","Hidden Blade"],"picked":"Concentrate","floor":11.0},{"not_picked":["Dodge and Roll","Dagger Spray","Acrobatics"],"picked":"Backstab","floor":12.0},{"not_picked":["Envenom","Atom Bomb","Night Terror"],"picked":"Night Terror","floor":16.0},{"not_picked":["Cloak And Dagger","Poisoned Stab","Dagger Throw"],"picked":"Underhanded Strike","floor":18.0},{"not_picked":["Fluid Movement","Dodge and Roll","Caltrops"],"picked":"Reflex","floor":19.0},{"not_picked":["Deflect","Endless Agony","Night Terror"],"picked":"Calculated Gamble","floor":20.0},{"not_picked":["Noxious Fumes","Infinite Blades","Outmaneuver"],"picked":"Flying Knee","floor":21.0},{"not_picked":["Bouncing Flask","Hidden Blade","Choke"],"picked":"Deflect","floor":23.0},{"not_picked":["Deflect","Backflip","Poisoned Stab","Backstab"],"picked":"Backstab","floor":29},{"not_picked":["PiercingWail","Calculated Gamble","Setup","Escape Plan"],"picked":"Masterful Stab","floor":30},{"not_picked":["Burst","Die Die Die","Wraith Form","A Thousand Cuts"],"picked":"Tactician","floor":33},{"not_picked":["Acrobatics","Blade Dance","Quick Slash","Leg Sweep"],"picked":"Finisher","floor":35},{"not_picked":["Endless Agony","Dagger Throw","Flying Knee","Noxious Fumes"],"picked":"Underhanded Strike","floor":36},{"not_picked":["Backflip","Outmaneuver","Underhanded Strike","Deflect"],"picked":"Expertise","floor":37},{"not_picked":["Cloak And Dagger","Quick Slash","Footwork","Bouncing Flask"],"picked":"PiercingWail","floor":39},{"not_picked":["Masterful Stab","Catalyst","Doppelganger","Poisoned Stab"],"picked":"Prepared","floor":41},{"not_picked":["Slice","Acrobatics","Blade Dance","Infinite Blades"],"picked":"Grand Finale","floor":45},{"not_picked":["Acrobatics","Infinite Blades","Backflip","Dagger Throw"],"picked":"Choke","floor":46},{"not_picked":["Dodge and Roll","Footwork","Caltrops","Deadly Poison"],"picked":"Reflex","floor":48}],"player_experience":322053,"potions_floor_usage":[41,50,50],"damage_taken":[{"damage":0.0,"enemies":"2 Louse","floor":1.0,"turns":3.0},{"damage":0.0,"enemies":"Small Slimes","floor":2.0,"turns":3.0},{"damage":0.0,"enemies":"Cultist","floor":5.0,"turns":3.0},{"damage":15.0,"enemies":"Gremlin Nob","floor":6.0,"turns":4.0},{"damage":3.0,"enemies":"Lagavulin","floor":8.0,"turns":10.0},{"damage":0.0,"enemies":"Exordium Thugs","floor":11.0,"turns":2.0},{"damage":1.0,"enemies":"Blue Slaver","floor":12.0,"turns":3.0},{"damage":0.0,"enemies":"The Guardian","floor":16.0,"turns":13.0},{"damage":19.0,"enemies":"Spheric Guardian","floor":18.0,"turns":4.0},{"damage":3.0,"enemies":"Shell Parasite","floor":19.0,"turns":4.0},{"damage":26.0,"enemies":"Cultist and Chosen","floor":20.0,"turns":6.0},{"damage":7.0,"enemies":"3 Cultists","floor":21.0,"turns":4.0},{"damage":0.0,"enemies":"Gremlin Leader","floor":23.0,"turns":7.0},{"damage":0.0,"enemies":"Centurion and Healer","floor":29.0,"turns":6.0},{"damage":0,"enemies":"Snake Plant","floor":30,"turns":6},{"damage":22,"enemies":"Champ","floor":33,"turns":15},{"damage":8,"enemies":"Orb Walker","floor":35,"turns":5},{"damage":0,"enemies":"3 Darklings","floor":36,"turns":6},{"damage":0,"enemies":"4 Shapes","floor":37,"turns":5},{"damage":0,"enemies":"Maw","floor":39,"turns":7},{"damage":0,"enemies":"3 Darklings","floor":41,"turns":6},{"damage":0,"enemies":"2 Orb Walkers","floor":45,"turns":6},{"damage":0,"enemies":"4 Shapes","floor":46,"turns":5},{"damage":0,"enemies":"Sphere and 2 Shapes","floor":48,"turns":6},{"damage":39,"enemies":"Time Eater","floor":50,"turns":17}],"event_choices":[{"event_name":"Living Wall","player_choice":"Forget","floor":3.0,"damage_taken":0.0},{"event_name":"Golden Wing","player_choice":"Card Removal","floor":10.0,"damage_taken":0.0},{"event_name":"Bonfire Elementals","player_choice":"UNCOMMON","floor":13.0,"damage_taken":0.0},{"event_name":"The Woman in Blue","player_choice":"Bought 0 Potions","floor":14.0,"damage_taken":0.0},{"event_name":"Transmorgrifier","player_choice":"Transform","floor":25.0,"damage_taken":0.0},{"event_name":"Ghosts","player_choice":"Became a Ghost","floor":27.0,"damage_taken":0.0},{"event_name":"Tomb of Lord Red Mask","player_choice":"Paid","floor":42,"damage_taken":0},{"event_name":"Chaos Ring Event","player_choice":"Ignored","floor":47,"damage_taken":0}],"boss_relics":[{"not_picked":["Calling Bell","Eternal Feather"],"picked":"Painkiller Herb"}],"potions_floor_spawned":[1,2,11,12,18,19,30,33,35,36,48],"seed_played":"8004828580852265162","ascension_level":8,"is_trial":false}