{"path_per_floor":["M","?","M","?","M","E","R","M","T","?","E","$","T","M","R"],"character_chosen":"THE_SILENT","items_purchased":["Flying Knee"],"gold_per_floor":[110,285,301,301,315,348,348,360,360,419,451,327,352,370,370,370],"floor_reached":16,"campfire_rested":2,"playtime":1101,"current_hp_per_floor":[63,63,55,55,50,24,45,41,41,39,4,4,4,4,25,0],"items_purged":["Strike_G"],"gold":370,"score":165,"play_id":"d5bc3e3a-1ac3-4e43-9a83-cf9688beda31","local_time":"20180412213511","is_prod":false,"is_daily":false,"is_ascension_mode":true,"campfire_upgraded":0,"timestamp":1523583311,"path_taken":["M","?","M","?","?","E","R","M","T","?","E","$","?","M","R","BOSS"],"build_version":"2018-04-05v2","purchased_purges":1,"victory":false,"master_deck":["Defend_G","Defend_G","Defend_G+1","Defend_G","Defend_G+1","Strike_G","Strike_G+1","Strike_G","Strike_G","Survivor","Neutralize","AscendersBane","Flechettes+1","Cloak And Dagger","Finisher","Blade Dance","Dagger Spray","Flying Knee","Malaise"],"max_hp_per_floor":[70,70,70,70,70,70,70,70,70,70,70,70,70,70,70,70],"relics":["White Beast Statue","War Paint","Shovel","Torii","Whetstone","Anchor"],"card_choices":[{"not_picked":["Eviscerate","Deflect"],"picked":"Flechettes","floor":1},{"not_picked":["Prepared","Deadly Poison"],"picked":"Cloak And Dagger","floor":3},{"not_picked":["Quick Slash","Sucker Punch"],"picked":"Finisher","floor":5},{"not_picked":["Flechettes","Outmaneuver"],"picked":"Blade Dance","floor":6},{"not_picked":["Dagger Throw","Deflect"],"picked":"Dagger Spray","floor":10},{"not_picked":["Outmaneuver","Distraction"],"picked":"Malaise","floor":14}],"player_experience":340612,"potions_floor_usage":[3,10,10,11,11,11,14],"damage_taken":[{"damage":0,"enemies":"Small Slimes","floor":1,"turns":6},{"damage":8,"enemies":"Jaw Worm","floor":3,"turns":8},{"damage":5,"enemies":"Cultist","floor":5,"turns":6},{"damage":26,"enemies":"3 Sentries","floor":6,"turns":11},{"damage":4,"enemies":"2 Fungi Beasts","floor":8,"turns":4},{"damage":2,"enemies":"3 Sentries","floor":10,"turns":8},{"damage":35,"enemies":"Lagavulin","floor":11,"turns":8},{"damage":0,"enemies":"Gremlin Gang","floor":14,"turns":5},{"damage":28,"enemies":"Hexaghost","floor":16,"turns":16}],"event_choices":[{"event_name":"Liars Game","player_choice":"agreed","floor":2,"damage_taken":0},{"event_name":"Fountain of Cleansing","player_choice":"Removed Curse","floor":4,"damage_taken":0},{"event_name":"Dead Adventurer","player_choice":"Searched \u00271\u0027 times","floor":10,"damage_taken":0}],"boss_relics":[],"potions_floor_spawned":[1,3,5,6,8,10,10,11,14],"seed_played":"7711126584207136865","killed_by":"Hexaghost","ascension_level":10,"is_trial":false}