{"path_per_floor":["M","$","M","T","$","R","M","M","T","M","M","E","R","M","R","B",null,"M","$","M","?","?","R","M","R","T","M","M","R","M","M","R","B",null,"M","?"],"character_chosen":"THE_SILENT","items_purchased":["Whetstone"],"gold_per_floor":[219,144,163,215,70,70,82,97,97,109,121,150,150,169,169,268,268,279,179,195,195,195,195,212,212,212,226,244,244,264,281,281,378,378,398,398,398],"floor_reached":37,"campfire_rested":0,"playtime":1393,"current_hp_per_floor":[70,70,70,70,70,70,70,70,70,70,70,42,42,38,38,38,70,63,63,63,63,63,63,63,63,63,63,53,53,43,43,43,32,70,70,61,0],"items_purged":["Defend_G","Strike_G"],"gold":398,"score":425,"play_id":"4f7e1108-4b09-4bfd-a055-45eba3cdaf60","local_time":"20180410135709","is_prod":false,"is_daily":false,"is_ascension_mode":false,"campfire_upgraded":7,"timestamp":1523383029,"path_taken":["M","$","?","?","?","R","M","M","T","M","M","E","R","M","R","BOSS","M","$","M","?","?","R","M","R","T","M","?","R","M","M","R","BOSS","M","?","?"],"build_version":"2018-04-05v2","purchased_purges":3,"victory":false,"master_deck":["Defend_G","Defend_G+1","Defend_G","Defend_G","Strike_G+1","Strike_G","Strike_G+8","Strike_G+1","Survivor","Neutralize","Dagger Spray","Quick Slash","Night Terror","Calculated Gamble","Acrobatics+1","Madness","Madness"],"max_hp_per_floor":[70,70,70,70,70,70,70,70,70,70,70,70,70,70,70,70,70,70,70,70,70,70,70,70,70,70,70,70,70,70,70,70,70,70,70,70,70],"relics":["Ring of the Snake","Simple Rune","Whetstone","Snake Skull","Peace Pipe","Sozu","Girya","Ooze Armor"],"card_choices":[{"not_picked":["Flying Knee","Slice"],"picked":"Dagger Spray","floor":1},{"not_picked":["Masterful Stab","Backflip"],"picked":"Quick Slash","floor":3},{"not_picked":["Setup","Quick Slash"],"picked":"Night Terror","floor":10},{"not_picked":["Poisoned Stab","Prepared"],"picked":"Calculated Gamble","floor":18},{"not_picked":["Dagger Spray","PiercingWail"],"picked":"Acrobatics","floor":35}],"player_experience":250330,"potions_floor_usage":[16,30,33],"damage_taken":[{"damage":0,"enemies":"Cultist","floor":1,"turns":6},{"damage":0,"enemies":"Jaw Worm","floor":3,"turns":5},{"damage":0,"enemies":"Small Slimes","floor":7,"turns":2},{"damage":0,"enemies":"2 Fungi Beasts","floor":8,"turns":3},{"damage":0,"enemies":"Looter","floor":10,"turns":2},{"damage":0,"enemies":"Blue Slaver","floor":11,"turns":3},{"damage":28,"enemies":"Lagavulin","floor":12,"turns":7},{"damage":4,"enemies":"3 Louse","floor":14,"turns":2},{"damage":0,"enemies":"Slime Boss","floor":16,"turns":6},{"damage":7,"enemies":"Shell Parasite","floor":18,"turns":4},{"damage":0,"enemies":"3 Byrds","floor":20,"turns":4},{"damage":0,"enemies":"Cultist and Chosen","floor":24,"turns":3},{"damage":0,"enemies":"Chosen and Byrds","floor":27,"turns":5},{"damage":10,"enemies":"Snake Plant","floor":28,"turns":2},{"damage":10,"enemies":"Slaver and Parasite","floor":30,"turns":2},{"damage":0,"enemies":"Snecko","floor":31,"turns":2},{"damage":11,"enemies":"Champ","floor":33,"turns":4},{"damage":0,"enemies":"3 Darklings","floor":35,"turns":2},{"damage":61,"enemies":"Mysterious Sphere","floor":37,"turns":4}],"event_choices":[{"event_name":"Drug Dealer","player_choice":"Ignored","floor":21,"damage_taken":0},{"event_name":"Vampires","player_choice":"Ignored","floor":22,"damage_taken":0},{"event_name":"Winding Halls","player_choice":"Embrace Madness","floor":36,"damage_taken":0},{"event_name":"Mysterious Sphere","player_choice":"Fight","floor":37,"damage_taken":0}],"boss_relics":[{"not_picked":["Pandora\u0027s Box","Calling Bell"],"picked":"Sozu"},{"not_picked":["Orrery","Velvet Choker"],"picked":"Ooze Armor"}],"potions_floor_spawned":[7,12,16,27,28,30,31],"seed_played":"-7253568825620413632","killed_by":"Mysterious Sphere","ascension_level":0,"is_trial":false}