{"path_per_floor":["M","M","?","?","M","E","M","E","T","M","M","$","R","E","R","B",null,"M","?","?","$","M","R","E","M","T","E","M","M","R","E","R","B",null,"M","?","T","$","?"],"character_chosen":"THE_SILENT","items_purchased":["Regal Pillow","Snake Skull","Strange Spoon","Dream Catcher"],"gold_per_floor":[113,123,93,157,167,195,211,237,318,334,352,129,129,162,162,262,262,278,278,278,178,189,189,222,234,285,317,337,349,349,380,380,482,482,495,495,573,32,32,32],"floor_reached":40,"campfire_rested":1,"playtime":3495,"current_hp_per_floor":[63,63,63,63,63,50,50,31,31,31,31,31,67,60,60,51,65,64,51,51,51,51,57,52,46,46,34,24,20,26,26,32,20,79,81,81,81,81,81,0],"items_purged":["Eviscerate","Deflect","Dagger Spray"],"gold":32,"score":661,"play_id":"902cbc87-b233-4c5f-b43e-a44965ef764e","local_time":"20180410211232","is_prod":false,"is_daily":false,"is_ascension_mode":true,"campfire_upgraded":4,"timestamp":1523409152,"path_taken":["M","M","?","?","M","E","M","E","T","M","?","$","R","E","R","BOSS","M","?","?","$","M","R","E","M","T","E","M","M","R","E","R","BOSS","M","?","?","$","?","BOSS"],"build_version":"2018-04-05v2","purchased_purges":3,"victory":false,"master_deck":["Survivor","Neutralize","Prepared+1","Poisoned Stab","Cloak And Dagger","Setup","Predator","Dodge and Roll","Setup+1","Noxious Fumes+1","Dash","Grand Finale","Hidden Blade","Grand Finale","Malaise+1","Well Laid Plans","Backflip+1","Escape Plan","Acrobatics+1","Hidden Blade+1"],"max_hp_per_floor":[70,70,70,70,70,70,70,70,70,70,70,70,70,70,70,70,70,70,75,75,75,75,75,85,85,85,85,87,89,89,89,89,91,97,99,99,99,99,99,99],"relics":["Pandora\u0027s Box","Mercury Hourglass","Simple Rune","Anchor","Garlic","Regal Pillow","Tough Bandages","Eternal Feather","Pear","Orichalcum","Singing Bowl","Pen Nib","Orrery","Smiling Mask","Snake Skull","Strange Spoon","Dream Catcher"],"card_choices":[{"not_picked":["Backflip","Deflect"],"picked":"Noxious Fumes","floor":1},{"not_picked":["Acrobatics","Flechettes"],"picked":"Dash","floor":4},{"not_picked":["Deadly Poison","Blur"],"picked":"Grand Finale","floor":5},{"not_picked":["Endless Agony","Blade Dance"],"picked":"Hidden Blade","floor":6},{"not_picked":["Sucker Punch","Backflip"],"picked":"Grand Finale","floor":14},{"not_picked":["Catalyst","Bane"],"picked":"Malaise","floor":18},{"not_picked":["Dagger Throw","Poisoned Stab"],"picked":"Well Laid Plans","floor":22},{"not_picked":["Accuracy","Dagger Throw"],"picked":"Backflip","floor":27},{"not_picked":["Quick Slash","Hidden Blade"],"picked":"Escape Plan","floor":31},{"not_picked":["Backstab","Poisoned Stab"],"picked":"Acrobatics","floor":34},{"not_picked":["Poisoned Stab","Fluid Movement"],"picked":"Hidden Blade","floor":34}],"player_experience":273717,"potions_floor_usage":[40,40],"damage_taken":[{"damage":0,"enemies":"Small Slimes","floor":1,"turns":3},{"damage":0,"enemies":"Cultist","floor":2,"turns":3},{"damage":0,"enemies":"2 Louse","floor":5,"turns":2},{"damage":13,"enemies":"Lagavulin","floor":6,"turns":5},{"damage":0,"enemies":"Exordium Wildlife","floor":7,"turns":3},{"damage":19,"enemies":"3 Sentries","floor":8,"turns":6},{"damage":0,"enemies":"Looter","floor":10,"turns":3},{"damage":0,"enemies":"Lots of Slimes","floor":11,"turns":2},{"damage":7,"enemies":"Lagavulin","floor":14,"turns":7},{"damage":9,"enemies":"Hexaghost","floor":16,"turns":6},{"damage":1,"enemies":"2 Thieves","floor":18,"turns":4},{"damage":0,"enemies":"Shell Parasite","floor":22,"turns":5},{"damage":15,"enemies":"Slavers","floor":24,"turns":5},{"damage":6,"enemies":"Snecko","floor":25,"turns":6},{"damage":12,"enemies":"Book of Stabbing","floor":27,"turns":6},{"damage":12,"enemies":"Sentry and Sphere","floor":28,"turns":3},{"damage":6,"enemies":"Slaver and Parasite","floor":29,"turns":5},{"damage":0,"enemies":"Gremlin Leader","floor":31,"turns":5},{"damage":14,"enemies":"Automaton","floor":33,"turns":8},{"damage":0,"enemies":"3 Shapes","floor":35,"turns":5},{"damage":90,"enemies":"Awakened One","floor":40,"turns":13}],"event_choices":[{"event_name":"The Woman in Blue","player_choice":"Bought 2 Potions","floor":3,"damage_taken":0},{"event_name":"Trapped Chest","player_choice":"Triggered Chest Trap","floor":4,"damage_taken":0},{"event_name":"Trapped Chest","player_choice":"Dodge","floor":4,"damage_taken":0},{"event_name":"Forgotten Altar","player_choice":"Shed Blood","floor":19,"damage_taken":0},{"event_name":"Match and Keep!","player_choice":"0 cards matched","floor":20,"damage_taken":0},{"event_name":"Tomb of Lord Red Mask","player_choice":"Ignored","floor":36,"damage_taken":0},{"event_name":"SecretPortal","player_choice":"Took Portal.","floor":39,"damage_taken":0}],"boss_relics":[{"not_picked":["Calling Bell","Snecko Eye"],"picked":"Eternal Feather"},{"not_picked":["Runic Dome","Snecko Scales"],"picked":"Orrery"}],"potions_floor_spawned":[2,5,8,14,18,22,25,29,33,35],"seed_played":"3486959300897774465","killed_by":"Awakened One","ascension_level":6,"is_trial":false}