{"path_per_floor":["M","$","?","?","?","R","$","R","T","?","M","$","?","$","R","B",null,"M","M","?","$","M","R","M","R","T","M","?","R","$","M","R","B",null,"M","M","?","?","$","R","M","M","T","E","$","R","?","$","R","B"],"character_chosen":"THE_SILENT","items_purchased":[],"gold_per_floor":[116,116,116,116,66,66,66,66,66,66,83,83,83,83,83,182,182,192,203,303,303,322,322,341,341,368,384,384,384,384,395,395,494,494,514,532,532,532,457,457,470,480,549,581,581,581,627,627,627,627],"floor_reached":51,"campfire_rested":8,"playtime":325,"current_hp_per_floor":[70,70,63,63,63,70,70,70,70,70,70,70,70,70,70,70,70,70,70,70,70,70,70,70,70,70,70,70,70,70,70,70,70,70,70,70,70,70,70,70,70,70,70,70,70,70,70,70,70,70],"items_purged":["Writhe"],"gold":627,"score":884,"play_id":"5e60c32e-f296-47b4-b1fa-d92a6db9977c","local_time":"20180412182921","is_prod":false,"is_daily":false,"is_ascension_mode":false,"campfire_upgraded":2,"timestamp":1523572161,"path_taken":["M","$","?","?","?","R","$","R","T","?","?","$","?","?","R","BOSS","M","M","?","$","M","R","?","R","T","M","?","R","$","M","R","BOSS","M","M","?","?","$","R","M","M","T","E","$","R","?","$","R","BOSS"],"build_version":"2018-04-05v2","purchased_purges":1,"victory":true,"master_deck":["Quick Slash+1","Backflip","Grand Finale+1","Backflip+1"],"max_hp_per_floor":[70,70,70,70,70,70,70,70,70,70,70,70,70,70,70,70,70,70,70,70,70,70,70,70,70,70,70,70,70,70,70,70,70,70,70,70,70,70,70,70,70,70,70,70,70,70,70,70,70,70],"relics":["Ring of the Snake","NeowsBlessing","Pandora\u0027s Box","Bag of Marbles","Philosopher\u0027s Stone","Shuriken","Bag of Preparation","Calipers"],"card_choices":[{"not_picked":["Footwork","Dash"],"picked":"Quick Slash","floor":1},{"not_picked":["Flying Knee","Dagger Spray"],"picked":"Backflip","floor":11},{"not_picked":["Unload","Envenom"],"picked":"Grand Finale","floor":16},{"not_picked":["Heel Hook","Cloak And Dagger"],"picked":"Backflip","floor":35}],"player_experience":339899,"potions_floor_usage":[],"damage_taken":[{"damage":0,"enemies":"2 Louse","floor":1,"turns":1},{"damage":0,"enemies":"Small Slimes","floor":11,"turns":1},{"damage":0,"enemies":"Hexaghost","floor":16,"turns":1},{"damage":0,"enemies":"3 Byrds","floor":18,"turns":1},{"damage":0,"enemies":"Spheric Guardian","floor":19,"turns":1},{"damage":0,"enemies":"Chosen and Byrds","floor":22,"turns":2},{"damage":0,"enemies":"3 Cultists","floor":24,"turns":1},{"damage":0,"enemies":"Centurion and Healer","floor":27,"turns":1},{"damage":0,"enemies":"Sentry and Sphere","floor":31,"turns":1},{"damage":0,"enemies":"Collector","floor":33,"turns":2},{"damage":0,"enemies":"3 Shapes","floor":35,"turns":1},{"damage":0,"enemies":"Orb Walker","floor":36,"turns":1},{"damage":0,"enemies":"3 Darklings","floor":41,"turns":1},{"damage":0,"enemies":"Sphere and 2 Shapes","floor":42,"turns":1},{"damage":0,"enemies":"Nemesis","floor":44,"turns":1},{"damage":0,"enemies":"Mysterious Sphere","floor":47,"turns":1},{"damage":0,"enemies":"Donu and Deca","floor":50,"turns":1}],"event_choices":[{"event_name":"Golden Wing","player_choice":"Card Removal","floor":3,"damage_taken":0},{"event_name":"Transmorgrifier","player_choice":"Skipped","floor":4,"damage_taken":0},{"event_name":"The Cleric","player_choice":"Card Removal","floor":5,"damage_taken":0},{"event_name":"Upgrade Shrine","player_choice":"Skipped","floor":10,"damage_taken":0},{"event_name":"Golden Idol","player_choice":"Ignored","floor":13,"damage_taken":0},{"event_name":"Golden Shrine","player_choice":"Pray","floor":20,"damage_taken":0},{"event_name":"Vampires","player_choice":"Ignored","floor":28,"damage_taken":0},{"event_name":"Winding Halls","player_choice":"Writhe","floor":37,"damage_taken":0},{"event_name":"SensoryStone","player_choice":"Memory 1","floor":38,"damage_taken":0},{"event_name":"Mysterious Sphere","player_choice":"Fight","floor":47,"damage_taken":0}],"boss_relics":[{"not_picked":["Cursed Key","Orrery"],"picked":"Pandora\u0027s Box"},{"not_picked":["Eternal Feather","Velvet Choker"],"picked":"Philosopher\u0027s Stone"}],"potions_floor_spawned":[1,11,18,27,31,36,41,44],"seed_played":"-19327902","ascension_level":0,"is_trial":false}