{"path_per_floor":["M","?","?","$","?","R","E","?","T","E","M","R","M","M","R","B",null,"M","M","M","?","?","R","E","R","T","M","E","M","M","M","R","B",null,"M","?","?","M","?","R","M","$","T","M","$","?","R","T","R","B"],"character_chosen":"THE_SILENT","items_purchased":["Poisoned Stab","Ninja Scroll","Ornamental Fan","Infinite Blades","Strength Potion"],"gold_per_floor":[146,146,146,49,124,124,152,152,152,178,188,188,202,218,218,314,314,324,344,355,355,355,355,382,382,382,398,425,435,445,459,459,559,559,572,572,572,589,589,589,603,28,54,64,14,14,14,14,14,14],"floor_reached":51,"campfire_rested":1,"playtime":3401,"current_hp_per_floor":[62,62,62,62,51,51,28,53,53,49,49,49,48,41,41,8,58,37,37,24,49,49,49,47,47,47,47,44,44,44,41,41,8,58,58,58,58,53,53,53,48,48,48,48,48,39,39,39,61,33],"items_purged":["Strike_G"],"gold":14,"score":921,"play_id":"8fa8a688-df0e-4070-892b-56d885ea9422","local_time":"20180412103105","is_prod":false,"is_daily":false,"is_ascension_mode":true,"campfire_upgraded":5,"timestamp":1523543465,"path_taken":["M","?","?","$","?","R","E","?","T","E","?","R","?","?","R","BOSS","M","?","?","?","?","R","E","R","T","?","E","?","M","M","R","BOSS","M","?","?","?","?","R","M","?","T","?","$","?","R","?","R","BOSS"],"build_version":"2018-04-05v2","purchased_purges":1,"victory":true,"master_deck":["Defend_G+1","Defend_G+1","Defend_G+1","Defend_G+1","Strike_G+1","Strike_G+1","Strike_G+1","Strike_G+1","Survivor","Neutralize+1","Deadly Poison","Deadly Poison","Poisoned Stab","Accuracy+1","Cloak And Dagger","Glass Knife","Envenom","Hidden Blade+1","Malaise+1","PiercingWail+1","Backstab+1","Heel Hook","Dagger Spray","Phantasmal Killer","Prepared+1","Bullet Time+1","Acrobatics+1","Poisoned Strike","Hidden Blade+1","Dagger Throw+1","Infinite Blades+1","All Out Attack","Madness","Madness"],"max_hp_per_floor":[75,75,75,75,75,75,75,75,75,75,75,75,75,75,75,75,75,75,75,75,75,75,75,75,75,75,75,75,75,75,75,75,75,75,75,75,75,75,75,75,75,75,75,75,75,75,75,75,75,75],"relics":["Tiny House","Ancient Tea Set","Dead Branch","Girya","Honey Jar","Bottled Tornado","Paper Crane","Dream Catcher","Philosopher\u0027s Stone","Ninja Scroll","Ornamental Fan","Bag of Marbles","Tough Bandages"],"card_choices":[{"not_picked":["Outmaneuver","Blur"],"picked":"Deadly Poison","floor":0},{"not_picked":["Crippling Poison","Dodge and Roll"],"picked":"Deadly Poison","floor":1},{"not_picked":["Slice","Dash"],"picked":"Accuracy","floor":11},{"not_picked":["Bouncing Flask","Dash"],"picked":"Cloak And Dagger","floor":13},{"not_picked":["Underhanded Strike","Deadly Poison"],"picked":"Glass Knife","floor":14},{"not_picked":["Glass Knife","Die Die Die"],"picked":"Envenom","floor":16},{"not_picked":["Dagger Spray","Calculated Gamble","Dagger Throw"],"picked":"Hidden Blade","floor":18},{"not_picked":["Setup","Dodge and Roll","Poisoned Stab"],"picked":"Malaise","floor":19},{"not_picked":["Blur","Dodge and Roll","Expertise"],"picked":"PiercingWail","floor":20},{"not_picked":["Dagger Spray","Flying Knee","Expertise"],"picked":"Fluid Movement","floor":24},{"not_picked":["Prepared","Sucker Punch","Dodge and Roll"],"picked":"Backstab","floor":27},{"not_picked":["Unload","Quick Slash","Grand Finale"],"picked":"Heel Hook","floor":28},{"not_picked":["Skewer","Dodge and Roll","Flying Knee"],"picked":"Dagger Spray","floor":29},{"not_picked":["Quick Slash","Masterful Stab","Dagger Spray"],"picked":"Phantasmal Killer","floor":30},{"not_picked":["Acrobatics","PiercingWail","Bane"],"picked":"Prepared","floor":31},{"not_picked":["Atom Bomb","A Thousand Cuts","Phantasmal Killer"],"picked":"Bullet Time","floor":33},{"not_picked":["Dagger Spray","Prepared","Distraction"],"picked":"Acrobatics","floor":35},{"not_picked":["Improvise","Trip"],"picked":"Poisoned Strike","floor":37},{"not_picked":["Footwork","Flying Knee","PiercingWail"],"picked":"Hidden Blade","floor":38},{"not_picked":["Dagger Spray","Poisoned Stab","Flying Knee"],"picked":"Dagger Throw","floor":41},{"not_picked":["Bouncing Flask","Slice","Deflect"],"picked":"All Out Attack","floor":44}],"player_experience":316905,"potions_floor_usage":[16,28,31,33,33,44,50,50,50],"damage_taken":[{"damage":6,"enemies":"Jaw Worm","floor":1,"turns":5},{"damage":23,"enemies":"3 Sentries","floor":7,"turns":9},{"damage":4,"enemies":"Lagavulin","floor":10,"turns":5},{"damage":0,"enemies":"Cultist","floor":11,"turns":3},{"damage":1,"enemies":"2 Louse","floor":13,"turns":3},{"damage":7,"enemies":"Large Slime","floor":14,"turns":4},{"damage":33,"enemies":"Slime Boss","floor":16,"turns":8},{"damage":21,"enemies":"Shell Parasite","floor":18,"turns":5},{"damage":0,"enemies":"Spheric Guardian","floor":19,"turns":3},{"damage":13,"enemies":"Centurion and Healer","floor":20,"turns":6},{"damage":2,"enemies":"Book of Stabbing","floor":24,"turns":8},{"damage":0,"enemies":"Snecko","floor":27,"turns":4},{"damage":3,"enemies":"Slavers","floor":28,"turns":8},{"damage":0,"enemies":"Chosen and Byrds","floor":29,"turns":4},{"damage":0,"enemies":"3 Cultists","floor":30,"turns":4},{"damage":18,"enemies":"Centurion and Healer","floor":31,"turns":6},{"damage":33,"enemies":"Automaton","floor":33,"turns":10},{"damage":0,"enemies":"3 Darklings","floor":35,"turns":3},{"damage":5,"enemies":"Orb Walker","floor":38,"turns":3},{"damage":5,"enemies":"Maw","floor":41,"turns":4},{"damage":0,"enemies":"Sphere and 2 Shapes","floor":44,"turns":2},{"damage":28,"enemies":"Awakened One","floor":50,"turns":10}],"event_choices":[{"event_name":"Chaos Ring Event","player_choice":"Ignored","floor":3,"damage_taken":0},{"event_name":"World of Goop","player_choice":"Gather Gold","floor":5,"damage_taken":0},{"event_name":"Big Fish","player_choice":"Banana","floor":8,"damage_taken":0},{"event_name":"The Library","player_choice":"Heal","floor":21,"damage_taken":0},{"event_name":"Back to Basics","player_choice":"Simplicity","floor":22,"damage_taken":0},{"event_name":"SensoryStone","player_choice":"Memory 1","floor":37,"damage_taken":0},{"event_name":"Mysterious Sphere","player_choice":"Ignore","floor":39,"damage_taken":0},{"event_name":"Winding Halls","player_choice":"Embrace Madness","floor":46,"damage_taken":0}],"boss_relics":[{"not_picked":["Sozu","Astrolabe"],"picked":"Honey Jar"},{"not_picked":["Velvet Choker","Orrery"],"picked":"Philosopher\u0027s Stone"}],"potions_floor_spawned":[10,11,14,18,29,30,33,35,38],"seed_played":"-6204006938507620123","ascension_level":7,"is_trial":false}