{"path_per_floor":["M","M","?","?","$","R","M","R","T","E","M","$","R","?","R","B",null,"M","M","?","M","M","R","M","E","T","?","E"],"character_chosen":"THE_SILENT","items_purchased":["Toxic Egg 2","Dagger Spray"],"gold_per_floor":[215,229,304,304,13,13,30,30,98,125,136,86,86,86,86,182,182,199,216,216,228,239,239,251,279,309,224,250,250],"floor_reached":29,"campfire_rested":2,"playtime":1465,"current_hp_per_floor":[70,70,59,52,52,52,66,66,66,46,43,43,43,29,50,62,70,65,55,55,39,39,60,60,42,42,42,13,0],"items_purged":["Strike_G"],"gold":250,"score":302,"play_id":"f31f9474-a0df-4afb-8492-68291be108d6","local_time":"20180408103331","is_prod":false,"is_daily":false,"is_ascension_mode":true,"campfire_upgraded":3,"timestamp":1523198011,"path_taken":["M","?","?","?","$","R","M","R","T","E","M","$","R","?","R","BOSS","M","M","?","M","M","R","M","E","T","?","E","M"],"build_version":"2018-04-05v2","purchased_purges":1,"victory":false,"master_deck":["Defend_G","Defend_G+1","Defend_G","Defend_G","Strike_G+1","Survivor","Neutralize+1","Envenom+1","Noxious Fumes+1","Dagger Spray","Burst+1","Adrenaline+1","Riddle With Holes+1","Poisoned Stab+1","Burst+1","Dodge and Roll+1","Calculated Gamble+1","Doppelganger+1","Dodge and Roll+1","Escape Plan+1","Malaise+1"],"max_hp_per_floor":[70,70,70,70,70,70,70,70,70,70,70,70,70,70,70,70,70,70,70,70,70,70,70,70,70,70,70,70,70],"relics":["Ring of the Snake","Toxic Egg 2","Pantograph","Smiling Mask","Astrolabe","Singing Bowl","Tiny Chest","Blood Vial","Pen Nib"],"card_choices":[{"not_picked":["Sucker Punch","Well Laid Plans"],"picked":"Envenom","floor":1},{"not_picked":["All Out Attack","Dagger Spray"],"picked":"Noxious Fumes","floor":2},{"not_picked":["Acrobatics","Bane"],"picked":"Burst","floor":10},{"not_picked":["Corpse Explosion","Unload"],"picked":"Adrenaline","floor":16},{"not_picked":["Deadly Poison","Dagger Throw"],"picked":"Dodge and Roll","floor":18},{"not_picked":["Bane","Expertise"],"picked":"Calculated Gamble","floor":19},{"not_picked":["Dodge and Roll","Underhanded Strike"],"picked":"Doppelganger","floor":21},{"not_picked":["Blade Dance","Dagger Throw"],"picked":"Dodge and Roll","floor":24},{"not_picked":["Dash","Prepared"],"picked":"Escape Plan","floor":25},{"not_picked":["Deflect","Sucker Punch"],"picked":"Malaise","floor":28}],"player_experience":208160,"potions_floor_usage":[7,11,19,22,24,25,28],"damage_taken":[{"damage":0,"enemies":"Cultist","floor":1,"turns":4},{"damage":0,"enemies":"2 Louse","floor":2,"turns":3},{"damage":1,"enemies":"Jaw Worm","floor":7,"turns":6},{"damage":20,"enemies":"3 Sentries","floor":10,"turns":5},{"damage":3,"enemies":"Exordium Thugs","floor":11,"turns":3},{"damage":8,"enemies":"The Guardian","floor":16,"turns":11},{"damage":5,"enemies":"Spheric Guardian","floor":18,"turns":5},{"damage":10,"enemies":"2 Thieves","floor":19,"turns":4},{"damage":16,"enemies":"Snecko","floor":21,"turns":6},{"damage":0,"enemies":"Cultist and Chosen","floor":22,"turns":5},{"damage":0,"enemies":"Centurion and Healer","floor":24,"turns":6},{"damage":18,"enemies":"Slavers","floor":25,"turns":7},{"damage":31,"enemies":"Book of Stabbing","floor":28,"turns":9},{"damage":15,"enemies":"Slaver and Parasite","floor":29,"turns":1}],"event_choices":[{"event_name":"World of Goop","player_choice":"Gather Gold","floor":3,"damage_taken":0},{"event_name":"Golden Wing","player_choice":"Card Removal","floor":4,"damage_taken":0},{"event_name":"Shining Light","player_choice":"Entered Light","floor":14,"damage_taken":0},{"event_name":"Vampires","player_choice":"Ignored","floor":20,"damage_taken":0},{"event_name":"Addict","player_choice":"Obtained Relic","floor":27,"damage_taken":0}],"boss_relics":[{"not_picked":["Cursed Key","White Beast Statue"],"picked":"Astrolabe"}],"potions_floor_spawned":[2,10,11,16,22,24,25,28],"seed_played":"1975706946804776352","killed_by":"Slaver and Parasite","ascension_level":3,"is_trial":false}