{"path_per_floor":["M","M","$","M","?","E","R","M","T","?","M","T","M","E","R","B",null,"M","$","$","M","M","$","R","E","T","M","M","?","R","M","R"],"character_chosen":"THE_SILENT","items_purchased":["Footwork","Blur"],"gold_per_floor":[115,135,60,78,28,84,84,102,129,129,142,142,156,190,190,289,289,306,127,127,146,164,95,95,127,174,190,207,207,207,224,224,224],"floor_reached":33,"campfire_rested":3,"playtime":3058,"current_hp_per_floor":[70,68,68,68,68,6,27,27,27,27,27,27,27,27,27,21,70,66,66,66,66,66,66,66,26,26,23,22,9,31,21,43,0],"items_purged":["Defend_G","Strike_G"],"gold":224,"score":365,"play_id":"a3fae942-cdff-40c0-befc-09cff667fa87","local_time":"20180410105541","is_prod":false,"is_daily":false,"is_ascension_mode":true,"campfire_upgraded":2,"timestamp":1523372141,"path_taken":["M","M","$","M","?","E","R","M","T","?","?","?","?","E","R","BOSS","M","?","$","M","M","$","R","E","T","?","?","?","R","M","R","BOSS"],"build_version":"2018-04-05v2","purchased_purges":2,"victory":false,"master_deck":["Defend_G","Defend_G","Defend_G","Strike_G","Strike_G","Strike_G","Survivor","Neutralize+1","Blur","Backstab","Blur","Dash","Footwork","Bullet Time","Adrenaline","Footwork+1","Dagger Spray+1","Blur","Footwork","Acrobatics","Dodge and Roll+1"],"max_hp_per_floor":[70,70,70,70,70,70,70,70,70,70,70,70,70,70,70,70,70,70,70,70,70,70,70,70,70,70,70,70,75,75,75,75,75],"relics":["Ring of the Snake","Tiny Chest","Omamori","Pen Nib","Orichalcum","Lizard Tail","Centennial Puzzle","Art of War"],"card_choices":[{"not_picked":["Underhanded Strike","Bane"],"picked":"Blur","floor":0},{"not_picked":["Setup","Outmaneuver"],"picked":"Backstab","floor":1},{"not_picked":["Terror","Skewer"],"picked":"Blur","floor":2},{"not_picked":["Sucker Punch","Cloak And Dagger"],"picked":"Dash","floor":6},{"not_picked":["Well Laid Plans","Caltrops"],"picked":"Footwork","floor":11},{"not_picked":["Quick Slash","Distraction"],"picked":"Bullet Time","floor":14},{"not_picked":["Corpse Explosion","Die Die Die"],"picked":"Adrenaline","floor":16},{"not_picked":["Flechettes","Underhanded Strike"],"picked":"Dagger Spray","floor":22},{"not_picked":["Sucker Punch","Infinite Blades"],"picked":"Footwork","floor":25},{"not_picked":["Blade Dance","Dagger Spray"],"picked":"Acrobatics","floor":28},{"not_picked":["Setup","Poisoned Stab"],"picked":"Dodge and Roll","floor":31}],"player_experience":243092,"potions_floor_usage":[14,18,22,25,25,25,28,33],"damage_taken":[{"damage":0,"enemies":"Jaw Worm","floor":1,"turns":8},{"damage":2,"enemies":"Small Slimes","floor":2,"turns":5},{"damage":0,"enemies":"2 Louse","floor":4,"turns":2},{"damage":62,"enemies":"Gremlin Nob","floor":6,"turns":7},{"damage":0,"enemies":"2 Fungi Beasts","floor":8,"turns":4},{"damage":0,"enemies":"Blue Slaver","floor":11,"turns":3},{"damage":0,"enemies":"Exordium Wildlife","floor":13,"turns":10},{"damage":0,"enemies":"3 Sentries","floor":14,"turns":10},{"damage":6,"enemies":"The Guardian","floor":16,"turns":19},{"damage":4,"enemies":"Spheric Guardian","floor":18,"turns":10},{"damage":0,"enemies":"3 Byrds","floor":21,"turns":11},{"damage":0,"enemies":"Centurion and Healer","floor":22,"turns":17},{"damage":40,"enemies":"Slavers","floor":25,"turns":14},{"damage":3,"enemies":"Chosen and Byrds","floor":27,"turns":11},{"damage":1,"enemies":"3 Cultists","floor":28,"turns":9},{"damage":10,"enemies":"Slaver and Parasite","floor":31,"turns":13},{"damage":105,"enemies":"Collector","floor":33,"turns":41}],"event_choices":[{"event_name":"The Cleric","player_choice":"Card Removal","floor":5,"damage_taken":0},{"event_name":"Living Wall","player_choice":"Forget","floor":10,"damage_taken":0},{"event_name":"Forgotten Altar","player_choice":"Shed Blood","floor":29,"damage_taken":0}],"boss_relics":[{"not_picked":["Runic Dome","Eternal Feather"],"picked":"Lizard Tail"}],"potions_floor_spawned":[1,2,8,11,13,16,18,22,25,31],"seed_played":"5397301029768553204","killed_by":"Collector","ascension_level":4,"is_trial":false}