{"path_per_floor":["M","$","$","T","M","R","E","R","T","M","E","M","E","$","R","B",null,"M","?","?","$","M","R","?","R","T","M","M","M","R","E","R","B",null,"M","?","M","$","?","R","M","E","T","E","$"],"character_chosen":"THE_SILENT","items_purchased":["Blur","Tiny Chest","Footwork"],"gold_per_floor":[113,38,38,64,75,75,110,110,110,125,158,171,198,20,20,123,123,141,141,56,56,75,75,75,75,126,144,161,181,181,208,208,309,309,328,328,342,10,10,10,29,54,80,110,110,110],"floor_reached":46,"campfire_rested":3,"playtime":2650,"current_hp_per_floor":[63,63,63,63,63,63,63,63,63,65,46,46,9,9,33,26,64,59,43,43,43,30,30,30,30,30,5,18,20,60,36,78,55,80,79,79,74,74,63,63,65,66,66,5,5,0],"items_purged":["Strike_G","Strike_G","Calculated Gamble"],"gold":110,"score":887,"play_id":"f7a3c13d-2a88-4e73-a8cb-ac2c804709d1","local_time":"20180414141143","is_prod":false,"is_daily":false,"chose_seed":false,"is_ascension_mode":true,"campfire_upgraded":5,"timestamp":1523729503,"path_taken":["M","?","$","?","M","R","E","R","T","?","E","M","E","?","R","BOSS","M","?","?","$","M","R","?","R","T","?","?","?","R","E","R","BOSS","M","?","?","$","?","R","M","E","T","E","$","?"],"build_version":"2018-04-12","seed_source_timestamp":437982039475336,"purchased_purges":4,"victory":false,"master_deck":["Survivor","Neutralize+1","AscendersBane","Dagger Spray","Backflip+1","Die Die Die+1","Noxious Fumes","Cloak And Dagger","Blur","Adrenaline","Sucker Punch+1","Outmaneuver","Dodge and Roll","Footwork+1","PiercingWail","Quick Slash+1","Terror+1","Bullet Time+1","Venomology","Well Laid Plans","Footwork","Madness","Madness"],"max_hp_per_floor":[70,70,70,70,70,70,70,70,70,72,72,72,74,74,76,76,76,76,76,76,76,78,78,78,78,78,80,82,84,84,86,88,88,88,88,88,90,90,90,90,92,94,94,96,96,96],"relics":["Ring of the Snake","NeowsBlessing","Dream Catcher","Singing Bowl","Shuriken","War Paint","Happy Flower","Pandora\u0027s Box","Nilry\u0027s Codex","Question Card","Regal Pillow","Art of War","White Beast Statue","Tiny Chest","Ornamental Fan","Bag of Marbles","Whetstone"],"card_choices":[{"not_picked":["Bane","Dagger Throw"],"picked":"Dagger Spray","floor":1},{"not_picked":["Bane","Acrobatics"],"picked":"Backflip","floor":5},{"not_picked":["Cloak And Dagger","Dagger Spray"],"picked":"Die Die Die","floor":7},{"not_picked":["Unload","Dodge and Roll"],"picked":"Noxious Fumes","floor":11},{"not_picked":["Backflip","Outmaneuver"],"picked":"Cloak And Dagger","floor":12},{"not_picked":["A Thousand Cuts","Venomology"],"picked":"Adrenaline","floor":16},{"not_picked":["Eviscerate","Outmaneuver"],"picked":"Terror","floor":18},{"not_picked":["Calculated Gamble","Eviscerate","Bouncing Flask"],"picked":"Bullet Time","floor":30},{"not_picked":["Unload","Doppelganger","Night Terror"],"picked":"Venomology","floor":33},{"not_picked":["Cloak And Dagger","Bane","Backflip"],"picked":"Well Laid Plans","floor":35}],"player_experience":358293,"potions_floor_usage":[27,28,28,31,35,37,37,41,41,41,42,42,44,44,44],"damage_taken":[{"damage":0,"enemies":"Cultist","floor":1,"turns":1},{"damage":0,"enemies":"2 Louse","floor":5,"turns":1},{"damage":0,"enemies":"Gremlin Nob","floor":7,"turns":1},{"damage":0,"enemies":"Small Slimes","floor":10,"turns":3},{"damage":19,"enemies":"Lagavulin","floor":11,"turns":6},{"damage":0,"enemies":"Exordium Thugs","floor":12,"turns":4},{"damage":39,"enemies":"Gremlin Nob","floor":13,"turns":5},{"damage":7,"enemies":"The Guardian","floor":16,"turns":14},{"damage":5,"enemies":"Shell Parasite","floor":18,"turns":7},{"damage":15,"enemies":"2 Thieves","floor":22,"turns":4},{"damage":27,"enemies":"Cultist and Chosen","floor":27,"turns":4},{"damage":1,"enemies":"Snake Plant","floor":28,"turns":5},{"damage":0,"enemies":"3 Cultists","floor":29,"turns":4},{"damage":26,"enemies":"Book of Stabbing","floor":31,"turns":7},{"damage":23,"enemies":"Collector","floor":33,"turns":8},{"damage":10,"enemies":"Orb Walker","floor":35,"turns":4},{"damage":7,"enemies":"3 Shapes","floor":37,"turns":6},{"damage":0,"enemies":"3 Darklings","floor":41,"turns":6},{"damage":1,"enemies":"Giant Head","floor":42,"turns":8},{"damage":63,"enemies":"2 Orb Walkers","floor":44,"turns":7},{"damage":22,"enemies":"Maw","floor":46,"turns":2}],"event_choices":[{"event_name":"Cursed Tome","player_choice":"Obtained Book","floor":19,"damage_taken":0},{"event_name":"Addict","player_choice":"Obtained Relic","floor":20,"damage_taken":0},{"event_name":"Back to Basics","player_choice":"Elegance","floor":24,"damage_taken":0},{"event_name":"Tomb of Lord Red Mask","player_choice":"Ignored","floor":36,"damage_taken":0},{"event_name":"Winding Halls","player_choice":"Embrace Madness","floor":39,"damage_taken":0}],"boss_relics":[{"not_picked":["Astrolabe","Snecko Eye"],"picked":"Pandora\u0027s Box"},{"not_picked":["Sozu","Calling Bell"],"picked":"White Beast Statue"}],"potions_floor_spawned":[5,7,10,16,27,29,31,33,35,37,41,42,44],"seed_played":"-8643526268166963608","killed_by":"Maw","ascension_level":12,"is_trial":false}