{"path_per_floor":["M","?","?","M","?","E","M","R","T","$","M","M","R","M","R","B",null,"M","?","?","$","M","R","M","M","T","R"],"character_chosen":"THE_SILENT","items_purchased":["Gambling Chip"],"gold_per_floor":[115,115,190,205,205,237,253,253,308,22,41,51,51,62,62,165,165,176,176,176,101,121,121,136,149,149,149,149],"floor_reached":28,"campfire_rested":2,"playtime":1337,"current_hp_per_floor":[63,49,38,34,27,26,26,26,26,26,26,18,54,46,46,35,61,48,48,35,35,23,23,4,3,3,40,0],"items_purged":["Strike_G"],"gold":149,"score":330,"play_id":"5ae65e1f-3956-4229-8ddd-61057596ecd4","local_time":"20180412215818","is_prod":false,"is_daily":false,"is_ascension_mode":true,"campfire_upgraded":3,"timestamp":1523584698,"path_taken":["M","?","?","?","?","E","?","R","T","$","M","M","R","?","R","BOSS","M","?","?","$","M","R","?","M","T","R","M"],"build_version":"2018-04-05v2","purchased_purges":1,"victory":false,"master_deck":["Defend_G+1","Defend_G+1","Defend_G","Defend_G","Defend_G","Strike_G","Strike_G","Survivor","Neutralize","AscendersBane","Eviscerate+1","Bouncing Flask+1","Prepared","Prepared+1","Dagger Throw","Underhanded Strike","Unload","Dash"],"max_hp_per_floor":[70,70,70,70,70,70,70,70,70,70,70,70,70,70,70,70,70,70,70,75,75,75,75,75,75,75,75,75],"relics":["Lizard Tail","Regal Pillow","Bag of Marbles","Gambling Chip","Runic Dome","Peace Pipe"],"card_choices":[{"not_picked":["Dagger Throw","Accuracy"],"picked":"Eviscerate","floor":1},{"not_picked":["Slice","Dagger Spray"],"picked":"Bouncing Flask","floor":4},{"not_picked":["Endless Agony","After Image"],"picked":"Prepared","floor":6},{"not_picked":["Poisoned Stab","Masterful Stab"],"picked":"Prepared","floor":7},{"not_picked":["PiercingWail","Flying Knee"],"picked":"Dagger Throw","floor":11},{"not_picked":["Bouncing Flask","Flying Knee"],"picked":"Underhanded Strike","floor":12},{"not_picked":["Doppelganger","Corpse Explosion"],"picked":"Unload","floor":16},{"not_picked":["Poisoned Stab","Distraction"],"picked":"Dash","floor":24}],"player_experience":341713,"potions_floor_usage":[6,25],"damage_taken":[{"damage":0,"enemies":"Small Slimes","floor":1,"turns":4},{"damage":4,"enemies":"Jaw Worm","floor":4,"turns":5},{"damage":39,"enemies":"3 Sentries","floor":6,"turns":10},{"damage":0,"enemies":"2 Louse","floor":7,"turns":2},{"damage":0,"enemies":"Lots of Slimes","floor":11,"turns":5},{"damage":8,"enemies":"Large Slime","floor":12,"turns":5},{"damage":8,"enemies":"Looter","floor":14,"turns":3},{"damage":11,"enemies":"Hexaghost","floor":16,"turns":9},{"damage":13,"enemies":"3 Byrds","floor":18,"turns":4},{"damage":12,"enemies":"Shell Parasite","floor":22,"turns":4},{"damage":19,"enemies":"Snake Plant","floor":24,"turns":2},{"damage":1,"enemies":"Chosen and Byrds","floor":25,"turns":5},{"damage":40,"enemies":"Centurion and Healer","floor":28,"turns":5}],"event_choices":[{"event_name":"Shining Light","player_choice":"Entered Light","floor":2,"damage_taken":0},{"event_name":"World of Goop","player_choice":"Gather Gold","floor":3,"damage_taken":0},{"event_name":"Golden Wing","player_choice":"Card Removal","floor":5,"damage_taken":0},{"event_name":"Purifier","player_choice":"One Purge","floor":19,"damage_taken":0},{"event_name":"Forgotten Altar","player_choice":"Shed Blood","floor":20,"damage_taken":0}],"boss_relics":[{"not_picked":["Orrery","Tiny House"],"picked":"Runic Dome"}],"potions_floor_spawned":[4,7,12,16,18,22],"seed_played":"-985665691573276200","killed_by":"Centurion and Healer","ascension_level":10,"is_trial":false}