{"path_per_floor":["M","?","M","M","M","R","M","R","T","?","R","M","M","E","R","B",null,"M","?","?","?","M","M","R","M","T","R","E","R","E","?","R","B",null,"M","?","$","?","$","R","M","R","T","$","M","M","R","T","R","B"],"character_chosen":"THE_SILENT","items_purchased":["Bottled Lightning","Matryoshka"],"gold_per_floor":[112,112,126,144,164,164,182,182,250,313,313,330,349,374,374,479,479,495,495,495,495,513,532,532,550,597,597,622,622,649,649,649,751,751,764,764,689,689,91,91,106,106,106,106,116,127,127,127,127,127],"floor_reached":51,"campfire_rested":0,"playtime":2693,"current_hp_per_floor":[67,67,67,66,66,66,66,66,66,71,71,71,71,71,71,52,84,84,42,36,36,47,47,47,34,34,34,34,34,34,34,34,30,47,46,46,46,40,40,40,40,40,40,40,40,40,40,40,40,47],"items_purged":["Strike_G","Strike_G"],"gold":127,"score":960,"play_id":"980ff015-3d35-4695-84ee-bcc8e2760e1c","local_time":"20180416153337","is_prod":false,"is_daily":false,"chose_seed":false,"is_ascension_mode":true,"campfire_upgraded":2,"timestamp":1523907217,"path_taken":["M","?","M","M","M","R","M","R","T","?","R","M","?","E","R","BOSS","M","?","?","?","M","M","R","?","T","R","E","R","E","?","R","BOSS","M","?","$","?","$","R","M","R","T","?","M","M","R","?","R","BOSS"],"build_version":"2018-04-13","seed_source_timestamp":161271892335408,"purchased_purges":2,"victory":true,"master_deck":["Defend_G","Defend_G","Defend_G","Defend_G","Defend_G+1","Strike_G+1","Strike_G","Survivor","Neutralize+1","Cloak And Dagger","Backflip","Noxious Fumes+1","Noxious Fumes","PiercingWail","Venomology","Blur+1","Ghostly","Ghostly","Ghostly+1","Ghostly","Ghostly","Noxious Fumes+1","Burst+1","Backflip+1","Madness","Madness"],"max_hp_per_floor":[70,70,70,70,70,70,70,70,70,84,84,84,84,84,84,84,84,84,42,47,47,47,47,47,47,47,47,47,47,47,47,47,47,47,47,47,47,47,47,47,47,47,47,47,47,47,47,47,47,47],"relics":["Ring of the Snake","Shovel","Spirit Poop","Thread and Needle","Paper Crane","Mercury Hourglass","Mango","Shuriken","Bottled Tornado","White Beast Statue","Ice Cream","War Paint","Darkstone Periapt","Pen Nib","Girya","Bottled Flame","Happy Flower","Lizard Tail","Bottled Lightning","Matryoshka","Whetstone","Tingsha","Bag of Preparation","Toolbox","Blood Vial","Bird Faced Urn","Orichalcum"],"card_choices":[{"not_picked":["Prepared","Bane"],"picked":"Cloak And Dagger","floor":1.0},{"not_picked":["Deadly Poison","Sucker Punch"],"picked":"Backflip","floor":3.0},{"not_picked":["Blur","Burst"],"picked":"Noxious Fumes","floor":4.0},{"not_picked":["Dagger Throw","Deadly Poison"],"picked":"Noxious Fumes","floor":5.0},{"not_picked":["Masterful Stab","Skewer"],"picked":"PiercingWail","floor":10.0},{"not_picked":["A Thousand Cuts","Storm of Steel"],"picked":"Venomology","floor":16.0},{"not_picked":["Slice","Expertise"],"picked":"Blur","floor":18.0},{"not_picked":["Finisher","PiercingWail"],"picked":"Noxious Fumes","floor":22.0},{"not_picked":["A Thousand Cuts","Doppelganger"],"picked":"Burst","floor":33.0},{"not_picked":["Dodge and Roll","Infinite Blades"],"picked":"Backflip","floor":35}],"player_experience":24777,"potions_floor_usage":[35,35,41,41,45,45,46,50,50,50],"damage_taken":[{"damage":3.0,"enemies":"Jaw Worm","floor":1.0,"turns":6.0},{"damage":0.0,"enemies":"Cultist","floor":3.0,"turns":3.0},{"damage":1.0,"enemies":"Small Slimes","floor":4.0,"turns":4.0},{"damage":0.0,"enemies":"Looter","floor":5.0,"turns":4.0},{"damage":0.0,"enemies":"3 Louse","floor":7.0,"turns":5.0},{"damage":9.0,"enemies":"Lagavulin Event","floor":10.0,"turns":6.0},{"damage":0.0,"enemies":"Large Slime","floor":12.0,"turns":5.0},{"damage":0.0,"enemies":"Red Slaver","floor":13.0,"turns":4.0},{"damage":0.0,"enemies":"Lagavulin","floor":14.0,"turns":7.0},{"damage":19.0,"enemies":"Slime Boss","floor":16.0,"turns":11.0},{"damage":0.0,"enemies":"3 Byrds","floor":18.0,"turns":4.0},{"damage":0.0,"enemies":"Spheric Guardian","floor":22.0,"turns":6.0},{"damage":0.0,"enemies":"3 Cultists","floor":23.0,"turns":5.0},{"damage":13.0,"enemies":"Centurion and Healer","floor":25.0,"turns":7.0},{"damage":0.0,"enemies":"Gremlin Leader","floor":28.0,"turns":8.0},{"damage":0.0,"enemies":"Slavers","floor":30.0,"turns":5.0},{"damage":4.0,"enemies":"Collector","floor":33.0,"turns":9.0},{"damage":1,"enemies":"Orb Walker","floor":35,"turns":6},{"damage":0,"enemies":"3 Darklings","floor":41,"turns":5},{"damage":0,"enemies":"Flame Bruiser 2 Orb","floor":45,"turns":6},{"damage":0,"enemies":"Maw","floor":46,"turns":9},{"damage":0,"enemies":"Awakened One","floor":50,"turns":19}],"event_choices":[{"event_name":"Bonfire Elementals","player_choice":"CURSE","floor":2.0,"damage_taken":0.0},{"event_name":"Dead Adventurer","player_choice":"Searched \u00271\u0027 times","floor":10.0,"damage_taken":0.0},{"event_name":"Ghosts","player_choice":"Became a Ghost","floor":19.0,"damage_taken":0.0},{"event_name":"Forgotten Altar","player_choice":"Shed Blood","floor":20.0,"damage_taken":0.0},{"event_name":"Purifier","player_choice":"One Purge","floor":21.0,"damage_taken":0.0},{"event_name":"Drug Dealer","player_choice":"Ignored","floor":31.0,"damage_taken":0.0},{"event_name":"Tomb of Lord Red Mask","player_choice":"Ignored","floor":36,"damage_taken":0},{"event_name":"Winding Halls","player_choice":"Embrace Madness","floor":38,"damage_taken":0}],"boss_relics":[{"not_picked":["Tiny House","Orrery"],"picked":"Lizard Tail"}],"potions_floor_spawned":[3,4,14,18,22,23,25,28,30,33,35,41,45,46],"seed_played":"-4231531019040891214","ascension_level":2,"is_trial":false}