{"path_per_floor":["M","M","?","?","T","R","$","M","T","R","M","?","E","M","R","B",null,"M","$","M","?","M","R","?","R","T","$","R","?","M","M","R","B",null,"M","?","?","M","M","R","?","E","T","?","M","?","?","M","R","B"],"character_chosen":"THE_SILENT","items_purchased":["Footwork","Backflip","Singing Bowl"],"gold_per_floor":[111,123,48,123,175,175,23,42,42,42,58,126,154,170,170,241,241,229,83,101,101,117,117,117,117,170,27,27,27,47,63,63,138,138,151,151,151,165,175,175,223,258,258,258,275,0,50,65,65,65],"floor_reached":51,"campfire_rested":2,"playtime":3033,"current_hp_per_floor":[59,59,59,48,48,48,48,48,48,48,48,48,48,39,39,39,59,45,45,39,76,74,74,52,52,52,52,52,52,48,47,72,50,84,86,76,59,58,52,52,49,49,49,49,51,51,51,51,80,8],"items_purged":["Strike_G","Strike_G"],"gold":65,"score":1363,"play_id":"ec120577-2c7b-4e35-9cfc-496cb088fb3d","local_time":"20180420202511","is_prod":false,"is_daily":false,"chose_seed":false,"is_ascension_mode":true,"campfire_upgraded":7,"timestamp":1524270311,"path_taken":["M","M","?","?","?","R","$","M","T","R","?","?","E","M","R","BOSS","M","$","M","?","M","R","?","R","T","$","R","?","M","M","R","BOSS","M","?","?","M","M","R","?","E","T","?","M","?","?","M","R","BOSS"],"build_version":"2018-04-19","seed_source_timestamp":261673761992964,"purchased_purges":3,"victory":true,"master_deck":["Defend_G","Defend_G","Defend_G","Defend_G","Defend_G","Strike_G","Survivor","AscendersBane","Corpse Explosion+1","Deadly Poison+1","Bouncing Flask+1","Footwork+1","Backstab","Acrobatics","Blur","Escape Plan","Backflip","Deadly Poison+1","Bullet Time","Acrobatics","Deep Breath","Apotheosis+1","Secret Technique","Madness","Madness","Catalyst+1","Blur","Backflip+1","Night Terror"],"max_hp_per_floor":[66,66,66,66,66,66,66,66,66,66,66,66,66,66,66,66,66,66,66,66,76,76,76,81,81,81,81,81,81,83,85,85,85,93,95,95,95,95,97,97,97,97,97,97,99,99,99,99,99,99],"relics":["Ring of the Snake","Oddly Smooth Stone","Darkstone Periapt","Sundial","Runic Pyramid","Juzu Bracelet","Singing Bowl","Orrery","Gambling Chip","Omamori","Frozen Egg 2","Red Mask"],"card_choices":[{"not_picked":["Dagger Spray","Deflect"],"picked":"Deadly Poison","floor":1},{"not_picked":["Well Laid Plans","Poisoned Stab"],"picked":"Bouncing Flask","floor":2},{"not_picked":["Terror","Outmaneuver"],"picked":"Backstab","floor":8},{"not_picked":["Flechettes","Dagger Throw"],"picked":"Acrobatics","floor":11},{"not_picked":["Underhanded Strike","Dash"],"picked":"Doppelganger","floor":13},{"not_picked":["Slice","Heel Hook"],"picked":"Blur","floor":14},{"not_picked":["Prepared","PiercingWail"],"picked":"Escape Plan","floor":18},{"not_picked":["Predator","Prepared"],"picked":"Deadly Poison","floor":20},{"not_picked":["A Thousand Cuts","Phantasmal Killer"],"picked":"Bullet Time","floor":33},{"not_picked":["Infinite Blades","Escape Plan"],"picked":"Acrobatics","floor":34},{"not_picked":["Sadistic Nature","Madness"],"picked":"Deep Breath","floor":36},{"not_picked":["Master of Strategy","Good Instincts"],"picked":"Apotheosis","floor":36},{"not_picked":["Dramatic Entrance","Dark Shackles"],"picked":"Secret Technique","floor":36},{"not_picked":["Quick Slash","Dash"],"picked":"Catalyst","floor":38},{"not_picked":["Poisoned Stab","Reflex"],"picked":"Blur","floor":41},{"not_picked":["Choke","Cloak And Dagger"],"picked":"Backflip","floor":42},{"not_picked":["PiercingWail","Outmaneuver"],"picked":"Night Terror","floor":48}],"player_experience":388827,"potions_floor_usage":[31,31,38,39,50,50],"damage_taken":[{"damage":0,"enemies":"Jaw Worm","floor":1,"turns":8},{"damage":0,"enemies":"Small Slimes","floor":2,"turns":3},{"damage":0,"enemies":"2 Louse","floor":8,"turns":3},{"damage":0,"enemies":"Large Slime","floor":11,"turns":5},{"damage":0,"enemies":"Lagavulin","floor":13,"turns":8},{"damage":9,"enemies":"Lots of Slimes","floor":14,"turns":5},{"damage":0,"enemies":"Hexaghost","floor":16,"turns":8},{"damage":14,"enemies":"2 Thieves","floor":18,"turns":4},{"damage":6,"enemies":"Spheric Guardian","floor":20,"turns":5},{"damage":2,"enemies":"Centurion and Healer","floor":22,"turns":8},{"damage":6,"enemies":"Chosen and Byrds","floor":30,"turns":5},{"damage":3,"enemies":"Snake Plant","floor":31,"turns":3},{"damage":22,"enemies":"Champ","floor":33,"turns":8},{"damage":0,"enemies":"3 Shapes","floor":35,"turns":5},{"damage":1,"enemies":"3 Darklings","floor":38,"turns":4},{"damage":8,"enemies":"4 Shapes","floor":39,"turns":6},{"damage":3,"enemies":"Mysterious Sphere","floor":41,"turns":4},{"damage":0,"enemies":"Giant Head","floor":42,"turns":6},{"damage":0,"enemies":"Sphere and 2 Shapes","floor":45,"turns":4},{"damage":0,"enemies":"Maw","floor":48,"turns":6},{"damage":72,"enemies":"Donu and Deca","floor":50,"turns":4}],"event_choices":[{"event_name":"The Cleric","player_choice":"Card Removal","floor":3,"damage_taken":0},{"event_name":"World of Goop","player_choice":"Gather Gold","floor":4,"damage_taken":0},{"event_name":"Golden Wing","player_choice":"Gained Gold","floor":12,"damage_taken":0},{"event_name":"Bonfire Elementals","player_choice":"RARE","floor":21,"damage_taken":0},{"event_name":"Forgotten Altar","player_choice":"Shed Blood","floor":24,"damage_taken":0},{"event_name":"Beggar","player_choice":"Ignored","floor":29,"damage_taken":0},{"event_name":"SensoryStone","player_choice":"Memory 3","floor":36,"damage_taken":0},{"event_name":"Winding Halls","player_choice":"Embrace Madness","floor":37,"damage_taken":0},{"event_name":"Mysterious Sphere","player_choice":"Fight","floor":41,"damage_taken":0},{"event_name":"Tomb of Lord Red Mask","player_choice":"Paid","floor":46,"damage_taken":0},{"event_name":"Golden Shrine","player_choice":"Pray","floor":47,"damage_taken":0}],"boss_relics":[{"not_picked":["Eternal Feather","Snecko Eye"],"picked":"Runic Pyramid"},{"not_picked":["Pandora\u0027s Box","Black Star"],"picked":"Orrery"}],"potions_floor_spawned":[11,13,16,30,33,35,38,45],"seed_played":"-1292732252913118133","ascension_level":15,"is_trial":false}