{"path_per_floor":["M","M","?","?","M","M","R","M","T","R","M","R","M","M","R","B",null,"M","?","$","M","M","R"],"character_chosen":"IRONCLAD","items_purchased":["Anchor","Oddly Smooth Stone","Bronze Scales","Battle Trance","Body Slam","Secret Technique"],"gold_per_floor":[113,125,125,125,141,154,154,168,242,242,254,254,267,283,283,380,380,398,848,74,84,100,100],"floor_reached":24,"campfire_rested":2,"playtime":4394,"current_hp_per_floor":[80,75,75,59,64,56,56,43,43,43,23,23,22,23,47,45,80,75,27,27,12,18,42],"items_purged":["Strike_R"],"gold":100,"play_id":"5e5176ca-5287-41e8-9070-f2a370c54404","is_prod":false,"is_daily":false,"campfire_rituals":0,"campfire_upgraded":3,"is_hardmode":false,"path_taken":["M","M","?","?","?","M","R","M","T","R","M","R","M","M","R","BOSS","M","?","$","M","M","R","E"],"build_version":"2018-01-11-PROD2","purchased_purges":1,"victory":false,"master_deck":["Strike_R","Strike_R","Strike_R","Defend_R","Defend_R","Defend_R","Defend_R","Bash","Body Slam","Searing Blow","Double Tap","Warcry","Shockwave","Rampage","Body Slam","Disarm","Barricade","Headbutt","Battle Trance","Body Slam","Secret Technique","Armaments","Pommel Strike"],"max_hp_per_floor":[80,80,80,80,80,80,80,80,80,80,80,80,80,80,80,80,80,80,80,80,80,80,80],"relics":["Burning Blood","Shuriken","Sozu","Anchor","Oddly Smooth Stone","Bronze Scales"],"campfire_meditates":0,"card_choices":[{"not_picked":["True Grit","Clothesline"],"picked":"Body Slam"},{"not_picked":["Pummel","Headbutt"],"picked":"Searing Blow"},{"not_picked":["Dual Wield","Armaments"],"picked":"Warcry"},{"not_picked":["Sword Boomerang","Twin Strike"],"picked":"Shockwave"},{"not_picked":["Bloodletting","Twin Strike"],"picked":"Rampage"},{"not_picked":["Iron Wave","Shrug It Off"],"picked":"Body Slam"},{"not_picked":["Pommel Strike","True Grit"],"picked":"Disarm"},{"not_picked":["Berserk","Dark Embrace"],"picked":"Barricade"},{"not_picked":["Second Wind","Dual Wield"],"picked":"Headbutt"},{"not_picked":["Bloodletting","Clash"],"picked":"Armaments"},{"not_picked":["Thunderclap","Perfected Strike"],"picked":"Pommel Strike"}],"player_experience":3698,"potions_floor_usage":[14,16,16],"damage_taken":[{"damage":5,"enemies":"Small Slimes","floor":1,"turns":5},{"damage":11,"enemies":"Blue Slaver","floor":2,"turns":7},{"damage":1,"enemies":"Jaw Worm","floor":5,"turns":3},{"damage":14,"enemies":"2 Fungi Beasts","floor":6,"turns":5},{"damage":19,"enemies":"Exordium Wildlife","floor":8,"turns":4},{"damage":26,"enemies":"Gremlin Gang","floor":11,"turns":6},{"damage":7,"enemies":"Exordium Thugs","floor":13,"turns":5},{"damage":5,"enemies":"Large Slime","floor":14,"turns":3},{"damage":8,"enemies":"Hexaghost","floor":16,"turns":8},{"damage":11,"enemies":"Shell Parasite","floor":18,"turns":4},{"damage":21,"enemies":"Spheric Guardian","floor":21,"turns":5},{"damage":0,"enemies":"Snake Plant","floor":22,"turns":5},{"damage":47,"enemies":"Slavers","floor":24,"turns":4}],"event_choices":[{"event_name":"Transmorgrifier","player_choice":"Transform","floor":3,"damage_taken":0},{"event_name":"Shining Light","player_choice":"Entered Light","floor":4,"damage_taken":0},{"event_name":"Knowing Skull","player_choice":"GOLD GOLD GOLD GOLD GOLD ","floor":19,"damage_taken":0}],"boss_relics":[{"not_picked":["Velvet Choker","Ectoplasm"],"picked":"Sozu"}],"potions_floor_spawned":[2,5,6,13,21],"seed_played":"6929934219748117110","killed_by":"Slavers","is_trial":false}