{"path_per_floor":["M","M","M","?","?","E","M","M","T","?","R","M","M","?","R","B",null,"M","?","M","M","M","R","$","M","T","R","E","M","E","M","R","B",null,"M","?","?","M","M","R","E","$","T","?","R","M","M","M","R"],"character_chosen":"IRONCLAD","items_purchased":["Matryoshka","Orichalcum","Reaper","Lantern","Thread and Needle"],"gold_per_floor":[115,125,139,139,139,167,177,197,197,220,220,232,250,250,250,352,352,363,363,373,391,410,410,4,24,324,324,356,371,403,421,421,516,546,559,559,607,623,639,639,668,66,114,0,0,13,33,49,49],"floor_reached":50,"campfire_rested":7,"playtime":5100,"current_hp_per_floor":[79,79,77,77,70,44,41,37,37,37,76,65,59,59,59,73,80,77,77,77,68,31,70,70,52,52,80,65,54,24,13,54,34,87,60,60,41,36,20,65,10,10,10,10,55,53,29,1,46],"items_purged":[],"gold":49,"play_id":"239b7926-feb0-4252-a21e-13c86daece06","is_prod":false,"is_daily":false,"campfire_rituals":0,"campfire_upgraded":1,"is_hardmode":false,"path_taken":["M","M","M","?","?","E","M","M","T","?","R","M","M","?","R","BOSS","M","?","?","M","M","R","$","M","T","R","E","M","E","M","R","BOSS","M","?","?","M","M","R","E","?","T","?","R","M","?","M","R","BOSS"],"build_version":"2018-01-18-PROD4","purchased_purges":0,"victory":false,"master_deck":["Strike_R","Strike_R","Strike_R","Strike_R","Strike_R","Defend_R","Defend_R","Defend_R","Defend_R","Bash","Pommel Strike","Flex","Second Wind","Battle Trance","Clash","Whirlwind","Dropkick","True Grit","Bludgeon","Inflame","Clash","Perfected Strike","Blood for Blood","Clash","Whirlwind","Whirlwind","Dark Embrace","Infernal Blade","Double Tap","Regret","Writhe","True Grit","Inflame","Immolate","Inflame","Shrug It Off","Reaper","Pain","Perfected Strike","Clash","Hemokinesis","Wild Strike"],"max_hp_per_floor":[80,80,80,80,80,80,80,80,80,80,80,80,80,80,80,80,80,80,80,80,80,80,80,80,80,80,80,87,87,87,87,87,87,87,87,87,101,101,101,101,101,101,101,101,101,101,101,101,101],"relics":["Runic Dome","Omamori","Regal Pillow","Magic Flower","Odd Mushroom","Cursed Key","Matryoshka","Orichalcum","Bronze Scales","Old Coin","Strawberry","Molten Egg","Calling Bell","Tiny Chest","Red Skull","Prayer Wheel","Mango","Kunai","Lantern","Thread and Needle","Happy Flower","Blood Vial","Red Mask"],"campfire_meditates":0,"card_choices":[{"not_picked":["Sword Boomerang","Heavy Blade"],"picked":"Pommel Strike"},{"not_picked":["Sword Boomerang","Body Slam"],"picked":"Flex"},{"not_picked":["True Grit","Perfected Strike"],"picked":"Second Wind"},{"not_picked":["Cleave","Flame Barrier"],"picked":"Battle Trance"},{"not_picked":["Dual Wield","Second Wind"],"picked":"Clash"},{"not_picked":["Rupture","Anger"],"picked":"Whirlwind"},{"not_picked":["Dual Wield","Intimidate"],"picked":"Dropkick"},{"not_picked":["Power Through","Sword Boomerang"],"picked":"True Grit"},{"not_picked":["Iron Wave","Barricade"],"picked":"Sword Boomerang"},{"not_picked":["Brutality","Berserk"],"picked":"Bludgeon"},{"not_picked":["Cleave","Combust"],"picked":"Inflame"},{"not_picked":["Shrug It Off","Armaments"],"picked":"Clash"},{"not_picked":["Infernal Blade","Dropkick"],"picked":"Perfected Strike"},{"not_picked":["Sever Soul","Headbutt"],"picked":"Blood for Blood"},{"not_picked":["Wild Strike","Thunderclap"],"picked":"Clash"},{"not_picked":["Dual Wield","Warcry"],"picked":"Whirlwind"},{"not_picked":["Clothesline","Pommel Strike"],"picked":"Whirlwind"},{"not_picked":["Barricade","Reckless Charge"],"picked":"Dark Embrace"},{"not_picked":["Body Slam","Flex"],"picked":"Infernal Blade"},{"not_picked":["Demon Form","Reaper"],"picked":"Double Tap"},{"not_picked":["Warcry","Body Slam"],"picked":"True Grit"},{"not_picked":["Flex","Shockwave"],"picked":"Inflame"},{"not_picked":["Burning Pact","Twin Strike"],"picked":"Immolate"},{"not_picked":["Clothesline","Perfected Strike"],"picked":"Inflame"},{"not_picked":["Clothesline","Reckless Charge"],"picked":"Shrug It Off"},{"not_picked":["Anger","Iron Wave"],"picked":"Perfected Strike"},{"not_picked":["Anger","Burning Pact"],"picked":"Clash"},{"not_picked":["Iron Wave","Barricade"],"picked":"Hemokinesis"},{"not_picked":["Sword Boomerang","Flex"],"picked":"Wild Strike"}],"player_experience":82003,"potions_floor_usage":[6,16,16,16,31,33,37,39,39,50],"damage_taken":[{"damage":1,"enemies":"Jaw Worm","floor":1,"turns":3},{"damage":0,"enemies":"2 Louse","floor":2,"turns":2},{"damage":2,"enemies":"Small Slimes","floor":3,"turns":3},{"damage":26,"enemies":"Lagavulin","floor":6,"turns":5},{"damage":3,"enemies":"Red Slaver","floor":7,"turns":3},{"damage":4,"enemies":"2 Fungi Beasts","floor":8,"turns":2},{"damage":0,"enemies":"The Mushroom Lair","floor":10,"turns":2},{"damage":11,"enemies":"Large Slime","floor":12,"turns":4},{"damage":6,"enemies":"Lots of Slimes","floor":13,"turns":3},{"damage":11,"enemies":"Slime Boss","floor":16,"turns":11},{"damage":3,"enemies":"3 Byrds","floor":18,"turns":3},{"damage":0,"enemies":"Chosen","floor":20,"turns":3},{"damage":9,"enemies":"Centurion and Healer","floor":21,"turns":3},{"damage":37,"enemies":"Snake Plant","floor":22,"turns":3},{"damage":18,"enemies":"3 Cultists","floor":25,"turns":4},{"damage":22,"enemies":"Gremlin Leader","floor":28,"turns":5},{"damage":11,"enemies":"Snecko","floor":29,"turns":4},{"damage":30,"enemies":"Slavers","floor":30,"turns":4},{"damage":16,"enemies":"Snake Plant","floor":31,"turns":2},{"damage":20,"enemies":"Collector","floor":33,"turns":8},{"damage":27,"enemies":"3 Darklings","floor":35,"turns":4},{"damage":33,"enemies":"Mysterious Sphere","floor":37,"turns":3},{"damage":5,"enemies":"Orb Walker","floor":38,"turns":2},{"damage":16,"enemies":"Sphere and 2 Shapes","floor":39,"turns":3},{"damage":73,"enemies":"Nemesis","floor":41,"turns":8},{"damage":5,"enemies":"3 Darklings","floor":46,"turns":3},{"damage":27,"enemies":"4 Shapes","floor":47,"turns":4},{"damage":31,"enemies":"Maw","floor":48,"turns":6},{"damage":51,"enemies":"Time Eater","floor":50,"turns":6}],"event_choices":[{"event_name":"Big Fish","player_choice":"Box","floor":4,"damage_taken":0},{"event_name":"Golden Wing","player_choice":"Card Removal","floor":5,"damage_taken":0},{"event_name":"Mushrooms","player_choice":"Fought Mushrooms","floor":10,"damage_taken":0},{"event_name":"Match and Keep!","player_choice":"1 cards matched","floor":14,"damage_taken":0},{"event_name":"Purifier","player_choice":"One Purge","floor":19,"damage_taken":0},{"event_name":"Mysterious Sphere","player_choice":"Fight","floor":37,"damage_taken":0},{"event_name":"Tomb of Lord Red Mask","player_choice":"Paid","floor":44,"damage_taken":0}],"boss_relics":[{"not_picked":["Runic Pyramid","Mark of Pain"],"picked":"Cursed Key"},{"not_picked":["Black Star","Astrolabe"],"picked":"Calling Bell"}],"potions_floor_spawned":[1,7,8,10,12,20,25,33,37,38,46],"seed_played":"-8274023535133109586","killed_by":"Time Eater","is_trial":false}