{"path_per_floor":["M","?","M","M","?","R","E","R","T","M","M","M","M","?","R","B",null,"M","?","?","M","M","R","?","R","T","?","?","R","M","$","R","B",null,"M","M","?","M","M","R","?","R","T","?","?","M","R","$","R"],"character_chosen":"IRONCLAD","items_purchased":["Juggernaut","Frozen Egg","Letter Opener"],"gold_per_floor":[119,119,132,148,223,223,252,252,252,269,280,297,315,315,315,420,420,440,440,440,365,377,377,467,467,467,467,467,467,481,9,9,111,111,131,151,151,166,176,176,176,176,176,176,0,15,15,15,15],"floor_reached":50,"campfire_rested":3,"playtime":10131,"current_hp_per_floor":[80,80,78,80,69,69,56,80,80,80,80,80,80,80,80,33,80,80,80,56,56,43,43,27,43,43,43,43,43,56,56,56,34,56,51,56,56,44,54,54,44,44,44,44,44,39,55,55,55],"items_purged":[],"gold":15,"play_id":"be1f8f29-7575-4a38-958f-25b5acae82f6","is_prod":false,"is_daily":false,"is_ascension_mode":false,"campfire_upgraded":8,"path_taken":["M","?","M","M","?","R","E","R","T","M","M","M","M","?","R","BOSS","M","?","?","?","M","R","?","R","T","?","?","R","M","$","R","BOSS","M","M","?","M","?","R","?","R","T","?","?","M","R","?","R","BOSS"],"build_version":"2018-01-25-PROD3","purchased_purges":0,"victory":false,"master_deck":["Defend_R+1","Defend_R","Defend_R+1","Defend_R+1","Bash","Flame Barrier+1","Shrug It Off+1","Metallicize+1","Bite_R","Bite_R","Bite_R","Bite_R","Body Slam+1","Metallicize+1","Flame Barrier+1","Juggernaut+1","Armaments+1","Infernal Blade+1","Madness+1","Madness+1"],"max_hp_per_floor":[80,80,80,80,80,80,80,80,80,80,80,80,80,80,80,80,80,80,80,56,56,56,56,56,56,56,56,56,56,56,56,56,56,56,56,56,56,56,56,56,56,56,56,56,56,56,56,56,56],"relics":["Burning Blood","War Paint","Gremlin Horn","Pen Nib","Question Card","Nloth\u0027s Gift","Frozen Egg","Letter Opener","Lizard Tail","Bottled Lightning","Red Mask"],"card_choices":[{"not_picked":["Anger","Twin Strike"],"picked":"Flame Barrier"},{"not_picked":["Armaments","Evolve"],"picked":"Shrug It Off"},{"not_picked":["Havoc","Dropkick"],"picked":"Metallicize"},{"not_picked":["Feel No Pain","Heavy Blade","Pommel Strike"],"picked":"Body Slam"},{"not_picked":["Rampage","Body Slam","Dual Wield"],"picked":"Metallicize"},{"not_picked":["Heavy Blade","Havoc","True Grit"],"picked":"Armaments"},{"not_picked":["Sword Boomerang","Clothesline","Corruption"],"picked":"Infernal Blade"}],"player_experience":114860,"potions_floor_usage":[50],"damage_taken":[{"damage":0.0,"enemies":"2 Louse","floor":1.0,"turns":4.0},{"damage":8.0,"enemies":"Blue Slaver","floor":3.0,"turns":5.0},{"damage":0.0,"enemies":"Jaw Worm","floor":4.0,"turns":4.0},{"damage":19.0,"enemies":"3 Sentries","floor":7.0,"turns":11.0},{"damage":0.0,"enemies":"2 Fungi Beasts","floor":10.0,"turns":4.0},{"damage":0.0,"enemies":"Exordium Wildlife","floor":11.0,"turns":3.0},{"damage":1.0,"enemies":"Large Slime","floor":12.0,"turns":9.0},{"damage":3.0,"enemies":"Red Slaver","floor":13.0,"turns":5.0},{"damage":53.0,"enemies":"Slime Boss","floor":16.0,"turns":30.0},{"damage":0.0,"enemies":"3 Byrds","floor":18.0,"turns":4.0},{"damage":0.0,"enemies":"2 Thieves","floor":21.0,"turns":5.0},{"damage":33.0,"enemies":"3 Cultists","floor":22.0,"turns":9.0},{"damage":0.0,"enemies":"Centurion and Healer","floor":30.0,"turns":12.0},{"damage":52.0,"enemies":"Champ","floor":33.0,"turns":19.0},{"damage":17.0,"enemies":"3 Shapes","floor":35.0,"turns":7.0},{"damage":12.0,"enemies":"Orb Walker","floor":36.0,"turns":7.0},{"damage":24.0,"enemies":"4 Shapes","floor":38.0,"turns":9.0},{"damage":37.0,"enemies":"Sphere and 2 Shapes","floor":39.0,"turns":17.0},{"damage":27.0,"enemies":"Maw","floor":46.0,"turns":9.0},{"damage":118,"enemies":"Donu and Deca","floor":50,"turns":9}],"event_choices":[{"event_name":"Upgrade Shrine","player_choice":"Upgraded","floor":2.0,"damage_taken":0.0},{"event_name":"World of Goop","player_choice":"Gather Gold","floor":5.0,"damage_taken":0.0},{"event_name":"The Lab","player_choice":"Got Potions","floor":14.0,"damage_taken":0.0},{"event_name":"Drug Dealer","player_choice":"Ignored","floor":19.0,"damage_taken":0.0},{"event_name":"Vampires","player_choice":"Became a vampire","floor":20.0,"damage_taken":0.0},{"event_name":"Knowing Skull","player_choice":"GOLD ","floor":24.0,"damage_taken":0.0},{"event_name":"N\u0027loth","player_choice":"Traded a Sundial","floor":27.0,"damage_taken":0.0},{"event_name":"The Library","player_choice":"Read","floor":28.0,"damage_taken":0.0},{"event_name":"Winding Halls","player_choice":"Embrace Madness","floor":41.0,"damage_taken":0.0},{"event_name":"Mysterious Sphere","player_choice":"Ignore","floor":44.0,"damage_taken":0.0},{"event_name":"Tomb of Lord Red Mask","player_choice":"Paid","floor":45.0,"damage_taken":0.0}],"boss_relics":[],"potions_floor_spawned":[11,12,13,16,18,30,36,38,39],"seed_played":"-2582053507360054172","killed_by":"Donu and Deca","ascension_level":0,"is_trial":false}