{"path_per_floor":["M","?","M","M","?","E","M","R","T","T","M","M","M","E","R","B",null],"character_chosen":"IRONCLAD","items_purchased":[],"gold_per_floor":[111,186,206,217,217,243,256,256,256,256,267,278,295,327,327,426,426],"floor_reached":18,"campfire_rested":2,"playtime":1141,"current_hp_per_floor":[78,67,64,62,46,6,6,30,30,30,30,29,29,27,51,13,80],"items_purged":[],"gold":426,"play_id":"5ab077d9-7ea6-40df-9ed5-e27798eebff2","is_prod":false,"is_daily":false,"is_ascension_mode":false,"campfire_upgraded":0,"path_taken":["M","?","M","M","?","E","?","R","T","?","M","M","M","E","R","BOSS","M"],"build_version":"2018-01-25-PROD3","purchased_purges":0,"victory":false,"master_deck":["Strike_R+1","Strike_R","Strike_R","Strike_R","Strike_R","Defend_R","Defend_R","Defend_R","Defend_R","Bash+1","Battle Trance","Body Slam+1","Flame Barrier","Shrug It Off","Impervious"],"max_hp_per_floor":[80,80,80,80,80,80,80,80,80,80,80,80,80,80,80,80,80],"relics":["Lizard Tail","Gremlin Horn","Molten Egg","Dream Catcher","Happy Flower","Cursed Key"],"card_choices":[{"not_picked":["Dropkick","Sword Boomerang"],"picked":"Battle Trance"},{"not_picked":["Pommel Strike","Dual Wield"],"picked":"Body Slam"},{"not_picked":["Reckless Charge","Havoc"],"picked":"Flame Barrier"},{"not_picked":["Anger","Spot Weakness"],"picked":"Shrug It Off"},{"not_picked":["Immolate","Reaper"],"picked":"Impervious"}],"player_experience":125872,"potions_floor_usage":[11,14,14,14],"damage_taken":[{"damage":2,"enemies":"2 Louse","floor":1,"turns":4},{"damage":3,"enemies":"Jaw Worm","floor":3,"turns":4},{"damage":2,"enemies":"Small Slimes","floor":4,"turns":4},{"damage":40,"enemies":"Lagavulin","floor":6,"turns":7},{"damage":0,"enemies":"Exordium Thugs","floor":7,"turns":4},{"damage":0,"enemies":"Lots of Slimes","floor":11,"turns":1},{"damage":1,"enemies":"Exordium Wildlife","floor":12,"turns":5},{"damage":0,"enemies":"3 Louse","floor":13,"turns":3},{"damage":2,"enemies":"Gremlin Nob","floor":14,"turns":4},{"damage":38,"enemies":"The Guardian","floor":16,"turns":15},{"damage":14,"enemies":"Spheric Guardian","floor":18,"turns":4}],"event_choices":[{"event_name":"World of Goop","player_choice":"Gather Gold","floor":2,"damage_taken":0},{"event_name":"Shining Light","player_choice":"Entered Light","floor":5,"damage_taken":0}],"boss_relics":[{"not_picked":["Tiny House","Runic Dome"],"picked":"Cursed Key"}],"potions_floor_spawned":[1,6,7,13,14],"seed_played":"6817237169006602434","killed_by":"Spheric Guardian","ascension_level":0,"is_trial":false}