{"path_per_floor":["M","T","?","M","?","$","R","?","T","R","?","?","M","M","R","B",null,"M","M","M","?","?","R","?","R","T","R","M","?","?","M","R","B",null,"M","?","?","?","?","E","R","M","T"],"character_chosen":"IRONCLAD","items_purchased":["Sword Boomerang"],"gold_per_floor":[114,114,64,84,84,38,38,62,62,62,62,62,74,89,89,193,193,207,218,230,230,155,155,155,155,181,181,194,109,109,126,126,230,230,241,241,0,0,0,34,34,51,132],"floor_reached":44,"campfire_rested":5,"playtime":3937,"current_hp_per_floor":[73,73,73,77,82,82,82,55,55,55,48,48,54,55,80,28,85,85,58,34,34,34,34,34,59,59,84,74,74,74,58,83,9,85,47,85,85,85,85,21,46,51,51],"items_purged":[],"gold":132,"play_id":"db1e2b08-08b3-4b7f-a364-876a10cf9487","is_prod":false,"is_daily":false,"is_ascension_mode":false,"campfire_upgraded":0,"path_taken":["M","?","?","M","?","?","R","?","T","R","?","?","M","M","R","BOSS","M","M","M","?","?","R","?","R","T","R","M","?","?","M","R","BOSS","M","?","?","?","?","E","R","M","T","M"],"build_version":"2018-01-25-PROD3","purchased_purges":0,"victory":false,"master_deck":["Strike_R","Strike_R","Defend_R","Defend_R","Defend_R","Defend_R","Bash","Sword Boomerang","Rampage","Twin Strike+1","Blood for Blood+1","Disarm+1","Intimidate+1","Demon Form","Sword Boomerang+1","Mind Blast","Double Tap"],"max_hp_per_floor":[80,80,80,80,85,85,85,85,85,85,85,85,85,85,85,85,85,85,85,85,85,85,85,85,85,85,85,85,85,85,85,85,85,85,85,85,85,85,85,85,85,85,85],"relics":["Burning Blood","Juzu Bracelet","Girya","Odd Mushroom","Anchor","Question Card","Ancient Tea Set","Happy Flower","Lizard Tail","Red Mask","Shovel","Dodecahedron"],"card_choices":[{"not_picked":["Sentinel","Wild Strike"],"picked":"Flex"},{"not_picked":["Warcry","Disarm"],"picked":"Rampage"},{"not_picked":["Cleave","Power Through","Clash"],"picked":"Twin Strike"},{"not_picked":["Headbutt","Searing Blow","True Grit"],"picked":"Sentinel"},{"not_picked":["Wild Strike","Perfected Strike","Thunderclap"],"picked":"Blood for Blood"},{"not_picked":["Dropkick","Rupture","True Grit"],"picked":"Disarm"},{"not_picked":["Havoc","Rage","Burning Pact"],"picked":"Intimidate"},{"not_picked":["Berserk","Dark Embrace","Bludgeon"],"picked":"Demon Form"},{"not_picked":["Disarm","Clothesline","Twin Strike"],"picked":"Sword Boomerang"},{"not_picked":["Perfected Strike","Uppercut","Warcry"],"picked":"Double Tap"}],"player_experience":110923,"potions_floor_usage":[44],"damage_taken":[{"damage":13.0,"enemies":"Blue Slaver","floor":1.0,"turns":5.0},{"damage":2.0,"enemies":"Small Slimes","floor":4.0,"turns":4.0},{"damage":33.0,"enemies":"The Mushroom Lair","floor":8.0,"turns":6.0},{"damage":0.0,"enemies":"2 Louse","floor":13.0,"turns":2.0},{"damage":5.0,"enemies":"Looter","floor":14.0,"turns":3.0},{"damage":58.0,"enemies":"Hexaghost","floor":16.0,"turns":10.0},{"damage":0.0,"enemies":"Chosen","floor":18.0,"turns":4.0},{"damage":33.0,"enemies":"Shell Parasite","floor":19.0,"turns":6.0},{"damage":30.0,"enemies":"Snake Plant","floor":20.0,"turns":4.0},{"damage":16.0,"enemies":"Centurion and Healer","floor":28.0,"turns":5.0},{"damage":22.0,"enemies":"Chosen and Byrds","floor":31.0,"turns":5.0},{"damage":80.0,"enemies":"Champ","floor":33.0,"turns":11.0},{"damage":44.0,"enemies":"3 Darklings","floor":35.0,"turns":6.0},{"damage":120.0,"enemies":"2 Orb Walkers","floor":40.0,"turns":7.0},{"damage":1.0,"enemies":"Orb Walker","floor":42.0,"turns":2.0},{"damage":51,"enemies":"Sphere and 2 Shapes","floor":44,"turns":4}],"event_choices":[{"event_name":"The Cleric","player_choice":"Card Removal","floor":3.0,"damage_taken":0.0},{"event_name":"Big Fish","player_choice":"Donut","floor":5.0,"damage_taken":0.0},{"event_name":"Mushrooms","player_choice":"Fought Mushrooms","floor":8.0,"damage_taken":0.0},{"event_name":"Golden Wing","player_choice":"Card Removal","floor":11.0,"damage_taken":0.0},{"event_name":"Liars Game","player_choice":"disagreed","floor":12.0,"damage_taken":0.0},{"event_name":"The Woman in Blue","player_choice":"Bought 0 Potions","floor":21.0,"damage_taken":0.0},{"event_name":"Beggar","player_choice":"Gave Gold","floor":22.0,"damage_taken":0.0},{"event_name":"Vampires","player_choice":"Ignored","floor":24.0,"damage_taken":0.0},{"event_name":"Addict","player_choice":"Obtained Relic","floor":29.0,"damage_taken":0.0},{"event_name":"Drug Dealer","player_choice":"Ignored","floor":30.0,"damage_taken":0.0},{"event_name":"Bonfire Elementals","player_choice":"UNCOMMON","floor":36.0,"damage_taken":0.0},{"event_name":"Tomb of Lord Red Mask","player_choice":"Paid","floor":37.0,"damage_taken":0.0},{"event_name":"Match and Keep!","player_choice":"1 cards matched","floor":39.0,"damage_taken":0.0}],"boss_relics":[],"potions_floor_spawned":[8,13,16,20,28,31,42],"seed_played":"3953777150395664949","killed_by":"Sphere and 2 Shapes","ascension_level":0,"is_trial":false}