{"path_per_floor":["M","?","?","M","M","$","R","M","T","$","M","M","E","?","R","B",null,"M","M","$","M","?","R","?","M","T","M"],"character_chosen":"IRONCLAD","items_purchased":[],"gold_per_floor":[15,15,15,28,40,40,40,54,104,29,46,58,85,85,85,216,254,270,283,183,197,197,197,197,217,217,238],"floor_reached":28,"campfire_rested":2,"playtime":5599,"current_hp_per_floor":[80,85,85,85,85,85,85,85,85,85,85,79,70,47,74,11,97,83,62,62,36,36,65,65,55,55,29],"items_purged":["Strike_R","Defend_R"],"gold":238,"play_id":"5ae8bc49-08a4-47dc-96e8-847d4ee1fc8e","is_prod":false,"is_daily":false,"is_ascension_mode":false,"campfire_upgraded":1,"path_taken":["M","?","?","?","M","?","R","M","T","$","M","M","E","?","R","BOSS","M","M","$","M","?","R","?","M","T","M","?"],"build_version":"2018-01-25-PROD3","purchased_purges":2,"victory":false,"master_deck":["Strike_R","Strike_R","Defend_R","Defend_R","Defend_R","Bash","Fire Breathing+1","Dropkick+1","Thunderclap","Fiend Fire+1"],"max_hp_per_floor":[80,85,85,85,85,85,85,85,85,85,85,85,92,92,92,92,97,97,97,97,97,97,97,97,97,97,97],"relics":["Burning Blood","Vajra","Strawberry","Golden Idol","Tiny House","Magic Flower"],"card_choices":[{"not_picked":["Flex","Blood for Blood"],"picked":"Thunderclap"},{"not_picked":["Offering","Exhume"],"picked":"Fiend Fire"}],"player_experience":127013,"potions_floor_usage":[13,13,16,18,25,27],"damage_taken":[{"damage":0,"enemies":"Small Slimes","floor":1,"turns":3},{"damage":3,"enemies":"Jaw Worm","floor":4,"turns":4},{"damage":1,"enemies":"Cultist","floor":5,"turns":3},{"damage":5,"enemies":"3 Louse","floor":8,"turns":3},{"damage":6,"enemies":"Exordium Thugs","floor":11,"turns":5},{"damage":12,"enemies":"Red Slaver","floor":12,"turns":4},{"damage":22,"enemies":"3 Sentries","floor":13,"turns":5},{"damage":69,"enemies":"Slime Boss","floor":16,"turns":18},{"damage":20,"enemies":"2 Thieves","floor":18,"turns":4},{"damage":27,"enemies":"Shell Parasite","floor":19,"turns":5},{"damage":32,"enemies":"Snake Plant","floor":21,"turns":4},{"damage":16,"enemies":"3 Cultists","floor":25,"turns":4},{"damage":35,"enemies":"Centurion and Healer","floor":27,"turns":4},{"damage":30,"enemies":"Snecko","floor":28,"turns":3}],"event_choices":[{"event_name":"Big Fish","player_choice":"Donut","floor":2,"damage_taken":0},{"event_name":"Upgrade Shrine","player_choice":"Upgraded","floor":3,"damage_taken":0},{"event_name":"Golden Idol","player_choice":"Take Damage","floor":14,"damage_taken":0},{"event_name":"Upgrade Shrine","player_choice":"Upgraded","floor":22,"damage_taken":0},{"event_name":"The Woman in Blue","player_choice":"Bought 0 Potions","floor":24,"damage_taken":0}],"boss_relics":[{"not_picked":["Cursed Key","Mark of Pain"],"picked":"Tiny House"}],"potions_floor_spawned":[4,8,12,18,21],"seed_played":"427514581107505062","killed_by":"Snecko","ascension_level":0,"is_trial":false}