{"path_per_floor":["M","M","M","M","M","R","M","E","T","?","?","R","M","M","R"],"character_chosen":"IRONCLAD","items_purchased":[],"gold_per_floor":[116,132,146,166,178,178,196,221,221,321,321,321,338,355,355],"floor_reached":16,"campfire_rested":2,"playtime":1197,"current_hp_per_floor":[80,59,58,58,58,58,50,11,11,11,11,35,18,18,42],"items_purged":[],"gold":355,"play_id":"946d5dc4-61ab-4e98-8fa5-3783f40f9a2e","is_prod":false,"is_daily":false,"is_ascension_mode":false,"campfire_upgraded":1,"path_taken":["M","M","M","M","M","R","M","E","T","?","?","R","?","M","R","BOSS"],"build_version":"2018-01-25-PROD3","purchased_purges":0,"victory":false,"master_deck":["Strike_R","Strike_R","Strike_R","Strike_R","Defend_R","Defend_R","Defend_R","Defend_R","Bash","Cleave","Seeing Red+1","Cleave","Battle Trance","Flex","Iron Wave","Intimidate","Seeing Red","Shrug It Off"],"max_hp_per_floor":[80,80,80,80,80,80,80,80,80,80,80,80,80,80,80],"relics":["Question Card","Bronze Scales","Champion Belt"],"card_choices":[{"not_picked":["Body Slam","Thunderclap","Clothesline"],"picked":"Cleave"},{"not_picked":["Twin Strike","Inflame","Combust"],"picked":"Seeing Red"},{"not_picked":["Pommel Strike","Body Slam","Shrug It Off"],"picked":"Cleave"},{"not_picked":["Warcry","Clash","Headbutt"],"picked":"Battle Trance"},{"not_picked":["Warcry","True Grit","Fire Breathing"],"picked":"Flex"},{"not_picked":["Shrug It Off","True Grit","Body Slam"],"picked":"Iron Wave"},{"not_picked":["Havoc","Shockwave","Berserk"],"picked":"Intimidate"},{"not_picked":["Havoc","Shockwave","Sword Boomerang"],"picked":"Seeing Red"},{"not_picked":["Thunderclap","Havoc","Pommel Strike"],"picked":"Shrug It Off"}],"player_experience":109726,"potions_floor_usage":[8,16],"damage_taken":[{"damage":0,"enemies":"Small Slimes","floor":1,"turns":3},{"damage":21,"enemies":"Blue Slaver","floor":2,"turns":6},{"damage":1,"enemies":"Jaw Worm","floor":3,"turns":3},{"damage":0,"enemies":"Looter","floor":4,"turns":4},{"damage":0,"enemies":"3 Louse","floor":5,"turns":3},{"damage":8,"enemies":"Red Slaver","floor":7,"turns":3},{"damage":54,"enemies":"Lagavulin","floor":8,"turns":9},{"damage":17,"enemies":"Exordium Wildlife","floor":13,"turns":3},{"damage":0,"enemies":"3 Louse","floor":14,"turns":2},{"damage":42,"enemies":"The Guardian","floor":16,"turns":6}],"event_choices":[{"event_name":"Golden Shrine","player_choice":"Pray","floor":10,"damage_taken":0},{"event_name":"Living Wall","player_choice":"Forget","floor":11,"damage_taken":0}],"boss_relics":[],"potions_floor_spawned":[4,5,7,13],"seed_played":"6719729291464404017","killed_by":"The Guardian","ascension_level":0,"is_trial":false}