{"path_per_floor":["M","?","M","M","?","R","$","R","T","$","M","M","M","$","R","B",null,"M","M","$","M","$","M","R","M","T","M","R","?","M","M","R","B",null,"M","M","$","M","?","M","R"],"character_chosen":"IRONCLAD","items_purchased":["Dropkick","Regen Potion","Battle Trance"],"gold_per_floor":[111,111,129,143,143,143,68,68,68,68,91,104,125,25,25,151,151,164,182,109,124,73,96,96,117,164,179,179,179,204,222,222,348,348,372,390,229,254,0,25,25],"floor_reached":42,"campfire_rested":4,"playtime":9226,"current_hp_per_floor":[80,80,80,80,60,60,60,60,60,60,57,60,60,60,80,27,80,68,55,55,41,41,32,56,47,47,30,54,38,26,17,41,45,80,68,59,59,56,56,28,28],"items_purged":["Strike_R","Strike_R","Strike_R"],"gold":25,"score":346,"play_id":"5c8602d0-6a45-4c65-ad0e-3c4321e03ee7","is_prod":false,"is_daily":false,"is_ascension_mode":false,"campfire_upgraded":3,"path_taken":["M","?","M","?","?","R","$","R","T","?","?","M","?","$","R","BOSS","M","M","$","M","$","M","R","?","T","M","R","?","M","M","R","BOSS","M","M","$","M","?","M","R","E"],"build_version":"2018-02-12-PROD1","purchased_purges":3,"victory":false,"master_deck":["Strike_R","Strike_R","Defend_R","Defend_R","Defend_R","Defend_R","Bash","Flex+1","Heavy Blade+1","Armaments+1","Heavy Blade","Dropkick","Whirlwind","Dropkick+1","Dual Wield","Demon Form","Seeing Red+1","Decay","Shrug It Off","Necronomicurse","Dropkick+1","Whirlwind+1","Immolate","Battle Trance","True Grit+1"],"max_hp_per_floor":[80,80,80,80,80,80,80,80,80,80,80,80,80,80,80,80,80,80,80,80,80,80,80,80,80,80,80,80,80,80,80,80,80,80,80,80,80,80,80,80,80],"relics":["Burning Blood","Golden Idol","Dead Branch","Cursed Key","Whetstone","Necronomicon","Runic Dome","Red Mask"],"card_choices":[{"not_picked":["Havoc","Pommel Strike"],"picked":"Flex"},{"not_picked":["Anger","Iron Wave"],"picked":"Heavy Blade"},{"not_picked":["Juggernaut","Pommel Strike"],"picked":"Armaments"},{"not_picked":["True Grit","Anger"],"picked":"Heavy Blade"},{"not_picked":["Corruption","Thunderclap"],"picked":"Dropkick"},{"not_picked":["Wild Strike","Anger"],"picked":"Whirlwind"},{"not_picked":["Pommel Strike","Evolve"],"picked":"Dual Wield"},{"not_picked":["Twin Strike","Perfected Strike"],"picked":"Demon Form"},{"not_picked":["Infernal Blade","Sever Soul"],"picked":"Seeing Red"},{"not_picked":["Perfected Strike","Cleave"],"picked":"Shrug It Off"},{"not_picked":["Clothesline","Perfected Strike"],"picked":"Dropkick"},{"not_picked":["Havoc","Seeing Red"],"picked":"Whirlwind"},{"not_picked":["Brutality","Reaper"],"picked":"Immolate"},{"not_picked":["Body Slam","Iron Wave"],"picked":"True Grit"}],"player_experience":155017,"potions_floor_usage":[16,21,23,27,27,27,36],"damage_taken":[{"damage":2.0,"enemies":"Small Slimes","floor":1.0,"turns":4.0},{"damage":2.0,"enemies":"2 Louse","floor":3.0,"turns":4.0},{"damage":1.0,"enemies":"Jaw Worm","floor":4.0,"turns":3.0},{"damage":9.0,"enemies":"Lots of Slimes","floor":11.0,"turns":6.0},{"damage":3.0,"enemies":"Exordium Wildlife","floor":12.0,"turns":4.0},{"damage":6.0,"enemies":"Large Slime","floor":13.0,"turns":6.0},{"damage":59,"enemies":"Hexaghost","floor":16,"turns":9},{"damage":18,"enemies":"Shell Parasite","floor":18,"turns":5},{"damage":19,"enemies":"Spheric Guardian","floor":19,"turns":4},{"damage":20,"enemies":"Slaver and Parasite","floor":21,"turns":5},{"damage":15,"enemies":"Chosen and Byrds","floor":23,"turns":6},{"damage":15,"enemies":"Snake Plant","floor":25,"turns":4},{"damage":38,"enemies":"Centurion and Healer","floor":27,"turns":6},{"damage":18,"enemies":"Sentry and Sphere","floor":30,"turns":4},{"damage":15,"enemies":"Snake Plant","floor":31,"turns":3},{"damage":2,"enemies":"Collector","floor":33,"turns":3},{"damage":18,"enemies":"Orb Walker","floor":35,"turns":3},{"damage":15,"enemies":"3 Shapes","floor":36,"turns":2},{"damage":9,"enemies":"3 Darklings","floor":38,"turns":2},{"damage":34,"enemies":"Maw","floor":40,"turns":5},{"damage":29,"enemies":"2 Orb Walkers","floor":42,"turns":3}],"event_choices":[{"event_name":"Liars Game","player_choice":"disagreed","floor":2.0,"damage_taken":0.0},{"event_name":"Golden Idol","player_choice":"Take Damage","floor":5.0,"damage_taken":0.0},{"event_name":"Cursed Tome","player_choice":"Obtained Book","floor":29,"damage_taken":0},{"event_name":"Tomb of Lord Red Mask","player_choice":"Paid","floor":39,"damage_taken":0}],"boss_relics":[{"not_picked":["Mark of Pain","White Beast Statue"],"picked":"Cursed Key"},{"not_picked":["Calling Bell","Lizard Tail"],"picked":"Runic Dome"}],"potions_floor_spawned":[11,16,21,23,25,35],"seed_played":"4221848624303843317","killed_by":"2 Orb Walkers","ascension_level":0,"is_trial":false}