{"path_per_floor":["M","M","?","M","$","R","?","R","T","M","E","M","?","$","R","B",null,"M","?","$","M","M","R","M","R","T","?","?","R","M","M","R","B",null,"M","M","$","$","?","R","?","M","T","R","T","M","?","M","R","B"],"character_chosen":"IRONCLAD","items_purchased":["Seeing Red","Whirlwind","Ancient Potion"],"gold_per_floor":[112,122,122,136,136,136,136,136,136,149,174,190,190,115,115,214,214,231,231,95,114,131,131,146,146,200,200,125,125,135,145,145,248,248,260,274,32,32,32,32,0,15,15,15,15,34,34,53,53,53],"floor_reached":51,"campfire_rested":0,"playtime":1903,"current_hp_per_floor":[71,72,65,52,52,52,52,52,52,53,53,44,62,62,62,30,69,59,59,59,69,69,69,69,69,69,69,69,69,69,69,69,55,69,69,69,69,69,69,69,69,69,83,83,83,83,83,83,83,83],"items_purged":["Parasite","Defend_R","Strike_R"],"gold":53,"score":647,"play_id":"e654bf54-8784-4c3a-a932-581d4ff7fb39","is_prod":false,"is_daily":false,"is_ascension_mode":false,"campfire_upgraded":5,"path_taken":["M","M","?","?","$","R","?","R","T","?","E","M","?","?","R","BOSS","M","?","$","M","M","R","M","R","T","?","?","R","M","M","R","BOSS","M","?","?","$","?","R","?","?","T","R","?","M","?","M","R","BOSS"],"build_version":"2018-02-12-PROD1","purchased_purges":3,"victory":true,"master_deck":["Strike_R","Bash+1","Anger","Battle Trance","Heavy Blade+1","Flex+1","Offering+1","Seeing Red+1","Reaper","Whirlwind+1"],"max_hp_per_floor":[72,72,72,72,72,72,72,72,72,72,72,72,72,69,69,69,69,69,69,69,69,69,69,69,69,69,69,69,69,69,69,69,69,69,69,69,69,69,69,69,69,69,83,83,83,83,83,83,83,83],"relics":["Black Blood","Ginger","Shovel","Ornamental Fan","Bronze Scales","Sundial","Gambling Chip","Kunai","Runic Cube","Red Mask","Mango","Meat on the Bone","Frozen Eye","Toxic Egg 2"],"card_choices":[{"not_picked":["Anger","Thunderclap"],"picked":"Heavy Blade"},{"not_picked":["True Grit","Shrug It Off"],"picked":"Flex"},{"not_picked":["Fiend Fire","Bludgeon"],"picked":"Offering"},{"not_picked":["Impervious","Bludgeon"],"picked":"Reaper"}],"player_experience":172685,"potions_floor_usage":[50],"damage_taken":[{"damage":7.0,"enemies":"2 Louse","floor":1.0,"turns":3.0},{"damage":0.0,"enemies":"Small Slimes","floor":2.0,"turns":3.0},{"damage":19.0,"enemies":"Blue Slaver","floor":4.0,"turns":3.0},{"damage":5.0,"enemies":"Looter","floor":10.0,"turns":2.0},{"damage":6.0,"enemies":"Gremlin Nob","floor":11.0,"turns":3.0},{"damage":15.0,"enemies":"Lots of Slimes","floor":12.0,"turns":3.0},{"damage":38.0,"enemies":"Hexaghost","floor":16.0,"turns":6.0},{"damage":20.0,"enemies":"3 Byrds","floor":18.0,"turns":4.0},{"damage":0.0,"enemies":"Spheric Guardian","floor":21.0,"turns":2.0},{"damage":10.0,"enemies":"3 Cultists","floor":22.0,"turns":3.0},{"damage":4.0,"enemies":"Snecko","floor":24.0,"turns":1.0},{"damage":4.0,"enemies":"Snake Plant","floor":30.0,"turns":1.0},{"damage":8.0,"enemies":"Slaver and Parasite","floor":31.0,"turns":2.0},{"damage":24.0,"enemies":"Champ","floor":33.0,"turns":3.0},{"damage":17.0,"enemies":"3 Darklings","floor":35.0,"turns":3.0},{"damage":12.0,"enemies":"3 Shapes","floor":36.0,"turns":1.0},{"damage":4.0,"enemies":"Sphere and 2 Shapes","floor":42.0,"turns":1.0},{"damage":4.0,"enemies":"3 Darklings","floor":46.0,"turns":1.0},{"damage":5.0,"enemies":"Maw","floor":48.0,"turns":3.0},{"damage":4,"enemies":"Donu and Deca","floor":50,"turns":1}],"event_choices":[{"event_name":"Golden Wing","player_choice":"Card Removal","floor":3.0,"damage_taken":0.0},{"event_name":"Purifier","player_choice":"One Purge","floor":7.0,"damage_taken":0.0},{"event_name":"Mushrooms","player_choice":"Healed and dodged fight","floor":13.0,"damage_taken":0.0},{"event_name":"Accursed Blacksmith","player_choice":"Forge","floor":19.0,"damage_taken":0.0},{"event_name":"The Mausoleum","player_choice":"Yes","floor":27.0,"damage_taken":0.0},{"event_name":"Beggar","player_choice":"Gave Gold","floor":28.0,"damage_taken":0.0},{"event_name":"Bonfire Elementals","player_choice":"BASIC","floor":39.0,"damage_taken":0.0},{"event_name":"Tomb of Lord Red Mask","player_choice":"Paid","floor":41.0,"damage_taken":0.0},{"event_name":"Transmorgrifier","player_choice":"Skipped","floor":47.0,"damage_taken":0.0}],"boss_relics":[],"potions_floor_spawned":[10,18,21,31,33,42,46],"seed_played":"-6892539316683854847","ascension_level":0,"is_trial":false}