{"path_per_floor":["M","?","?","?","?","E","M","$","T","M","R","?","$","M","R","B",null,"M","?"],"character_chosen":"IRONCLAD","items_purchased":["Battle Trance"],"gold_per_floor":[16,16,16,16,16,54,74,74,74,93,93,93,20,44,44,169,169,185,185],"floor_reached":20,"campfire_rested":2,"playtime":1233,"current_hp_per_floor":[94,70,75,75,75,52,46,46,46,51,81,61,61,64,94,39,101,94,94],"items_purged":[],"gold":185,"score":195,"play_id":"0888778c-f090-4a43-b12a-e7ff9252ee6f","is_prod":false,"is_daily":false,"is_ascension_mode":false,"campfire_upgraded":0,"path_taken":["M","?","?","?","?","E","M","$","T","M","R","?","$","M","R","BOSS","M","?","M"],"build_version":"2018-02-12-PROD1","purchased_purges":0,"victory":false,"master_deck":["Strike_R","Strike_R","Strike_R","Strike_R","Strike_R","Defend_R","Defend_R","Defend_R+1","Defend_R","Bash","Ghostly Armor","Seeing Red+1","Battle Trance","Impervious","Writhe"],"max_hp_per_floor":[96,96,101,101,101,101,101,101,101,101,101,101,101,101,101,101,101,101,101],"relics":["Burning Blood","Golden Idol","Champion Belt","Frozen Eye","Sozu","Molten Egg 2"],"card_choices":[{"not_picked":["Heavy Blade","Sever Soul"],"picked":"Ghostly Armor"},{"not_picked":["Rupture","Twin Strike"],"picked":"Seeing Red"},{"not_picked":["Brutality","Immolate"],"picked":"Impervious"}],"player_experience":168521,"potions_floor_usage":[16],"damage_taken":[{"damage":8,"enemies":"2 Louse","floor":1,"turns":3},{"damage":29,"enemies":"Gremlin Nob","floor":6,"turns":5},{"damage":12,"enemies":"Blue Slaver","floor":7,"turns":4},{"damage":1,"enemies":"Jaw Worm","floor":10,"turns":5},{"damage":3,"enemies":"2 Fungi Beasts","floor":14,"turns":4},{"damage":61,"enemies":"The Guardian","floor":16,"turns":17},{"damage":13,"enemies":"Shell Parasite","floor":18,"turns":7},{"damage":18,"enemies":"3 Byrds","floor":20,"turns":5}],"event_choices":[{"event_name":"Golden Idol","player_choice":"Take Damage","floor":2,"damage_taken":0},{"event_name":"Big Fish","player_choice":"Donut","floor":3,"damage_taken":0},{"event_name":"Match and Keep!","player_choice":"0 cards matched","floor":4,"damage_taken":0},{"event_name":"The Cleric","player_choice":"Leave","floor":5,"damage_taken":0},{"event_name":"Shining Light","player_choice":"Entered Light","floor":12,"damage_taken":0},{"event_name":"The Mausoleum","player_choice":"Yes","floor":19,"damage_taken":0}],"boss_relics":[{"not_picked":["Astrolabe","Black Blood"],"picked":"Sozu"}],"potions_floor_spawned":[7,10,14],"seed_played":"-5593317278106340853","killed_by":"3 Byrds","ascension_level":0,"is_trial":false}