{"path_per_floor":["M","?","$","$","?","R","?","M","T","M","?","M","?","$","R","B",null,"M","$","?","M","$"],"character_chosen":"IRONCLAD","items_purchased":["Power Through","Trip","True Grit","Second Wind"],"gold_per_floor":[119,119,47,47,47,47,47,70,70,90,120,139,314,136,136,266,266,287,242,242,257,89],"floor_reached":23,"campfire_rested":1,"playtime":1048,"current_hp_per_floor":[80,74,74,74,74,74,59,52,52,54,54,14,14,14,36,35,74,70,70,54,31,31],"items_purged":["Regret","Doubt"],"gold":89,"score":177,"play_id":"ee4abdea-3526-4568-a2dc-2adc15c32430","local_time":"20180311180406","is_prod":false,"is_daily":false,"is_ascension_mode":false,"campfire_upgraded":1,"timestamp":1520805846,"path_taken":["M","?","?","$","?","R","?","M","T","?","?","?","?","$","R","BOSS","M","$","?","M","$","?"],"build_version":"2018-03-09","purchased_purges":2,"victory":false,"master_deck":["Strike_R","Strike_R","Strike_R","Strike_R","Strike_R","Defend_R","Defend_R","Defend_R+1","Defend_R+1","Bash","Power Through+1","Barricade","Seeing Red","Trip","Fiend Fire","Wild Strike","True Grit","Second Wind"],"max_hp_per_floor":[80,74,74,74,74,74,74,74,74,74,74,74,74,74,74,74,74,74,74,74,74,74],"relics":["Burning Blood","Golden Idol","Pantograph","Torii","Ancient Tea Set","Cursed Key","Enchiridion"],"card_choices":[{"not_picked":["Thunderclap","Inflame"],"picked":"Barricade"},{"not_picked":["Clash","Carnage"],"picked":"Seeing Red"},{"not_picked":["Feed","Juggernaut"],"picked":"Fiend Fire"},{"not_picked":["Warcry","Iron Wave"],"picked":"Wild Strike"}],"player_experience":231620,"potions_floor_usage":[16,18,23],"damage_taken":[{"damage":5.0,"enemies":"Small Slimes","floor":1.0,"turns":3.0},{"damage":13.0,"enemies":"2 Louse","floor":8.0,"turns":4.0},{"damage":4.0,"enemies":"Jaw Worm","floor":10.0,"turns":5.0},{"damage":46.0,"enemies":"Exordium Thugs","floor":12.0,"turns":9.0},{"damage":32,"enemies":"Slime Boss","floor":16,"turns":17},{"damage":10,"enemies":"3 Byrds","floor":18,"turns":12},{"damage":29,"enemies":"Chosen","floor":21,"turns":7},{"damage":33,"enemies":"Centurion and Healer","floor":23,"turns":10}],"event_choices":[{"event_name":"Golden Idol","player_choice":"Lose Max HP","floor":2.0,"damage_taken":0.0},{"event_name":"Big Fish","player_choice":"Box","floor":5.0,"damage_taken":0.0},{"event_name":"Shining Light","player_choice":"Entered Light","floor":7.0,"damage_taken":0.0},{"event_name":"Dead Adventurer","player_choice":"Searched \u00272\u0027 times","floor":11.0,"damage_taken":0.0},{"event_name":"Liars Game","player_choice":"agreed","floor":13.0,"damage_taken":0.0},{"event_name":"Cursed Tome","player_choice":"Obtained Book","floor":20,"damage_taken":0}],"boss_relics":[{"not_picked":["Ectoplasm","Runic Dome"],"picked":"Cursed Key"}],"potions_floor_spawned":[10,12,21],"seed_played":"7080457554503285011","killed_by":"Centurion and Healer","ascension_level":0,"is_trial":false}