{"path_per_floor":["M","$","?","M","$","R","E","?","T","E","?","M","M","M","R","B",null,"M","?","?","?","M","E","R","M","T","R","$","M","M","T","R","B",null,"M","?","?","M","?","R","M","$","T","T","M","?","M","M","R"],"character_chosen":"IRONCLAD","items_purchased":["Pen Nib","Orichalcum","Ancient Tea Set"],"gold_per_floor":[113,113,113,124,124,124,159,159,159,192,192,220,238,253,253,353,353,369,369,369,369,389,421,421,433,433,433,277,289,301,301,301,404,404,424,424,424,441,441,441,459,89,146,172,189,0,18,30,30],"floor_reached":50,"campfire_rested":4,"playtime":2599,"current_hp_per_floor":[80,80,73,79,79,79,80,80,80,60,53,49,43,48,48,52,80,75,60,60,44,49,22,47,21,21,46,46,49,41,41,66,11,85,65,65,65,73,85,85,32,32,32,32,29,29,23,19,50],"items_purged":["Writhe"],"gold":30,"score":520,"play_id":"6adabd63-f578-4018-8d84-d6cfc6f0bc33","local_time":"20180314151057","is_prod":false,"is_daily":false,"is_ascension_mode":false,"campfire_upgraded":3,"timestamp":1521054657,"path_taken":["M","$","?","M","$","R","E","?","T","E","?","?","M","M","R","BOSS","M","?","?","?","?","E","R","M","T","R","$","M","M","?","R","BOSS","M","?","?","M","?","R","M","$","T","?","?","?","M","M","R","BOSS"],"build_version":"2018-03-09","purchased_purges":3,"victory":false,"master_deck":["Strike_R","Strike_R","Strike_R","Strike_R","Defend_R","Defend_R","Defend_R","Bash+1","Twin Strike+1","Spot Weakness","Battle Trance","Perfected Strike+1","Flex","Twin Strike","Flex+1","Pommel Strike","Wild Strike+1","Heavy Blade+1","Inflame"],"max_hp_per_floor":[80,80,80,80,80,80,80,80,80,80,80,80,80,80,80,80,80,80,85,85,85,85,85,85,85,85,85,85,85,85,85,85,85,85,85,85,85,85,85,85,85,85,85,85,85,85,85,85,85],"relics":["Burning Blood","NeowsBlessing","Calipers","Blood Vial","Dead Branch","Lantern","Odd Mushroom","Velvet Choker","Nilry\u0027s Codex","Prayer Wheel","Gambling Chip","Pen Nib","Thread and Needle","Eternal Feather","Orichalcum","Ancient Tea Set","Tiny Chest","Art of War","Red Mask"],"card_choices":[{"not_picked":["Iron Wave","Inflame"],"picked":"Twin Strike"},{"not_picked":["Inflame","Anger"],"picked":"Spot Weakness"},{"not_picked":["Spot Weakness","Cleave"],"picked":"Battle Trance"},{"not_picked":["Armaments","Exhume"],"picked":"Flex"},{"not_picked":["Armaments","Body Slam"],"picked":"Twin Strike"},{"not_picked":["Second Wind","Armaments"],"picked":"Flex"},{"not_picked":["Blood for Blood","Havoc"],"picked":"Pommel Strike"},{"not_picked":["Uppercut","Carnage"],"picked":"Wild Strike"},{"not_picked":["Shrug It Off","Flame Barrier"],"picked":"Heavy Blade"},{"not_picked":["Havoc","Entrench"],"picked":"Inflame"}],"player_experience":239518,"potions_floor_usage":[],"damage_taken":[{"damage":0.0,"enemies":"2 Louse","floor":1.0,"turns":1.0},{"damage":0.0,"enemies":"Cultist","floor":4.0,"turns":1.0},{"damage":0.0,"enemies":"Gremlin Nob","floor":7.0,"turns":1.0},{"damage":26.0,"enemies":"Lagavulin","floor":10.0,"turns":7.0},{"damage":12.0,"enemies":"The Mushroom Lair","floor":12.0,"turns":4.0},{"damage":14.0,"enemies":"Exordium Wildlife","floor":13.0,"turns":4.0},{"damage":3.0,"enemies":"Red Slaver","floor":14.0,"turns":4.0},{"damage":4.0,"enemies":"Slime Boss","floor":16.0,"turns":4.0},{"damage":11.0,"enemies":"3 Byrds","floor":18.0,"turns":4.0},{"damage":3.0,"enemies":"Chosen","floor":22.0,"turns":4.0},{"damage":35.0,"enemies":"Book of Stabbing","floor":23.0,"turns":5.0},{"damage":34.0,"enemies":"Slaver and Parasite","floor":25.0,"turns":5.0},{"damage":5.0,"enemies":"Snecko","floor":29.0,"turns":3.0},{"damage":16.0,"enemies":"Cultist and Chosen","floor":30.0,"turns":5.0},{"damage":63.0,"enemies":"Champ","floor":33.0,"turns":8.0},{"damage":26.0,"enemies":"3 Darklings","floor":35.0,"turns":4.0},{"damage":0.0,"enemies":"Orb Walker","floor":38.0,"turns":2.0},{"damage":59.0,"enemies":"4 Shapes","floor":41.0,"turns":5.0},{"damage":11,"enemies":"3 Darklings","floor":45,"turns":3},{"damage":14,"enemies":"Maw","floor":47,"turns":5},{"damage":12,"enemies":"4 Shapes","floor":48,"turns":5},{"damage":53,"enemies":"Donu and Deca","floor":50,"turns":3}],"event_choices":[{"event_name":"Scrap Ooze","player_choice":"success","floor":3.0,"damage_taken":7.0},{"event_name":"The Lab","player_choice":"Got Potions","floor":8.0,"damage_taken":0.0},{"event_name":"Golden Wing","player_choice":"Card Removal","floor":11.0,"damage_taken":0.0},{"event_name":"Mushrooms","player_choice":"Fought Mushrooms","floor":12.0,"damage_taken":0.0},{"event_name":"Forgotten Altar","player_choice":"Shed Blood","floor":19.0,"damage_taken":0.0},{"event_name":"The Library","player_choice":"Read","floor":20.0,"damage_taken":0.0},{"event_name":"Cursed Tome","player_choice":"Obtained Book","floor":21.0,"damage_taken":0.0},{"event_name":"Mysterious Sphere","player_choice":"Ignore","floor":37.0,"damage_taken":0.0},{"event_name":"Winding Halls","player_choice":"Writhe","floor":39.0,"damage_taken":0.0},{"event_name":"Tomb of Lord Red Mask","player_choice":"Paid","floor":46,"damage_taken":0}],"boss_relics":[],"potions_floor_spawned":[7,10,12,16,18,25,35],"seed_played":"-5240125933569969611","killed_by":"Donu and Deca","ascension_level":0,"is_trial":false}