{"path_per_floor":["M","?","?","?","M","E","$","R","T","E","R","T","E","M","R","B",null,"M","?","?","M","$","R","E","R","T","M","?","$","R","M","R","B",null,"M","$","?","$","M","R","?","E","T","M","M","?","R","?","R"],"character_chosen":"IRONCLAD","items_purchased":["Flex","Regen Potion"],"gold_per_floor":[109,109,109,109,121,151,76,76,100,127,127,127,160,172,172,275,275,287,212,212,226,24,24,53,53,108,123,123,23,23,41,41,140,140,150,30,30,30,40,40,0,32,32,43,55,55,55,55,55],"floor_reached":50,"campfire_rested":3,"playtime":1513,"current_hp_per_floor":[80,80,55,80,80,62,62,62,62,35,75,75,73,78,78,70,84,54,54,38,44,44,85,55,55,55,42,42,42,86,84,84,41,97,91,91,91,91,72,72,72,35,35,42,50,76,76,76,76],"items_purged":["Defend_R","Defend_R","Clash","Strike_R"],"gold":55,"score":603,"play_id":"6fc55e05-2f37-46ea-8210-3051e90aab79","local_time":"20180317141751","is_prod":false,"is_daily":false,"is_ascension_mode":true,"campfire_upgraded":6,"timestamp":1521310671,"path_taken":["M","?","?","?","?","E","?","R","T","E","R","?","E","M","R","BOSS","M","?","?","?","$","R","E","R","T","M","?","?","R","M","R","BOSS","M","$","?","$","M","R","?","E","T","M","M","?","R","?","R","BOSS"],"build_version":"2018-03-15v2","purchased_purges":4,"victory":false,"master_deck":["Strike_R+1","Strike_R+1","Strike_R+1","Defend_R+1","Bash","Double Tap","Whirlwind+1","Double Tap+1","Limit Break+1","Flex","Flex+1","Flex+1","Whirlwind+1","Flex"],"max_hp_per_floor":[80,80,80,80,80,82,82,82,82,84,84,84,84,84,84,84,84,84,84,89,89,89,89,89,89,89,91,91,91,93,95,95,97,97,99,99,99,99,99,99,99,101,101,103,105,105,105,105,105],"relics":["Burning Blood","Singing Bowl","Calipers","Regal Pillow","Champion Belt","Red Skull","Torii","Mark of Pain","The Courier","Dream Catcher","Black Star","Red Mask","Thread and Needle","Dead Branch","Peace Pipe"],"card_choices":[{"not_picked":["Thunderclap","Rage"],"picked":"Whirlwind"},{"not_picked":["Sentinel","Iron Wave"],"picked":"Double Tap"},{"not_picked":["Perfected Strike","True Grit"],"picked":"Clash"},{"not_picked":["Immolate","Demon Form"],"picked":"Limit Break"},{"not_picked":["Thunderclap","Shrug It Off"],"picked":"Flex"},{"not_picked":["Clothesline","Anger"],"picked":"Flex"},{"not_picked":["Body Slam","Shrug It Off"],"picked":"Whirlwind"},{"not_picked":["Perfected Strike","Headbutt"],"picked":"Flex"}],"player_experience":246632,"potions_floor_usage":[50,50],"damage_taken":[{"damage":4.0,"enemies":"Small Slimes","floor":1.0,"turns":4.0},{"damage":3.0,"enemies":"Jaw Worm","floor":5.0,"turns":5.0},{"damage":26.0,"enemies":"Gremlin Nob","floor":6.0,"turns":5.0},{"damage":35.0,"enemies":"Lagavulin","floor":10.0,"turns":6.0},{"damage":8.0,"enemies":"3 Sentries","floor":13.0,"turns":3.0},{"damage":1.0,"enemies":"2 Louse","floor":14.0,"turns":2.0},{"damage":14.0,"enemies":"Hexaghost","floor":16.0,"turns":8.0},{"damage":36.0,"enemies":"2 Thieves","floor":18.0,"turns":4.0},{"damage":0.0,"enemies":"Shell Parasite","floor":21.0,"turns":1.0},{"damage":36.0,"enemies":"Gremlin Leader","floor":24.0,"turns":5.0},{"damage":21.0,"enemies":"Sentry and Sphere","floor":27.0,"turns":4.0},{"damage":10.0,"enemies":"Cultist and Chosen","floor":31.0,"turns":4.0},{"damage":51.0,"enemies":"Collector","floor":33.0,"turns":7.0},{"damage":14.0,"enemies":"3 Darklings","floor":35.0,"turns":3.0},{"damage":25.0,"enemies":"Orb Walker","floor":39.0,"turns":3.0},{"damage":45.0,"enemies":"Giant Head","floor":42.0,"turns":6.0},{"damage":4.0,"enemies":"Sphere and 2 Shapes","floor":44.0,"turns":2.0},{"damage":0.0,"enemies":"3 Darklings","floor":45.0,"turns":1.0},{"damage":80,"enemies":"Time Eater","floor":50,"turns":6}],"event_choices":[{"event_name":"Shining Light","player_choice":"Ignored","floor":2.0,"damage_taken":0.0},{"event_name":"Scrap Ooze","player_choice":"success","floor":3.0,"damage_taken":25.0},{"event_name":"Big Fish","player_choice":"Banana","floor":4.0,"damage_taken":0.0},{"event_name":"Beggar","player_choice":"Gave Gold","floor":19.0,"damage_taken":0.0},{"event_name":"Forgotten Altar","player_choice":"Shed Blood","floor":20.0,"damage_taken":0.0},{"event_name":"Back to Basics","player_choice":"Simplicity","floor":28.0,"damage_taken":0.0},{"event_name":"Mysterious Sphere","player_choice":"Ignore","floor":37.0,"damage_taken":0.0},{"event_name":"Tomb of Lord Red Mask","player_choice":"Paid","floor":41.0,"damage_taken":0.0},{"event_name":"Winding Halls","player_choice":"Writhe","floor":46.0,"damage_taken":0.0}],"boss_relics":[],"potions_floor_spawned":[1,18,24,33,35,42,44],"seed_played":"-2921174929790740411","killed_by":"Time Eater","ascension_level":1,"is_trial":false}