{"path_per_floor":["M","?","?","$","M","R","M","R","T","M","?","R","$","M","R","B",null,"M","?","?","?","M","R","M","$","T","?","$","M","?","M","R"],"character_chosen":"IRONCLAD","items_purchased":["Shrug It Off","Vajra","Battle Trance"],"gold_per_floor":[117,117,117,67,86,86,100,100,153,173,173,173,98,115,115,213,213,230,230,230,230,247,247,266,266,292,292,56,66,66,86,86,86],"floor_reached":33,"campfire_rested":1,"playtime":1424,"current_hp_per_floor":[80,47,47,47,51,51,57,57,57,63,63,63,63,69,69,58,80,52,52,52,52,58,58,43,43,43,43,43,42,42,34,73,0],"items_purged":["Strike_R"],"gold":86,"score":235,"play_id":"445e95d2-3cab-4a38-bc3e-fefb0fb8a8c5","local_time":"20180427161836","is_prod":false,"is_daily":false,"chose_seed":false,"is_ascension_mode":false,"campfire_upgraded":5,"timestamp":1524860316,"path_taken":["M","?","?","$","M","R","M","R","T","M","?","R","?","M","R","BOSS","M","?","?","?","M","R","M","$","T","?","$","M","?","M","R","BOSS"],"build_version":"2018-04-26v2","seed_source_timestamp":1382228814178986,"purchased_purges":1,"victory":false,"master_deck":["Strike_R+1","Strike_R+1","Defend_R+1","Defend_R+1","Defend_R+1","Bash","Shrug It Off+1","Shrug It Off+1","Flex+1","Iron Wave+1","Armaments+1","Body Slam+1","Entrench+1","Battle Trance","Bash","Deep Breath","Body Slam"],"max_hp_per_floor":[80,80,80,80,80,80,80,80,80,80,80,80,80,80,80,80,80,80,80,80,80,80,80,80,80,80,80,80,80,80,80,80,80],"relics":["Burning Blood","Juzu Bracelet","Bronze Scales","Lizard Tail","Regal Pillow","Vajra"],"card_choices":[{"not_picked":["Rupture","Iron Wave"],"picked":"Shrug It Off","floor":5},{"not_picked":["Twin Strike","Thunderclap"],"picked":"Flex","floor":10},{"not_picked":["Sword Boomerang","Pommel Strike"],"picked":"Iron Wave","floor":14},{"not_picked":["Anger","Dual Wield"],"picked":"Armaments","floor":18},{"not_picked":["Pommel Strike","Corruption"],"picked":"Entrench","floor":22},{"not_picked":["Pommel Strike","Perfected Strike"],"picked":"Body Slam","floor":31}],"player_experience":0,"potions_floor_usage":[33,33,33],"damage_taken":[{"damage":0,"enemies":"2 Louse","floor":1,"turns":3},{"damage":2,"enemies":"Jaw Worm","floor":5,"turns":4},{"damage":0,"enemies":"Small Slimes","floor":7,"turns":3},{"damage":0,"enemies":"3 Louse","floor":10,"turns":4},{"damage":0,"enemies":"Large Slime","floor":14,"turns":5},{"damage":17,"enemies":"The Guardian","floor":16,"turns":15},{"damage":34,"enemies":"Spheric Guardian","floor":18,"turns":8},{"damage":0,"enemies":"3 Byrds","floor":22,"turns":4},{"damage":21,"enemies":"Cultist and Chosen","floor":24,"turns":6},{"damage":7,"enemies":"Chosen and Byrds","floor":29,"turns":7},{"damage":14,"enemies":"Centurion and Healer","floor":31,"turns":6},{"damage":142,"enemies":"Champ","floor":33,"turns":17}],"event_choices":[{"event_name":"Scrap Ooze","player_choice":"success","floor":2,"damage_taken":33},{"event_name":"Living Wall","player_choice":"Forget","floor":3,"damage_taken":0},{"event_name":"Wheel of Change","player_choice":"Card Removal","floor":11,"damage_taken":0},{"event_name":"Bonfire Elementals","player_choice":"BASIC","floor":19,"damage_taken":0},{"event_name":"Back to Basics","player_choice":"Simplicity","floor":20,"damage_taken":0},{"event_name":"The Library","player_choice":"Read","floor":21,"damage_taken":0},{"event_name":"Drug Dealer","player_choice":"Ignored","floor":27,"damage_taken":0},{"event_name":"Match and Keep!","player_choice":"2 cards matched","floor":30,"damage_taken":0},{"event_name":"Match and Keep!","player_choice":"2 cards matched","floor":30,"damage_taken":0}],"boss_relics":[{"not_picked":["White Beast Statue","Calling Bell"],"picked":"Lizard Tail"}],"potions_floor_spawned":[5,7,24,31],"seed_played":"2048712929666685568","killed_by":"Champ","ascension_level":0,"is_trial":false}