{"path_per_floor":["M","M","M","?","M","M","R","?","T","M","?","M","R","M","R","B",null,"M","$","M","$","?","R","T","?","T","M","R","M","E","M","R"],"character_chosen":"IRONCLAD","items_purchased":["Purity","Happy Flower"],"gold_per_floor":[110,126,136,136,147,161,161,161,161,171,228,243,243,260,260,356,356,370,48,63,63,63,63,63,63,112,128,128,138,163,180,180],"floor_reached":33,"campfire_rested":0,"playtime":2562,"current_hp_per_floor":[78,80,80,80,62,60,60,60,60,64,60,64,64,70,70,47,80,79,79,80,80,56,56,56,56,56,56,56,56,56,56,56],"items_purged":["Defend_R"],"gold":180,"play_id":"6919da80-8802-4d08-9ca0-25c49afb4143","is_prod":false,"is_daily":false,"campfire_rituals":0,"campfire_upgraded":6,"is_hardmode":false,"path_taken":["M","M","?","?","M","M","R","?","T","?","?","M","R","M","R","BOSS","M","?","M","$","?","R","?","?","T","?","R","M","E","M","R","BOSS"],"build_version":"2018-01-11-PROD2","purchased_purges":1,"victory":false,"master_deck":["Defend_R","Defend_R","Bash","Pommel Strike","Rampage","Shrug It Off","Impervious","Battle Trance","Offering","Purity","Armaments","Bite_R","Bite_R","Bite_R","Bite_R","Bite_R","Pommel Strike"],"max_hp_per_floor":[80,80,80,80,80,80,80,80,80,80,80,80,80,80,80,80,80,80,80,80,80,56,56,56,56,56,56,56,56,56,56,56],"relics":["Burning Blood","Gremlin Horn","Pen Nib","Velvet Choker","Happy Flower","Calipers","War Paint","Centennial Puzzle"],"campfire_meditates":0,"card_choices":[{"not_picked":["Headbutt","Anger"],"picked":"Pommel Strike"},{"not_picked":["Shockwave","Perfected Strike"],"picked":"Rampage"},{"not_picked":["Searing Blow","Flex"],"picked":"Shrug It Off"},{"not_picked":["Thunderclap","Armaments"],"picked":"Impervious"},{"not_picked":["Clash","Anger"],"picked":"Battle Trance"},{"not_picked":["Dark Embrace","Impervious"],"picked":"Offering"},{"not_picked":["Twin Strike","Corruption"],"picked":"Armaments"},{"not_picked":["Armaments","Perfected Strike"],"picked":"Pommel Strike"}],"player_experience":0,"potions_floor_usage":[14,16,29,29,33,33,33],"damage_taken":[{"damage":8,"enemies":"Blue Slaver","floor":1,"turns":7},{"damage":2,"enemies":"2 Louse","floor":2,"turns":3},{"damage":6,"enemies":"Cultist","floor":3,"turns":3},{"damage":24,"enemies":"Gremlin Gang","floor":5,"turns":5},{"damage":8,"enemies":"2 Fungi Beasts","floor":6,"turns":3},{"damage":2,"enemies":"Exordium Thugs","floor":10,"turns":4},{"damage":10,"enemies":"Gremlin Nob","floor":11,"turns":4},{"damage":2,"enemies":"Large Slime","floor":12,"turns":6},{"damage":0,"enemies":"Lots of Slimes","floor":14,"turns":1},{"damage":29,"enemies":"The Guardian","floor":16,"turns":7},{"damage":7,"enemies":"Shell Parasite","floor":18,"turns":5},{"damage":0,"enemies":"Spheric Guardian","floor":20,"turns":3},{"damage":13,"enemies":"Centurion and Healer","floor":27,"turns":5},{"damage":10,"enemies":"3 Cultists","floor":29,"turns":3},{"damage":4,"enemies":"Book of Stabbing","floor":30,"turns":4},{"damage":18,"enemies":"Sentry and Sphere","floor":31,"turns":6},{"damage":70,"enemies":"Champ","floor":33,"turns":7}],"event_choices":[{"event_name":"Living Wall","player_choice":"Forget","floor":4,"damage_taken":0},{"event_name":"Purifier","player_choice":"One Purge","floor":8,"damage_taken":0},{"event_name":"Dead Adventurer","player_choice":"Searched \u00271\u0027 times","floor":11,"damage_taken":0},{"event_name":"Vampires","player_choice":"Became a vampire","floor":22,"damage_taken":0},{"event_name":"The Lab","player_choice":"Got Potions","floor":25,"damage_taken":0}],"boss_relics":[{"not_picked":["Sozu","Lizard Tail"],"picked":"Velvet Choker"}],"potions_floor_spawned":[2,6,11,11,12,27,29,30],"seed_played":"-6636701092703433583","killed_by":"Champ","is_trial":false}