{"path_per_floor":["M","$","M","$","M","E","R","M","T","M","R","E","$","M","R","B",null,"M","M","?","?","T","R","M","R","T","R","M","?","M","?","R","B",null,"M","M","?","?","M","R","M","R","T","?","$","M","R","M","R","B"],"character_chosen":"IRONCLAD","items_purchased":["Pommel Strike"],"gold_per_floor":[118,43,55,32,45,79,79,98,122,142,142,176,76,95,95,195,195,195,195,195,195,195,195,195,195,195,195,195,195,195,195,195,195,195,195,195,195,195,195,195,195,195,195,195,70,70,70,70,70,70],"floor_reached":51,"campfire_rested":1,"playtime":3151,"current_hp_per_floor":[72,72,72,72,72,54,54,56,56,62,62,56,56,62,62,48,72,72,69,69,69,69,69,70,70,70,70,72,72,72,72,72,63,72,64,62,62,62,60,60,68,68,68,68,68,70,70,55,72,70],"items_purged":["Berserk","Strike_R","Strike_R"],"gold":70,"play_id":"0c21db0e-843d-4657-94f1-babfc8e98b7b","is_prod":false,"is_daily":false,"campfire_rituals":0,"campfire_upgraded":10,"is_hardmode":false,"path_taken":["M","$","?","?","?","E","R","?","T","M","R","E","$","M","R","BOSS","M","M","?","?","?","R","M","R","T","R","?","?","M","?","R","BOSS","M","M","?","?","M","R","M","R","T","?","$","?","R","M","R","BOSS"],"build_version":"2018-01-11-PROD2","purchased_purges":3,"victory":true,"master_deck":["Strike_R","Defend_R","Defend_R","Defend_R","Bash","Immolate","Battle Trance","Offering","Pommel Strike","Rampage","Ghostly Armor","Double Tap","Metallicize","Warcry","Offering","Clumsy"],"max_hp_per_floor":[72,72,72,72,72,72,72,72,72,72,72,72,72,72,72,72,72,72,72,72,72,72,72,72,72,72,72,72,72,72,72,72,72,72,72,72,72,72,72,72,72,72,72,72,72,72,72,72,72,72],"relics":["Burning Blood","Toolbox","Bronze Scales","Blue Candle","Ectoplasm","Bag of Marbles","Orichalcum","Mark of Pain","Ornamental Fan"],"campfire_meditates":0,"card_choices":[{"not_picked":["Rampage","Seeing Red"],"picked":"Battle Trance"},{"not_picked":["Pummel","Dropkick"],"picked":"Offering"},{"not_picked":["Second Wind","Heavy Blade"],"picked":"Rampage"},{"not_picked":["Battle Trance","Reckless Charge"],"picked":"Ghostly Armor"},{"not_picked":["True Grit","Feel No Pain"],"picked":"Metallicize"},{"not_picked":["Cleave","Pommel Strike"],"picked":"Warcry"},{"not_picked":["Feed","Demon Form"],"picked":"Offering"}],"player_experience":171038,"potions_floor_usage":[6,33,41,41,50,50,50],"damage_taken":[{"damage":4,"enemies":"Blue Slaver","floor":1,"turns":10},{"damage":5,"enemies":"Cultist","floor":3,"turns":5},{"damage":0,"enemies":"2 Louse","floor":5,"turns":2},{"damage":24,"enemies":"3 Sentries","floor":6,"turns":5},{"damage":4,"enemies":"Exordium Wildlife","floor":8,"turns":3},{"damage":0,"enemies":"3 Louse","floor":10,"turns":3},{"damage":12,"enemies":"Gremlin Nob","floor":12,"turns":3},{"damage":4,"enemies":"Red Slaver","floor":14,"turns":2},{"damage":20,"enemies":"The Guardian","floor":16,"turns":9},{"damage":4,"enemies":"Spheric Guardian","floor":18,"turns":3},{"damage":9,"enemies":"3 Byrds","floor":19,"turns":3},{"damage":5,"enemies":"Snake Plant","floor":24,"turns":2},{"damage":4,"enemies":"Chosen and Byrds","floor":28,"turns":3},{"damage":4,"enemies":"3 Cultists","floor":30,"turns":2},{"damage":15,"enemies":"Champ","floor":33,"turns":5},{"damage":14,"enemies":"3 Darklings","floor":35,"turns":4},{"damage":8,"enemies":"3 Shapes","floor":36,"turns":3},{"damage":8,"enemies":"3 Darklings","floor":39,"turns":2},{"damage":7,"enemies":"4 Shapes","floor":41,"turns":4},{"damage":4,"enemies":"Maw","floor":46,"turns":6},{"damage":23,"enemies":"3 Darklings","floor":48,"turns":5},{"damage":8,"enemies":"Awakened One","floor":50,"turns":4}],"event_choices":[{"event_name":"The Library","player_choice":"Read","floor":20,"damage_taken":0},{"event_name":"Golden Shrine","player_choice":"Pray","floor":21,"damage_taken":0},{"event_name":"Vampires","player_choice":"Ignored","floor":29,"damage_taken":0},{"event_name":"Drug Dealer","player_choice":"Ignored","floor":31,"damage_taken":0},{"event_name":"Match and Keep!","player_choice":"1 cards matched","floor":37,"damage_taken":0},{"event_name":"Mysterious Sphere","player_choice":"Ignore","floor":44,"damage_taken":0}],"boss_relics":[{"not_picked":["Cursed Key","Lizard Tail"],"picked":"Ectoplasm"},{"not_picked":["Tiny House","Orrery"],"picked":"Mark of Pain"}],"potions_floor_spawned":[3,6,8,14,19,24,36,41,48],"seed_played":"4080131313035796240","is_trial":false}