{"path_per_floor":["M","M","?","M","M","R","$","R","T","R","M","M","R","E","R","B",null,"M","$","?","M","?","E","R","E","T","$","M","R","?","M","R","B",null,"M","?","?","M","?","E","R","M","T","?","M","$","M","$","R","B"],"character_chosen":"IRONCLAD","items_purchased":["War Paint","Bag of Preparation","Calipers","Dodecahedron"],"gold_per_floor":[110,125,125,140,156,156,4,4,4,4,16,28,28,60,60,164,164,177,102,462,474,474,508,508,538,613,362,375,375,290,302,302,401,401,418,465,465,482,482,507,507,522,572,572,585,48,65,65,65,65],"floor_reached":51,"campfire_rested":0,"playtime":3155,"current_hp_per_floor":[70,72,65,68,69,69,69,69,69,69,75,80,80,80,80,61,80,80,80,40,58,58,57,57,58,58,58,64,64,64,70,70,62,80,80,80,70,76,76,80,80,80,87,87,87,87,87,87,87,87],"items_purged":["Strike_R","Strike_R"],"gold":65,"play_id":"49f4b6b8-2b82-4e5c-9db4-49ebe63aceff","is_prod":false,"is_daily":false,"campfire_rituals":0,"campfire_upgraded":10,"is_hardmode":false,"path_taken":["M","?","?","?","M","R","?","R","T","R","M","M","R","E","R","BOSS","M","$","?","M","?","E","R","E","T","$","?","R","?","M","R","BOSS","M","?","?","?","?","E","R","M","T","?","M","$","?","$","R","BOSS"],"build_version":"2018-01-11-PROD2","purchased_purges":2,"victory":true,"master_deck":["Strike_R","Defend_R","Defend_R","Defend_R","Bash","Shrug It Off","Flame Barrier","Battle Trance","Body Slam","Pommel Strike","Impervious","Dual Wield","Double Tap","Madness","Madness","Body Slam"],"max_hp_per_floor":[80,80,80,80,80,80,80,80,80,80,80,80,80,80,80,80,80,80,80,80,80,80,80,80,80,80,80,80,80,80,80,80,80,80,80,80,80,80,80,80,80,80,87,87,87,87,87,87,87,87],"relics":["Burning Blood","Ornamental Fan","War Paint","Meat on the Bone","Letter Opener","Sozu","Orichalcum","Bottled Flame","Self Forming Clay","Bag of Preparation","Champion Belt","Philosopher\u0027s Stone","Ice Cream","Dream Catcher","Strawberry","Calipers","Dodecahedron"],"campfire_meditates":0,"card_choices":[{"not_picked":["Warcry","Clothesline"],"picked":"Shrug It Off"},{"not_picked":["Clash","Shockwave"],"picked":"Flame Barrier"},{"not_picked":["Twin Strike","Headbutt"],"picked":"Battle Trance"},{"not_picked":["Armaments","Reaper"],"picked":"Body Slam"},{"not_picked":["Spot Weakness","Pummel"],"picked":"Pommel Strike"},{"not_picked":["Flex","Seeing Red"],"picked":"Impervious"},{"not_picked":["Perfected Strike","Havoc"],"picked":"Dual Wield"},{"not_picked":["Immolate","Limit Break"],"picked":"Double Tap"},{"not_picked":["Pommel Strike","Wild Strike"],"picked":"Body Slam"}],"player_experience":90837,"potions_floor_usage":[],"damage_taken":[{"damage":16,"enemies":"Blue Slaver","floor":1,"turns":6},{"damage":4,"enemies":"Jaw Worm","floor":2,"turns":5},{"damage":3,"enemies":"Small Slimes","floor":4,"turns":5},{"damage":5,"enemies":"Looter","floor":5,"turns":4},{"damage":0,"enemies":"Gremlin Gang","floor":11,"turns":7},{"damage":0,"enemies":"Red Slaver","floor":12,"turns":5},{"damage":0,"enemies":"3 Sentries","floor":14,"turns":11},{"damage":25,"enemies":"The Guardian","floor":16,"turns":11},{"damage":0,"enemies":"Shell Parasite","floor":18,"turns":5},{"damage":0,"enemies":"Spheric Guardian","floor":21,"turns":3},{"damage":7,"enemies":"Gremlin Leader","floor":23,"turns":8},{"damage":5,"enemies":"Slavers","floor":25,"turns":5},{"damage":0,"enemies":"Centurion and Healer","floor":28,"turns":4},{"damage":0,"enemies":"Snake Plant","floor":31,"turns":2},{"damage":14,"enemies":"Champ","floor":33,"turns":11},{"damage":0,"enemies":"Orb Walker","floor":35,"turns":1},{"damage":0,"enemies":"Mysterious Sphere","floor":36,"turns":1},{"damage":0,"enemies":"3 Darklings","floor":38,"turns":1},{"damage":0,"enemies":"2 Orb Walkers","floor":40,"turns":1},{"damage":0,"enemies":"Maw","floor":42,"turns":2},{"damage":0,"enemies":"4 Shapes","floor":45,"turns":1},{"damage":0,"enemies":"3 Darklings","floor":47,"turns":1},{"damage":0,"enemies":"Donu and Deca","floor":50,"turns":2}],"event_choices":[{"event_name":"Scrap Ooze","player_choice":"success","floor":3,"damage_taken":7},{"event_name":"Knowing Skull","player_choice":"GOLD GOLD GOLD GOLD ","floor":20,"damage_taken":0},{"event_name":"Back to Basics","player_choice":"Elegance","floor":22,"damage_taken":0},{"event_name":"Addict","player_choice":"Obtained Relic","floor":30,"damage_taken":0},{"event_name":"Mysterious Sphere","player_choice":"Fight","floor":36,"damage_taken":0},{"event_name":"Winding Halls","player_choice":"Embrace Madness","floor":37,"damage_taken":0},{"event_name":"Tomb of Lord Red Mask","player_choice":"Ignored","floor":44,"damage_taken":0}],"boss_relics":[{"not_picked":["Astrolabe","Runic Cube"],"picked":"Sozu"},{"not_picked":["Runic Pyramid","Question Card"],"picked":"Philosopher\u0027s Stone"}],"potions_floor_spawned":[2,11,14,23,28,31,33,35,38,47],"seed_played":"-3831249750143647983","is_trial":false}