{"path_per_floor":["M","?","$","M","M","E","R","E","T","R","M","R","E","?","R","B",null,"M","?","?","?","?","R","M","M","T","R","?","$","R","M","R"],"character_chosen":"IRONCLAD","items_purchased":[],"gold_per_floor":[110,110,35,49,66,99,99,129,156,156,169,169,198,198,198,318,318,332,247,172,172,172,172,185,197,250,250,150,50,50,60,60],"floor_reached":33,"campfire_rested":1,"playtime":2450,"current_hp_per_floor":[80,77,77,80,80,37,76,76,76,76,65,65,51,51,51,21,83,67,67,67,51,51,51,59,76,81,81,81,81,81,80,80],"items_purged":["Strike_R","Havoc"],"gold":60,"play_id":"759d9f4c-d828-47c5-8f5e-b1b9a99330ee","is_prod":false,"is_daily":false,"campfire_rituals":0,"campfire_upgraded":7,"is_hardmode":false,"path_taken":["M","?","$","M","M","E","R","E","T","R","M","R","E","?","R","BOSS","M","?","?","?","?","R","M","?","T","R","?","?","R","M","R","BOSS"],"build_version":"2018-01-11-PROD2","purchased_purges":2,"victory":false,"master_deck":["Defend_R","Defend_R","Defend_R","Defend_R","Bash","Shrug It Off","Whirlwind","Flex","Shrug It Off","True Grit","Rampage","Pommel Strike","Barricade","Heavy Blade","Shockwave","Shrug It Off","J.A.X."],"max_hp_per_floor":[80,80,80,80,80,80,80,90,90,90,90,90,90,83,83,83,83,83,83,83,83,83,83,83,83,83,83,83,83,83,83,83],"relics":["Burning Blood","Meat on the Bone","Regal Pillow","Pear","Art of War","Calipers","Bloody Idol","Astrolabe","Kunai","Nilry\u0027s Codex","Prayer Wheel"],"campfire_meditates":0,"card_choices":[{"not_picked":["Warcry","Sword Boomerang"],"picked":"Shrug It Off"},{"not_picked":["Combust","Clash"],"picked":"Whirlwind"},{"not_picked":["Evolve","Dual Wield"],"picked":"Flex"},{"not_picked":["Hemokinesis","Barricade"],"picked":"Shrug It Off"},{"not_picked":["Havoc","Thunderclap"],"picked":"True Grit"},{"not_picked":["Clash","Combust"],"picked":"Rampage"},{"not_picked":["Clash","Havoc"],"picked":"Pommel Strike"},{"not_picked":["Brutality","Juggernaut"],"picked":"Barricade"},{"not_picked":["Whirlwind","Clothesline"],"picked":"Shrug It Off"}],"player_experience":325229,"potions_floor_usage":[8,16,16,24,31,33],"damage_taken":[{"damage":1,"enemies":"2 Louse","floor":1,"turns":3},{"damage":0,"enemies":"Small Slimes","floor":4,"turns":2},{"damage":6,"enemies":"Blue Slaver","floor":5,"turns":7},{"damage":61,"enemies":"Lagavulin","floor":6,"turns":9},{"damage":16,"enemies":"3 Sentries","floor":8,"turns":3},{"damage":17,"enemies":"Large Slime","floor":11,"turns":5},{"damage":32,"enemies":"Lagavulin","floor":13,"turns":7},{"damage":48,"enemies":"Slime Boss","floor":16,"turns":11},{"damage":22,"enemies":"2 Thieves","floor":18,"turns":3},{"damage":3,"enemies":"Shell Parasite","floor":24,"turns":4},{"damage":12,"enemies":"3 Cultists","floor":25,"turns":4},{"damage":12,"enemies":"Snake Plant","floor":31,"turns":3},{"damage":92,"enemies":"Automaton","floor":33,"turns":12}],"event_choices":[{"event_name":"Scrap Ooze","player_choice":"success","floor":2,"damage_taken":3},{"event_name":"Golden Idol","player_choice":"Lose Max HP","floor":14,"damage_taken":0},{"event_name":"Addict","player_choice":"Obtained Relic","floor":19,"damage_taken":0},{"event_name":"Beggar","player_choice":"Gave Gold","floor":20,"damage_taken":0},{"event_name":"Cursed Tome","player_choice":"Obtained Book","floor":21,"damage_taken":0},{"event_name":"Forgotten Altar","player_choice":"Gave Idol","floor":22,"damage_taken":0},{"event_name":"Drug Dealer","player_choice":"Got JAXXED","floor":28,"damage_taken":0}],"boss_relics":[{"not_picked":["Eternal Feather","White Beast Statue"],"picked":"Astrolabe"}],"potions_floor_spawned":[1,6,13,16,18,25],"seed_played":"6018992633986938603","killed_by":"Automaton","is_trial":false}