{"path_per_floor":["M","?","?","M","?","R","M","M","T","R","?","R","$","M","R","B",null,"M","M","?","?","$","R","M","R","T","M","T","R","?","?","R","B",null,"M","?","?","M","M","R","M"],"character_chosen":"IRONCLAD","items_purchased":["Pen Nib"],"gold_per_floor":[113,188,188,208,208,208,223,241,241,241,306,306,87,104,104,207,207,220,237,162,162,62,62,79,79,133,153,178,178,178,178,178,273,273,288,288,288,304,319,319,335],"floor_reached":42,"campfire_rested":1,"playtime":2027,"current_hp_per_floor":[80,69,69,68,68,68,74,76,76,76,71,71,71,73,73,49,80,80,80,80,65,65,65,67,67,67,73,73,73,57,57,82,67,85,85,85,85,85,85,85,85],"items_purged":["Strike_R","Strike_R"],"gold":335,"play_id":"6adc4fa3-abb1-4da9-ba6c-37ade09e4fa7","is_prod":false,"is_daily":false,"campfire_rituals":0,"campfire_upgraded":8,"is_hardmode":false,"path_taken":["M","?","?","M","?","R","M","?","T","R","?","R","$","M","R","BOSS","M","M","?","?","$","R","M","R","T","?","?","R","?","?","R","BOSS","M","?","?","?","M","R","M","M"],"build_version":"2018-01-18-PROD4","purchased_purges":2,"victory":false,"master_deck":["Strike_R","Defend_R","Defend_R","Defend_R","Defend_R","Bash","Pommel Strike","Twin Strike","Offering","Rampage","Fiend Fire","Pommel Strike","Double Tap"],"max_hp_per_floor":[80,80,80,80,80,80,80,80,80,80,80,80,80,80,80,80,80,80,80,80,85,85,85,85,85,85,85,85,85,85,85,85,85,85,85,85,85,85,85,85,85],"relics":["Black Blood","Toxic Egg","Thread and Needle","Orichalcum","Pen Nib","Velvet Choker","Lantern","Oddly Smooth Stone","Enchiridion"],"campfire_meditates":0,"card_choices":[{"not_picked":["Anger","Twin Strike"],"picked":"Pommel Strike"},{"not_picked":["Thunderclap","Burning Pact"],"picked":"Twin Strike"},{"not_picked":["Reckless Charge","Anger"],"picked":"Offering"},{"not_picked":["Bloodletting","Burning Pact"],"picked":"Rampage"},{"not_picked":["Reaper","Bludgeon"],"picked":"Fiend Fire"},{"not_picked":["Wild Strike","Body Slam"],"picked":"Pommel Strike"},{"not_picked":["Headbutt","Dual Wield"],"picked":"Double Tap"}],"player_experience":526642,"potions_floor_usage":[8,11],"damage_taken":[{"damage":0,"enemies":"Jaw Worm","floor":1,"turns":4},{"damage":7,"enemies":"Blue Slaver","floor":4,"turns":5},{"damage":0,"enemies":"Small Slimes","floor":7,"turns":3},{"damage":4,"enemies":"Gremlin Gang","floor":8,"turns":3},{"damage":11,"enemies":"Lagavulin Event","floor":11,"turns":3},{"damage":4,"enemies":"Large Slime","floor":14,"turns":4},{"damage":30,"enemies":"The Guardian","floor":16,"turns":8},{"damage":4,"enemies":"Spheric Guardian","floor":18,"turns":1},{"damage":4,"enemies":"3 Byrds","floor":19,"turns":4},{"damage":4,"enemies":"Snecko","floor":24,"turns":4},{"damage":0,"enemies":"Sentry and Sphere","floor":27,"turns":3},{"damage":21,"enemies":"Collector","floor":33,"turns":7},{"damage":5,"enemies":"3 Shapes","floor":35,"turns":4},{"damage":4,"enemies":"3 Darklings","floor":38,"turns":4},{"damage":0,"enemies":"Maw","floor":39,"turns":4},{"damage":4,"enemies":"Sphere and 2 Shapes","floor":41,"turns":6},{"damage":5,"enemies":"3 Darklings","floor":42,"turns":4}],"event_choices":[{"event_name":"World of Goop","player_choice":"Gather Gold","floor":2,"damage_taken":0},{"event_name":"The Lab","player_choice":"Got Potions","floor":3,"damage_taken":0},{"event_name":"Accursed Blacksmith","player_choice":"Forge","floor":5,"damage_taken":0},{"event_name":"Dead Adventurer","player_choice":"Searched \u00273\u0027 times","floor":11,"damage_taken":0},{"event_name":"Beggar","player_choice":"Gave Gold","floor":20,"damage_taken":0},{"event_name":"Forgotten Altar","player_choice":"Shed Blood","floor":21,"damage_taken":0},{"event_name":"Cursed Tome","player_choice":"Obtained Book","floor":30,"damage_taken":0},{"event_name":"Back to Basics","player_choice":"Elegance","floor":31,"damage_taken":0},{"event_name":"The Woman in Blue","player_choice":"Bought 0 Potions","floor":36,"damage_taken":0},{"event_name":"Duplicator","player_choice":"Ignored","floor":37,"damage_taken":0}],"boss_relics":[{"not_picked":["Cursed Key","Astrolabe"],"picked":"Velvet Choker"},{"not_picked":["Tiny House","Runic Cube"],"picked":"Black Blood"}],"potions_floor_spawned":[4,11,16,19,27,35,38,41],"seed_played":"8467721480437534891","killed_by":"3 Darklings","is_trial":false}