{"path_per_floor":["M","M","?","?","$","R","E","M","T","$","E","?","R","M","R","B",null,"M","?","M","?","M","R","M","R","T","?","E","R","M","E","R","B",null],"character_chosen":"IRONCLAD","items_purchased":["Madness"],"gold_per_floor":[113,125,125,125,22,22,56,73,73,73,103,53,53,66,66,166,166,183,453,472,472,487,487,502,502,502,502,537,537,547,573,573,672,672],"floor_reached":35,"campfire_rested":5,"playtime":3010,"current_hp_per_floor":[80,70,70,47,47,74,60,60,60,60,53,53,53,45,72,23,90,86,54,40,40,34,52,20,38,38,59,43,43,54,47,68,16,70],"items_purged":[],"gold":672,"play_id":"be657a52-d2e4-4eaf-8b9c-0aac3bdabe14","is_prod":false,"is_daily":false,"campfire_rituals":0,"campfire_upgraded":2,"is_hardmode":false,"path_taken":["M","M","?","?","$","R","E","M","T","?","E","?","R","M","R","BOSS","M","?","?","?","?","R","M","R","T","?","E","R","M","E","R","BOSS","M"],"build_version":"2018-01-11-PROD2","purchased_purges":0,"victory":false,"master_deck":["Defend_R","Defend_R","Defend_R","Defend_R","Bash","Demon Form","Madness","Seeing Red","Spot Weakness","Twin Strike","Limit Break","Seeing Red","Bite_R","Bite_R","Bite_R","Bite_R","Bite_R","Twin Strike","Sword Boomerang"],"max_hp_per_floor":[80,80,80,90,90,90,90,90,90,90,90,90,90,90,90,90,90,90,90,90,63,63,63,63,63,63,63,63,63,63,70,70,70,70],"relics":["Black Blood","Pear","Whetstone","Champion Belt","Mummified Hand","Snecko Eye","Du-Vu Doll","War Paint","Strawberry"],"campfire_meditates":0,"card_choices":[{"not_picked":["Warcry","Disarm"],"picked":"Seeing Red"},{"not_picked":["Feed","Twin Strike"],"picked":"Spot Weakness"},{"not_picked":["Blood for Blood","Battle Trance"],"picked":"Twin Strike"},{"not_picked":["Immolate","Reaper"],"picked":"Limit Break"},{"not_picked":["Anger","Body Slam"],"picked":"Seeing Red"},{"not_picked":["Headbutt","Shrug It Off"],"picked":"Twin Strike"},{"not_picked":["Perfected Strike","Cleave"],"picked":"Sword Boomerang"}],"player_experience":57055,"potions_floor_usage":[7,7,7,11,18,31,33,35],"damage_taken":[{"damage":1,"enemies":"Cultist","floor":1,"turns":3},{"damage":16,"enemies":"Blue Slaver","floor":2,"turns":5},{"damage":20,"enemies":"3 Sentries","floor":7,"turns":8},{"damage":6,"enemies":"Jaw Worm","floor":8,"turns":3},{"damage":13,"enemies":"Lagavulin","floor":11,"turns":5},{"damage":14,"enemies":"Exordium Wildlife","floor":14,"turns":4},{"damage":55,"enemies":"The Guardian","floor":16,"turns":7},{"damage":10,"enemies":"2 Thieves","floor":18,"turns":3},{"damage":20,"enemies":"Shell Parasite","floor":20,"turns":5},{"damage":24,"enemies":"Centurion and Healer","floor":22,"turns":4},{"damage":52,"enemies":"Snake Plant","floor":24,"turns":5},{"damage":38,"enemies":"Gremlin Leader","floor":28,"turns":5},{"damage":0,"enemies":"Snecko","floor":30,"turns":3},{"damage":31,"enemies":"Book of Stabbing","floor":31,"turns":4},{"damage":81,"enemies":"Collector","floor":33,"turns":8}],"event_choices":[{"event_name":"The Lab","player_choice":"Got Potions","floor":3,"damage_taken":0},{"event_name":"Scrap Ooze","player_choice":"success","floor":4,"damage_taken":33},{"event_name":"The Cleric","player_choice":"Card Removal","floor":12,"damage_taken":0},{"event_name":"Knowing Skull","player_choice":"GOLD GOLD GOLD ","floor":19,"damage_taken":0},{"event_name":"Vampires","player_choice":"Became a vampire","floor":21,"damage_taken":0},{"event_name":"The Library","player_choice":"Heal","floor":27,"damage_taken":0}],"boss_relics":[{"not_picked":["White Beast Statue","Orrery"],"picked":"Snecko Eye"},{"not_picked":["Eternal Feather","Runic Cube"],"picked":"Black Blood"}],"potions_floor_spawned":[1,8,14,22,28,31,33],"seed_played":"-1760800700144288066","killed_by":"3 Shapes","is_trial":false}