{"path_per_floor":["M","?","M","?","?","R","M","R","T","M","R","M","E","M","R","B",null,"M","M","?","?","M","R","$","R","T","M","E","M","?","M","R","B",null,"M","?","M","$","?","R","M","R","T","R","?","M","M","M","R","B"],"character_chosen":"IRONCLAD","items_purchased":["Blood Vial","Energy Potion"],"gold_per_floor":[112,112,136,136,136,136,150,150,150,170,170,188,226,244,244,370,370,370,370,295,295,295,295,75,75,75,75,75,75,75,75,75,75,75,75,75,75,27,27,27,27,27,27,27,0,0,0,0,0,0],"floor_reached":51,"campfire_rested":2,"playtime":3005,"current_hp_per_floor":[80,60,63,63,56,80,80,80,80,80,80,74,71,77,77,24,80,80,80,80,80,77,77,77,77,77,64,65,63,63,70,70,40,64,64,19,18,18,54,54,47,47,61,61,61,48,44,42,62,44],"items_purged":["Defend_R"],"gold":0,"play_id":"1f645eaf-eea8-4fdc-9101-147117e78e22","is_prod":false,"is_daily":false,"campfire_rituals":0,"campfire_upgraded":5,"is_hardmode":false,"path_taken":["M","?","M","?","?","R","?","R","T","M","R","?","E","M","R","BOSS","M","M","?","?","M","R","$","R","T","M","E","?","?","M","R","BOSS","M","?","?","$","?","R","M","R","T","R","?","?","M","M","R","BOSS"],"build_version":"2018-01-11-PROD2","purchased_purges":1,"victory":true,"master_deck":["Strike_R","Strike_R","Bash","Flex","Shrug It Off","Flex","Twin Strike","Shrug It Off","Heavy Blade","Twin Strike","Battle Trance"],"max_hp_per_floor":[80,80,80,80,80,80,80,80,80,80,80,80,80,80,80,80,80,80,80,80,80,80,80,80,80,80,80,80,80,80,80,80,80,64,64,64,64,64,54,54,54,54,68,68,68,68,68,68,68,68],"relics":["Burning Blood","Vajra","Golden Idol","Bronze Scales","Peace Pipe","Ectoplasm","Blood Vial","Torii","Ancient Tea Set","Runic Cube","Old Coin","Mango","Red Mask"],"campfire_meditates":0,"card_choices":[{"not_picked":["Limit Break","Rupture"],"picked":"Flex"},{"not_picked":["Bloodletting","Clash"],"picked":"Shrug It Off"},{"not_picked":["Bludgeon","True Grit"],"picked":"Flex"},{"not_picked":["Power Through","Clothesline"],"picked":"Twin Strike"},{"not_picked":["Thunderclap","Cleave"],"picked":"Shrug It Off"},{"not_picked":["Pommel Strike","Anger"],"picked":"Heavy Blade"},{"not_picked":["Flame Barrier","Headbutt"],"picked":"Twin Strike"},{"not_picked":["Searing Blow","Armaments"],"picked":"Battle Trance"}],"player_experience":86397,"potions_floor_usage":[10,19,22,28,33,50,50,50],"damage_taken":[{"damage":6,"enemies":"Cultist","floor":1,"turns":3},{"damage":3,"enemies":"Jaw Worm","floor":3,"turns":4},{"damage":0,"enemies":"2 Louse","floor":7,"turns":2},{"damage":3,"enemies":"Lots of Slimes","floor":10,"turns":4},{"damage":12,"enemies":"Exordium Wildlife","floor":12,"turns":3},{"damage":9,"enemies":"3 Sentries","floor":13,"turns":8},{"damage":0,"enemies":"Looter","floor":14,"turns":3},{"damage":59,"enemies":"Hexaghost","floor":16,"turns":9},{"damage":0,"enemies":"Chosen","floor":18,"turns":4},{"damage":5,"enemies":"3 Byrds","floor":19,"turns":3},{"damage":9,"enemies":"Snake Plant","floor":22,"turns":3},{"damage":21,"enemies":"Centurion and Healer","floor":27,"turns":4},{"damage":7,"enemies":"Gremlin Leader","floor":28,"turns":4},{"damage":10,"enemies":"Chosen and Byrds","floor":29,"turns":3},{"damage":1,"enemies":"Snake Plant","floor":31,"turns":2},{"damage":38,"enemies":"Automaton","floor":33,"turns":9},{"damage":1,"enemies":"3 Shapes","floor":35,"turns":3},{"damage":51,"enemies":"Mysterious Sphere","floor":36,"turns":4},{"damage":9,"enemies":"Orb Walker","floor":37,"turns":3},{"damage":13,"enemies":"Sphere and 2 Shapes","floor":41,"turns":3},{"damage":21,"enemies":"Maw","floor":46,"turns":5},{"damage":12,"enemies":"4 Shapes","floor":47,"turns":3},{"damage":10,"enemies":"Sphere and 2 Shapes","floor":48,"turns":3},{"damage":26,"enemies":"Awakened One","floor":50,"turns":9}],"event_choices":[{"event_name":"Golden Idol","player_choice":"Take Damage","floor":2,"damage_taken":0},{"event_name":"Upgrade Shrine","player_choice":"Upgraded","floor":4,"damage_taken":0},{"event_name":"Golden Wing","player_choice":"Card Removal","floor":5,"damage_taken":0},{"event_name":"Beggar","player_choice":"Gave Gold","floor":20,"damage_taken":0},{"event_name":"Drug Dealer","player_choice":"Ignored","floor":21,"damage_taken":0},{"event_name":"Cursed Tome","player_choice":"Ignored","floor":30,"damage_taken":0},{"event_name":"Mysterious Sphere","player_choice":"Fight","floor":36,"damage_taken":0},{"event_name":"The Moai Head","player_choice":"Heal","floor":39,"damage_taken":0},{"event_name":"Tomb of Lord Red Mask","player_choice":"Paid","floor":45,"damage_taken":0}],"boss_relics":[{"not_picked":["Cursed Key","Mark of Pain"],"picked":"Ectoplasm"},{"not_picked":["Snecko Eye","Calling Bell"],"picked":"Runic Cube"}],"potions_floor_spawned":[1,3,13,19,31,33,36,46,47],"seed_played":"2695467457746230793","is_trial":false}