{"path_per_floor":["M","$","?","M","?","R","M","R","T","E","?","E","M","M","R","B",null,"M","M","?","M","M","R","?","R","T","M","$","?","R","?","R","B",null,"M","?","M","$","M","R","?","R","T","R","?","R","M","M","R","B"],"character_chosen":"IRONCLAD","items_purchased":["Shrug It Off"],"gold_per_floor":[10,10,10,27,127,127,137,137,193,221,221,247,260,277,277,374,374,374,314,314,314,314,314,314,314,314,314,193,193,193,193,193,193,193,193,193,193,93,93,93,93,93,93,93,93,93,93,93,93,93],"floor_reached":51,"campfire_rested":1,"playtime":3626,"current_hp_per_floor":[78,78,78,80,80,80,80,80,80,75,75,65,70,76,76,34,80,72,64,64,56,55,55,55,55,55,58,58,58,58,58,58,32,80,80,80,76,76,74,74,64,64,64,64,50,74,80,80,80,80],"items_purged":["Strike_R","Perfected Strike"],"gold":93,"play_id":"04c68cf0-5e25-4a57-9642-f9886d1fa4b3","is_prod":false,"is_daily":false,"campfire_rituals":0,"campfire_upgraded":11,"is_hardmode":false,"path_taken":["M","?","?","M","?","R","?","R","T","E","?","E","M","M","R","BOSS","M","M","?","M","M","R","?","R","T","?","?","?","R","?","R","BOSS","M","?","M","$","M","R","?","R","T","R","?","R","?","M","R","BOSS"],"build_version":"2018-01-11-PROD2","purchased_purges":2,"victory":true,"master_deck":["Strike_R","Defend_R","Defend_R","Defend_R","Bash","Clothesline","Flame Barrier","Inflame","Cleave","Body Slam","Iron Wave","Shrug It Off","Shockwave","Battle Trance","True Grit","Shrug It Off","Flame Barrier","Madness","Madness","Battle Trance","Ghostly Armor"],"max_hp_per_floor":[80,80,80,80,80,80,80,80,80,80,80,80,80,80,80,80,80,80,80,80,80,80,80,80,80,80,80,80,80,80,80,80,80,80,80,80,80,80,80,80,80,80,80,80,80,80,80,80,80,80],"relics":["Burning Blood","Tiny Chest","Ice Cream","Whetstone","Ectoplasm","Lantern","Mark of Pain","Art of War","Red Skull"],"campfire_meditates":0,"card_choices":[{"not_picked":["Wild Strike","Sentinel"],"picked":"Inflame"},{"not_picked":["Twin Strike","Anger"],"picked":"Cleave"},{"not_picked":["Rampage","Cleave"],"picked":"Body Slam"},{"not_picked":["Headbutt","Power Through"],"picked":"Iron Wave"},{"not_picked":["Headbutt","Flame Barrier"],"picked":"Shrug It Off"},{"not_picked":["Flex","Armaments"],"picked":"Shockwave"},{"not_picked":["Clothesline","Clash"],"picked":"Battle Trance"},{"not_picked":["Anger","Havoc"],"picked":"Battle Trance"},{"not_picked":["Blood for Blood","Rupture"],"picked":"Ghostly Armor"}],"player_experience":150447,"potions_floor_usage":[10,33,37,45,50,50],"damage_taken":[{"damage":8,"enemies":"Blue Slaver","floor":1,"turns":5},{"damage":0,"enemies":"Jaw Worm","floor":4,"turns":5},{"damage":0,"enemies":"2 Louse","floor":7,"turns":2},{"damage":11,"enemies":"3 Sentries","floor":10,"turns":6},{"damage":16,"enemies":"Lagavulin","floor":12,"turns":6},{"damage":1,"enemies":"Gremlin Gang","floor":13,"turns":6},{"damage":0,"enemies":"Exordium Wildlife","floor":14,"turns":3},{"damage":48,"enemies":"Hexaghost","floor":16,"turns":10},{"damage":14,"enemies":"Spheric Guardian","floor":18,"turns":5},{"damage":14,"enemies":"2 Thieves","floor":19,"turns":3},{"damage":14,"enemies":"Snecko","floor":21,"turns":6},{"damage":7,"enemies":"Centurion and Healer","floor":22,"turns":6},{"damage":3,"enemies":"Snake Plant","floor":27,"turns":3},{"damage":32,"enemies":"Champ","floor":33,"turns":12},{"damage":0,"enemies":"3 Shapes","floor":35,"turns":4},{"damage":10,"enemies":"Orb Walker","floor":37,"turns":4},{"damage":8,"enemies":"Sphere and 2 Shapes","floor":39,"turns":6},{"damage":20,"enemies":"Mysterious Sphere","floor":45,"turns":6},{"damage":0,"enemies":"3 Darklings","floor":47,"turns":5},{"damage":0,"enemies":"Maw","floor":48,"turns":8},{"damage":0,"enemies":"Awakened One","floor":50,"turns":13}],"event_choices":[{"event_name":"Transmorgrifier","player_choice":"Transform","floor":3,"damage_taken":0},{"event_name":"Golden Shrine","player_choice":"Pray","floor":5,"damage_taken":0},{"event_name":"Accursed Blacksmith","player_choice":"Forge","floor":11,"damage_taken":0},{"event_name":"Drug Dealer","player_choice":"Ignored","floor":20,"damage_taken":0},{"event_name":"The Library","player_choice":"Read","floor":24,"damage_taken":0},{"event_name":"Duplicator","player_choice":"One dupe","floor":29,"damage_taken":0},{"event_name":"Back to Basics","player_choice":"Elegance","floor":31,"damage_taken":0},{"event_name":"Tomb of Lord Red Mask","player_choice":"Ignored","floor":36,"damage_taken":0},{"event_name":"Winding Halls","player_choice":"Embrace Madness","floor":41,"damage_taken":0},{"event_name":"Mysterious Sphere","player_choice":"Fight","floor":45,"damage_taken":0}],"boss_relics":[{"not_picked":["Runic Dome","Philosopher\u0027s Stone"],"picked":"Ectoplasm"},{"not_picked":["Black Star","Runic Cube"],"picked":"Mark of Pain"}],"potions_floor_spawned":[1,4,10,22,27,33,39,45,48],"seed_played":"8758649045086149913","is_trial":false}