{"path_per_floor":["M","M","?","M","?","R","M","R","T","M","M","M","R","E","R","B",null,"M","?","?","M","$","E","R","M","T","R","$","M","$","M","R","B",null,"M","?","?","M","M","R","M","T","T","$","R","?","M","M","R","B"],"character_chosen":"IRONCLAD","items_purchased":["Body Slam"],"gold_per_floor":[118,134,134,147,147,147,157,157,238,253,270,282,282,310,310,405,405,405,405,405,405,345,345,345,345,345,345,227,227,127,127,127,127,127,127,127,127,127,127,127,127,127,127,7,7,7,7,7,7,7],"floor_reached":51,"campfire_rested":0,"playtime":3392,"current_hp_per_floor":[80,70,70,68,68,68,74,74,74,73,79,80,80,70,70,49,80,61,45,45,71,71,45,45,51,51,51,51,80,80,80,80,80,80,80,80,70,80,80,80,80,80,80,80,80,73,80,80,80,80],"items_purged":["Bash","Strike_R","Strike_R","Regret"],"gold":7,"play_id":"91220f80-041d-44af-9cc5-bb67f73bf041","is_prod":false,"is_daily":false,"campfire_rituals":0,"campfire_upgraded":10,"is_hardmode":false,"path_taken":["M","M","?","M","?","R","M","R","T","?","M","M","R","E","R","BOSS","M","?","?","M","?","E","R","?","T","R","?","M","$","M","R","BOSS","M","?","?","M","M","R","M","?","T","?","R","?","M","M","R","BOSS"],"build_version":"2018-01-11-PROD2","purchased_purges":4,"victory":true,"master_deck":["Strike_R","Defend_R","Defend_R","Defend_R","Defend_R","True Grit","Whirlwind","Sentinel","Shockwave","Shrug It Off","Flame Barrier","Shrug It Off","Reaper","Spot Weakness","Body Slam","Disarm","Barricade","Madness","Madness","Battle Trance","Decay","Juggernaut"],"max_hp_per_floor":[80,80,80,80,80,80,80,80,80,80,80,80,80,80,80,80,80,80,80,80,80,80,80,80,80,80,80,80,80,80,80,80,80,80,80,80,80,80,80,80,80,80,80,80,80,80,80,80,80,80],"relics":["Burning Blood","The Courier","Vajra","Ectoplasm","Enchiridion","Whetstone","Magic Flower","Cursed Key","Regal Pillow","Toxic Egg","Charon\u0027s Ashes"],"campfire_meditates":0,"card_choices":[{"not_picked":["Wild Strike","Anger"],"picked":"True Grit"},{"not_picked":["Clash","Anger"],"picked":"Whirlwind"},{"not_picked":["Power Through","Reckless Charge"],"picked":"Sentinel"},{"not_picked":["Fire Breathing","Havoc"],"picked":"Shockwave"},{"not_picked":["Warcry","Berserk"],"picked":"Shrug It Off"},{"not_picked":["Cleave","Reckless Charge"],"picked":"Flame Barrier"},{"not_picked":["Clothesline","Ghostly Armor"],"picked":"Shrug It Off"},{"not_picked":["Berserk","Brutality"],"picked":"Reaper"},{"not_picked":["Anger","Armaments"],"picked":"Spot Weakness"},{"not_picked":["Second Wind","Pommel Strike"],"picked":"Disarm"},{"not_picked":["Reaper","Fiend Fire"],"picked":"Barricade"},{"not_picked":["Shockwave","Corruption"],"picked":"Battle Trance"},{"not_picked":["Second Wind","Dual Wield"],"picked":"Juggernaut"}],"player_experience":164605,"potions_floor_usage":[10,16,21,29,31,48,50,50,50],"damage_taken":[{"damage":1,"enemies":"2 Louse","floor":1,"turns":3},{"damage":16,"enemies":"Blue Slaver","floor":2,"turns":6},{"damage":8,"enemies":"Jaw Worm","floor":4,"turns":6},{"damage":0,"enemies":"Lots of Slimes","floor":7,"turns":1},{"damage":7,"enemies":"Looter","floor":10,"turns":3},{"damage":0,"enemies":"Red Slaver","floor":11,"turns":4},{"damage":0,"enemies":"3 Louse","floor":12,"turns":1},{"damage":16,"enemies":"Lagavulin","floor":14,"turns":10},{"damage":27,"enemies":"The Guardian","floor":16,"turns":13},{"damage":25,"enemies":"Spheric Guardian","floor":18,"turns":9},{"damage":1,"enemies":"Chosen","floor":21,"turns":4},{"damage":32,"enemies":"Slavers","floor":23,"turns":4},{"damage":0,"enemies":"Snake Plant","floor":25,"turns":5},{"damage":0,"enemies":"Snecko","floor":29,"turns":5},{"damage":1,"enemies":"3 Cultists","floor":31,"turns":3},{"damage":6,"enemies":"Champ","floor":33,"turns":12},{"damage":1,"enemies":"3 Darklings","floor":35,"turns":5},{"damage":0,"enemies":"3 Shapes","floor":38,"turns":6},{"damage":19,"enemies":"3 Darklings","floor":39,"turns":4},{"damage":0,"enemies":"Maw","floor":41,"turns":7},{"damage":31,"enemies":"Mysterious Sphere","floor":46,"turns":8},{"damage":0,"enemies":"Sphere and 2 Shapes","floor":47,"turns":4},{"damage":0,"enemies":"3 Darklings","floor":48,"turns":3},{"damage":9,"enemies":"Awakened One","floor":50,"turns":9}],"event_choices":[{"event_name":"Living Wall","player_choice":"Forget","floor":3,"damage_taken":0},{"event_name":"Bonfire Elementals","player_choice":"BASIC","floor":5,"damage_taken":0},{"event_name":"Cursed Tome","player_choice":"Obtained Book","floor":19,"damage_taken":0},{"event_name":"Back to Basics","player_choice":"Simplicity","floor":20,"damage_taken":0},{"event_name":"The Lab","player_choice":"Got Potions","floor":36,"damage_taken":0},{"event_name":"Winding Halls","player_choice":"Embrace Madness","floor":37,"damage_taken":0},{"event_name":"Mysterious Sphere","player_choice":"Fight","floor":46,"damage_taken":0}],"boss_relics":[{"not_picked":["White Beast Statue","Eternal Feather"],"picked":"Ectoplasm"},{"not_picked":["Black Star","Runic Dome"],"picked":"Cursed Key"}],"potions_floor_spawned":[2,7,10,12,14,21,23,25,35,41,46,48],"seed_played":"6789500068378109101","is_trial":false}