{"path_per_floor":["M","$","M","T","?","R","M","R","T","R","E","R","M","?","R","B",null,"M","?","M","?","M","R","$","M","T","R","M","R","?","M","R","B",null,"M","?","M","$","M","R","M","M","T","?","R","M","M","?","R","B"],"character_chosen":"IRONCLAD","items_purchased":["Vajra","Toxic Egg"],"gold_per_floor":[116,41,58,58,58,58,69,69,95,95,123,123,143,143,143,246,246,265,265,276,276,295,295,50,60,60,60,71,71,71,82,82,187,187,207,307,321,51,65,65,85,96,96,96,96,107,120,120,120,120],"floor_reached":51,"campfire_rested":0,"playtime":2689,"current_hp_per_floor":[67,67,73,73,73,73,79,79,79,79,61,61,69,69,69,58,80,80,64,65,65,63,63,63,71,71,71,77,77,77,80,80,69,80,80,80,80,80,80,80,80,80,80,80,80,80,84,84,84,72],"items_purged":["Strike_R","Bite_R","Defend_R"],"gold":120,"play_id":"1261f62f-06a8-46e6-bc35-d7a8a8db9bac","is_prod":false,"is_daily":false,"campfire_rituals":0,"campfire_upgraded":12,"is_hardmode":false,"path_taken":["M","$","M","?","?","R","M","R","T","R","E","R","M","?","R","BOSS","M","?","M","?","M","R","$","M","T","R","M","R","?","M","R","BOSS","M","?","M","$","M","R","M","M","T","?","R","M","M","?","R","BOSS"],"build_version":"2018-01-18-PROD4","purchased_purges":3,"victory":true,"master_deck":["Defend_R","Defend_R","Defend_R","Bash","Shrug It Off","Pommel Strike","True Grit","Spot Weakness","Limit Break","Necronomicurse","Bite_R","Bite_R","Bite_R","Bite_R","Shrug It Off","Whirlwind","Heavy Blade","Reaper","Ghostly Armor","Heavy Blade"],"max_hp_per_floor":[80,80,80,80,80,80,80,80,80,80,80,80,80,80,80,80,80,80,80,80,80,80,80,80,80,80,80,80,80,80,80,80,80,80,80,80,80,80,80,80,80,80,80,80,80,82,84,84,84,84],"relics":["Burning Blood","Bronze Scales","Centennial Puzzle","Whetstone","Velvet Choker","Necronomicon","Vajra","Matryoshka","Philosopher\u0027s Stone","Toxic Egg","Singing Bowl","Unceasing Top"],"campfire_meditates":0,"card_choices":[{"not_picked":["Headbutt","Clothesline"],"picked":"Shrug It Off"},{"not_picked":["Reckless Charge","Brutality"],"picked":"Pommel Strike"},{"not_picked":["Anger","Heavy Blade"],"picked":"True Grit"},{"not_picked":["Heavy Blade","Corruption"],"picked":"Spot Weakness"},{"not_picked":["Fiend Fire","Juggernaut"],"picked":"Limit Break"},{"not_picked":["Bloodletting","Flex"],"picked":"Inflame"},{"not_picked":["Anger","Rupture"],"picked":"Shrug It Off"},{"not_picked":["Entrench","Thunderclap"],"picked":"Whirlwind"},{"not_picked":["Reckless Charge","Clothesline"],"picked":"Heavy Blade"},{"not_picked":["Bludgeon","Impervious"],"picked":"Reaper"},{"not_picked":["Clash","Twin Strike"],"picked":"Ghostly Armor"},{"not_picked":["Armaments","Pommel Strike"],"picked":"Heavy Blade"}],"player_experience":435008,"potions_floor_usage":[50,50],"damage_taken":[{"damage":19,"enemies":"Blue Slaver","floor":1,"turns":5},{"damage":0,"enemies":"Jaw Worm","floor":3,"turns":4},{"damage":0,"enemies":"Small Slimes","floor":7,"turns":4},{"damage":25,"enemies":"Lagavulin","floor":11,"turns":8},{"damage":0,"enemies":"Gremlin Gang","floor":13,"turns":5},{"damage":19,"enemies":"The Guardian","floor":16,"turns":10},{"damage":0,"enemies":"Shell Parasite","floor":18,"turns":7},{"damage":7,"enemies":"3 Byrds","floor":20,"turns":2},{"damage":20,"enemies":"Slaver and Parasite","floor":22,"turns":5},{"damage":8,"enemies":"Sentry and Sphere","floor":25,"turns":5},{"damage":2,"enemies":"Snake Plant","floor":28,"turns":2},{"damage":0,"enemies":"Centurion and Healer","floor":31,"turns":2},{"damage":23,"enemies":"Automaton","floor":33,"turns":6},{"damage":0,"enemies":"3 Darklings","floor":35,"turns":2},{"damage":0,"enemies":"Orb Walker","floor":37,"turns":3},{"damage":0,"enemies":"4 Shapes","floor":39,"turns":1},{"damage":0,"enemies":"Sphere and 2 Shapes","floor":41,"turns":2},{"damage":0,"enemies":"3 Darklings","floor":42,"turns":1},{"damage":8,"enemies":"4 Shapes","floor":46,"turns":3},{"damage":9,"enemies":"Maw","floor":47,"turns":5},{"damage":37,"enemies":"Time Eater","floor":50,"turns":5}],"event_choices":[{"event_name":"Liars Game","player_choice":"disagreed","floor":5,"damage_taken":0},{"event_name":"The Lab","player_choice":"Got Potions","floor":14,"damage_taken":0},{"event_name":"Cursed Tome","player_choice":"Obtained Book","floor":19,"damage_taken":0},{"event_name":"Vampires","player_choice":"Became a vampire (Vial)","floor":21,"damage_taken":0},{"event_name":"Drug Dealer","player_choice":"Ignored","floor":30,"damage_taken":0},{"event_name":"Golden Shrine","player_choice":"Pray","floor":36,"damage_taken":0},{"event_name":"Mysterious Sphere","player_choice":"Ignore","floor":48,"damage_taken":0}],"boss_relics":[{"not_picked":["Calling Bell","Snecko Eye"],"picked":"Velvet Choker"},{"not_picked":["Tiny House","White Beast Statue"],"picked":"Philosopher\u0027s Stone"}],"potions_floor_spawned":[7,13,20,22,28,31,33,39,41,42],"seed_played":"2520905965544142085","is_trial":false}