{"path_per_floor":["M","$","M","?","M","R","M","R","T","R","?","M","?","$","R","B",null,"M","?","M","?","M","R","M","R","T","M","?","R","T","?","R","B",null],"character_chosen":"IRONCLAD","items_purchased":[],"gold_per_floor":[119,44,62,62,77,77,91,91,91,91,91,110,130,30,30,127,127,127,127,127,52,52,52,52,52,52,52,2,2,2,2,2,2,2],"floor_reached":35,"campfire_rested":0,"playtime":1612,"current_hp_per_floor":[72,72,72,72,72,72,72,72,72,72,72,72,62,62,62,52,72,72,72,71,71,72,72,72,72,72,72,72,72,72,72,72,26,72],"items_purged":["Strike_R","Strike_R"],"gold":2,"play_id":"41f1b247-567a-4de7-adbb-5aba2d4c9499","is_prod":false,"is_daily":false,"campfire_rituals":0,"campfire_upgraded":8,"is_hardmode":false,"path_taken":["M","$","M","?","M","R","?","R","T","R","?","?","?","$","R","BOSS","M","?","M","?","?","R","M","R","T","M","?","R","?","?","R","BOSS","M"],"build_version":"2018-01-18-PROD4","purchased_purges":2,"victory":false,"master_deck":["Defend_R","Defend_R","Defend_R","Defend_R","Body Slam","Searing Blow","Ghostly Armor","Fiend Fire","Warcry"],"max_hp_per_floor":[72,72,72,72,72,72,72,72,72,72,72,72,72,72,72,72,72,72,72,72,72,72,72,72,72,72,72,72,72,72,72,72,72,72],"relics":["Burning Blood","Ancient Tea Set","Odd Mushroom","Ectoplasm","Smiling Mask","Blood Vial","Eternal Feather"],"campfire_meditates":0,"card_choices":[{"not_picked":["Warcry","Flex"],"picked":"Body Slam"},{"not_picked":["Flex","Dropkick"],"picked":"Searing Blow"},{"not_picked":["Infernal Blade","Havoc"],"picked":"Ghostly Armor"},{"not_picked":["Brutality","Berserk"],"picked":"Fiend Fire"},{"not_picked":["Combust","Rupture"],"picked":"Warcry"}],"player_experience":453850,"potions_floor_usage":[],"damage_taken":[{"damage":1,"enemies":"Cultist","floor":1,"turns":4},{"damage":2,"enemies":"Blue Slaver","floor":3,"turns":8},{"damage":5,"enemies":"Small Slimes","floor":5,"turns":4},{"damage":1,"enemies":"3 Louse","floor":7,"turns":4},{"damage":6,"enemies":"Lots of Slimes","floor":12,"turns":5},{"damage":16,"enemies":"The Mushroom Lair","floor":13,"turns":4},{"damage":16,"enemies":"The Guardian","floor":16,"turns":8},{"damage":0,"enemies":"Shell Parasite","floor":18,"turns":4},{"damage":7,"enemies":"3 Byrds","floor":20,"turns":5},{"damage":0,"enemies":"Centurion and Healer","floor":22,"turns":4},{"damage":0,"enemies":"Snecko","floor":24,"turns":2},{"damage":0,"enemies":"Sentry and Sphere","floor":27,"turns":3},{"damage":52,"enemies":"Automaton","floor":33,"turns":9},{"damage":32,"enemies":"3 Darklings","floor":35,"turns":7}],"event_choices":[{"event_name":"The Lab","player_choice":"Got Potions","floor":4,"damage_taken":0},{"event_name":"The Woman in Blue","player_choice":"Bought 0 Potions","floor":11,"damage_taken":0},{"event_name":"Mushrooms","player_choice":"Fought Mushrooms","floor":13,"damage_taken":0},{"event_name":"Back to Basics","player_choice":"Elegance","floor":19,"damage_taken":0},{"event_name":"Beggar","player_choice":"Gave Gold","floor":21,"damage_taken":0},{"event_name":"The Joust","player_choice":"Bet on Murderer","floor":28,"damage_taken":0},{"event_name":"The Mausoleum","player_choice":"No","floor":31,"damage_taken":0}],"boss_relics":[{"not_picked":["Astrolabe","Philosopher\u0027s Stone"],"picked":"Ectoplasm"},{"not_picked":["Black Star","Pandora\u0027s Box"],"picked":"Eternal Feather"}],"potions_floor_spawned":[3,7,13,16,18,22,24],"seed_played":"-2274308367677982051","killed_by":"3 Darklings","is_trial":false}