{"path_per_floor":["M","M","?","?","?","R","M","R","T","R","M","M","M","$","R","B",null,"M","?","$","M","?","E","R","?","T","R","E","R","M","M","R","B",null,"M","?","?","$","?","R","$","M","T","M","R","$","M","M","R","B"],"character_chosen":"IRONCLAD","items_purchased":["Shrug It Off"],"gold_per_floor":[117,137,137,137,137,137,150,150,150,150,170,190,200,125,125,228,228,246,161,61,71,71,100,100,100,126,126,158,158,169,180,180,284,284,295,295,295,170,170,170,20,35,35,49,49,23,41,54,54,54],"floor_reached":51,"campfire_rested":1,"playtime":2678,"current_hp_per_floor":[45,31,31,31,31,31,36,36,50,50,45,51,44,44,44,50,94,94,94,94,94,94,91,94,94,94,94,82,86,91,94,94,94,94,94,94,84,84,84,88,88,94,94,94,94,94,94,94,94,94],"items_purged":["Strike_R","Strike_R","Strike_R","Bash"],"gold":54,"play_id":"f3ec12f6-b607-4ad3-96f3-dc7ba03ddb94","is_prod":false,"is_daily":false,"campfire_rituals":0,"campfire_upgraded":10,"is_hardmode":false,"path_taken":["M","M","?","?","?","R","M","R","T","R","?","M","M","?","R","BOSS","M","?","$","M","?","E","R","?","T","R","E","R","?","M","R","BOSS","M","?","?","$","?","R","?","M","T","?","R","$","M","?","R","BOSS"],"build_version":"2018-01-18-PROD4","purchased_purges":4,"victory":true,"master_deck":["Defend_R","Defend_R","Defend_R","Defend_R","Battle Trance","Rampage","Pommel Strike","Fiend Fire","Shrug It Off","Madness","Shrug It Off"],"max_hp_per_floor":[80,80,80,80,80,80,80,80,94,94,94,94,94,94,94,94,94,94,94,94,94,94,94,94,94,94,94,94,94,94,94,94,94,94,94,94,94,94,94,94,94,94,94,94,94,94,94,94,94,94],"relics":["Burning Blood","Frozen Eye","Mango","Eternal Feather","Kunai","Nloth\u0027s Gift","Happy Flower","Oddly Smooth Stone","Question Card"],"campfire_meditates":0,"card_choices":[{"not_picked":["Wild Strike","Shockwave"],"picked":"Battle Trance"},{"not_picked":["Dropkick","Headbutt"],"picked":"Rampage"},{"not_picked":["Uppercut","Seeing Red"],"picked":"Pommel Strike"},{"not_picked":["Immolate","Reaper"],"picked":"Fiend Fire"},{"not_picked":["Reckless Charge","Headbutt"],"picked":"Shrug It Off"}],"player_experience":451172,"potions_floor_usage":[11,13,16,18,28,50,50,50],"damage_taken":[{"damage":1,"enemies":"Cultist","floor":1,"turns":3},{"damage":20,"enemies":"Blue Slaver","floor":2,"turns":8},{"damage":1,"enemies":"Jaw Worm","floor":7,"turns":7},{"damage":11,"enemies":"Gremlin Gang","floor":11,"turns":8},{"damage":0,"enemies":"3 Louse","floor":12,"turns":4},{"damage":13,"enemies":"Exordium Wildlife","floor":13,"turns":4},{"damage":0,"enemies":"Slime Boss","floor":16,"turns":8},{"damage":2,"enemies":"Shell Parasite","floor":18,"turns":4},{"damage":2,"enemies":"Spheric Guardian","floor":21,"turns":3},{"damage":9,"enemies":"Gremlin Leader","floor":23,"turns":5},{"damage":18,"enemies":"Slavers","floor":28,"turns":7},{"damage":1,"enemies":"Slaver and Parasite","floor":30,"turns":4},{"damage":3,"enemies":"Snecko","floor":31,"turns":3},{"damage":2,"enemies":"Champ","floor":33,"turns":7},{"damage":2,"enemies":"Orb Walker","floor":35,"turns":3},{"damage":0,"enemies":"3 Shapes","floor":42,"turns":4},{"damage":0,"enemies":"3 Darklings","floor":44,"turns":4},{"damage":2,"enemies":"Maw","floor":47,"turns":6},{"damage":0,"enemies":"Sphere and 2 Shapes","floor":48,"turns":3},{"damage":0,"enemies":"Awakened One","floor":50,"turns":9}],"event_choices":[{"event_name":"Purifier","player_choice":"One Purge","floor":3,"damage_taken":0},{"event_name":"The Lab","player_choice":"Got Potions","floor":4,"damage_taken":0},{"event_name":"Living Wall","player_choice":"Forget","floor":5,"damage_taken":0},{"event_name":"Addict","player_choice":"Obtained Relic","floor":19,"damage_taken":0},{"event_name":"Beggar","player_choice":"Ignored","floor":22,"damage_taken":0},{"event_name":"N\u0027loth","player_choice":"Traded a War Paint","floor":25,"damage_taken":0},{"event_name":"Tomb of Lord Red Mask","player_choice":"Ignored","floor":36,"damage_taken":0},{"event_name":"Winding Halls","player_choice":"Embrace Madness","floor":37,"damage_taken":0}],"boss_relics":[{"not_picked":["Runic Pyramid","Tiny House"],"picked":"Eternal Feather"},{"not_picked":["Pandora\u0027s Box","Snecko Eye"],"picked":"Question Card"}],"potions_floor_spawned":[1,11,12,23,31,33,35,42],"seed_played":"-2020151811559840514","is_trial":false}