{"path_per_floor":["M","M","$","?","M","E","?","M","T","R","E","R","E","$","R","B",null,"M","?","?","?","$","E","R","M","T","R","E","?","E","M","R","B",null,"M","?","?","T","?"],"character_chosen":"IRONCLAD","items_purchased":["Apotheosis"],"gold_per_floor":[118,129,54,54,73,107,107,120,147,147,181,181,213,17,17,120,120,139,139,139,139,39,66,66,77,77,77,108,108,135,151,151,246,246,257,302,302,302,302],"floor_reached":40,"campfire_rested":6,"playtime":2247,"current_hp_per_floor":[61,60,60,48,41,27,16,11,11,32,16,37,23,23,44,30,71,52,52,37,37,37,14,36,36,36,58,49,49,7,8,30,24,76,49,24,24,24,24],"items_purged":["Defend_R","Strike_R"],"gold":302,"play_id":"b3383f99-4f08-48a3-8072-7a9d29a588a0","is_prod":false,"is_daily":false,"campfire_rituals":0,"campfire_upgraded":0,"is_hardmode":false,"path_taken":["M","M","$","?","?","E","?","?","T","R","E","R","E","$","R","BOSS","M","?","?","?","?","E","R","M","T","R","E","?","E","M","R","BOSS","M","?","?","?","?","E"],"build_version":"2018-01-11-PROD2","purchased_purges":2,"victory":false,"master_deck":["Strike_R","Strike_R","Strike_R","Defend_R","Bash","Clash","Clash","Apotheosis","Combust","Rupture","Reaper"],"max_hp_per_floor":[64,64,64,64,64,64,71,71,71,71,71,71,71,71,71,71,71,71,71,76,76,76,76,76,76,76,76,76,76,76,76,76,76,76,76,76,76,76,76],"relics":["Runic Cube","Omamori","Strawberry","Anchor","Letter Opener","Matryoshka","Black Star","Bag of Preparation","Molten Egg","Juzu Bracelet","Oddly Smooth Stone","Pantograph","Bottled Lightning","Blood Vial","Bag of Marbles","White Beast Statue","Unceasing Top","Frozen Egg","Bottled Flame"],"campfire_meditates":0,"card_choices":[{"not_picked":["True Grit","Clothesline"],"picked":"Clash"},{"not_picked":["Seeing Red","Cleave"],"picked":"Clash"},{"not_picked":["Clothesline","Heavy Blade"],"picked":"Rupture"},{"not_picked":["Fiend Fire","Double Tap"],"picked":"Reaper"}],"player_experience":43707,"potions_floor_usage":[6,6,16,23,28,30,33,40,40],"damage_taken":[{"damage":3,"enemies":"2 Louse","floor":1,"turns":5},{"damage":1,"enemies":"Cultist","floor":2,"turns":3},{"damage":7,"enemies":"Blue Slaver","floor":5,"turns":3},{"damage":14,"enemies":"Gremlin Nob","floor":6,"turns":3},{"damage":5,"enemies":"Looter","floor":8,"turns":2},{"damage":16,"enemies":"Lagavulin","floor":11,"turns":7},{"damage":14,"enemies":"3 Sentries","floor":13,"turns":8},{"damage":14,"enemies":"Hexaghost","floor":16,"turns":6},{"damage":19,"enemies":"Shell Parasite","floor":18,"turns":5},{"damage":23,"enemies":"Slavers","floor":23,"turns":5},{"damage":0,"enemies":"2 Thieves","floor":25,"turns":2},{"damage":9,"enemies":"Book of Stabbing","floor":28,"turns":4},{"damage":42,"enemies":"Slavers","floor":30,"turns":6},{"damage":1,"enemies":"Snake Plant","floor":31,"turns":2},{"damage":33,"enemies":"Collector","floor":33,"turns":6},{"damage":48,"enemies":"3 Darklings","floor":35,"turns":4},{"damage":27,"enemies":"Mysterious Sphere","floor":36,"turns":5},{"damage":43,"enemies":"2 Orb Walkers","floor":40,"turns":3}],"event_choices":[{"event_name":"Shining Light","player_choice":"Entered Light","floor":4,"damage_taken":0},{"event_name":"Scrap Ooze","player_choice":"success","floor":7,"damage_taken":18},{"event_name":"Purifier","player_choice":"One Purge","floor":19,"damage_taken":0},{"event_name":"Forgotten Altar","player_choice":"Shed Blood","floor":20,"damage_taken":0},{"event_name":"Back to Basics","player_choice":"Elegance","floor":21,"damage_taken":0},{"event_name":"The Library","player_choice":"Read","floor":29,"damage_taken":0},{"event_name":"Mysterious Sphere","player_choice":"Fight","floor":36,"damage_taken":0},{"event_name":"Tomb of Lord Red Mask","player_choice":"Ignored","floor":39,"damage_taken":0}],"boss_relics":[{"not_picked":["Mark of Pain","Orrery"],"picked":"Black Star"},{"not_picked":["Eternal Feather","Question Card"],"picked":"White Beast Statue"}],"potions_floor_spawned":[1,2,11,13,23,25,31,35,36],"seed_played":"5986477283022820176","killed_by":"2 Orb Walkers","is_trial":false}