{"path_per_floor":["M","?","?","M","$","R","?","R","T","R","?","E","?","$","R","B",null,"M","?","M","?","?","R","M","M","T","?","?","?","R","M","R","B",null,"M","T","M","?","?","R","M","R","T","R","T","R","?"],"character_chosen":"IRONCLAD","items_purchased":["Vajra"],"gold_per_floor":[112,112,112,126,51,51,126,126,126,126,150,208,208,51,51,151,151,164,164,181,181,181,181,192,204,282,197,197,197,197,212,212,313,313,325,351,361,361,461,461,476,476,476,476,476,476,476],"floor_reached":48,"campfire_rested":1,"playtime":3289,"current_hp_per_floor":[73,78,78,84,84,84,73,73,73,73,73,52,45,45,70,42,85,85,85,79,79,59,59,59,59,59,59,59,59,59,59,59,21,59,59,59,61,61,61,61,63,63,63,63,63,63,63],"items_purged":["Strike_R"],"gold":476,"play_id":"7c654029-1ce1-4c41-9937-8cc97ba30533","is_prod":false,"is_daily":false,"campfire_rituals":0,"campfire_upgraded":10,"is_hardmode":false,"path_taken":["M","?","?","M","?","R","?","R","T","R","?","E","?","$","R","BOSS","M","?","M","?","?","R","M","M","T","?","?","?","R","M","R","BOSS","M","?","M","?","?","R","M","R","T","R","?","R","?","E"],"build_version":"2018-01-18-PROD4","purchased_purges":1,"victory":false,"master_deck":["Defend_R","Defend_R","Defend_R","Defend_R","Bash","Flame Barrier","Inflame","Iron Wave","Double Tap","Cleave","Shrug It Off","Bite_R","Bite_R","Bite_R","Bite_R","Bite_R","Shrug It Off","Reaper","Injury","Regret","Writhe"],"max_hp_per_floor":[80,85,85,85,85,85,85,85,85,85,85,85,85,85,85,85,85,85,85,85,85,59,59,59,59,59,59,59,59,59,59,59,59,59,59,59,61,61,61,61,63,63,63,63,63,63,63],"relics":["Burning Blood","Juzu Bracelet","Magic Flower","Odd Mushroom","Tiny Chest","Gremlin Horn","Vajra","Cursed Key","Mummified Hand","Blue Candle","Ancient Tea Set","Mark of Pain","Singing Bowl","Dream Catcher"],"campfire_meditates":0,"card_choices":[{"not_picked":["Second Wind","Pommel Strike"],"picked":"Flame Barrier"},{"not_picked":["Anger","Dual Wield"],"picked":"Inflame"},{"not_picked":["Cleave","Warcry"],"picked":"Iron Wave"},{"not_picked":["Juggernaut","Brutality"],"picked":"Double Tap"},{"not_picked":["Body Slam","Wild Strike"],"picked":"Cleave"},{"not_picked":["Blood for Blood","Flex"],"picked":"Shrug It Off"},{"not_picked":["Thunderclap","Fire Breathing"],"picked":"Shrug It Off"},{"not_picked":["Bludgeon","Double Tap"],"picked":"Reaper"}],"player_experience":335223,"potions_floor_usage":[11,37],"damage_taken":[{"damage":13,"enemies":"Blue Slaver","floor":1,"turns":7},{"damage":0,"enemies":"Cultist","floor":4,"turns":4},{"damage":9,"enemies":"The Mushroom Lair","floor":11,"turns":5},{"damage":30,"enemies":"3 Sentries","floor":12,"turns":8},{"damage":37,"enemies":"Slime Boss","floor":16,"turns":11},{"damage":2,"enemies":"Chosen","floor":18,"turns":3},{"damage":15,"enemies":"2 Thieves","floor":20,"turns":4},{"damage":9,"enemies":"3 Cultists","floor":24,"turns":5},{"damage":12,"enemies":"Snake Plant","floor":25,"turns":5},{"damage":17,"enemies":"Chosen and Byrds","floor":31,"turns":6},{"damage":109,"enemies":"Automaton","floor":33,"turns":11},{"damage":8,"enemies":"Orb Walker","floor":35,"turns":4},{"damage":1,"enemies":"3 Darklings","floor":37,"turns":8},{"damage":27,"enemies":"Sphere and 2 Shapes","floor":41,"turns":4},{"damage":117,"enemies":"Giant Head","floor":48,"turns":9}],"event_choices":[{"event_name":"Big Fish","player_choice":"Donut","floor":2,"damage_taken":0},{"event_name":"Liars Game","player_choice":"disagreed","floor":3,"damage_taken":0},{"event_name":"World of Goop","player_choice":"Gather Gold","floor":7,"damage_taken":0},{"event_name":"Mushrooms","player_choice":"Fought Mushrooms","floor":11,"damage_taken":0},{"event_name":"Scrap Ooze","player_choice":"success","floor":13,"damage_taken":7},{"event_name":"Drug Dealer","player_choice":"Ignored","floor":19,"damage_taken":0},{"event_name":"The Mausoleum","player_choice":"No","floor":21,"damage_taken":0},{"event_name":"Vampires","player_choice":"Became a vampire","floor":22,"damage_taken":0},{"event_name":"Addict","player_choice":"Obtained Relic","floor":27,"damage_taken":0},{"event_name":"Back to Basics","player_choice":"Elegance","floor":28,"damage_taken":0},{"event_name":"Wheel of Change","player_choice":"Relic","floor":29,"damage_taken":0},{"event_name":"Accursed Blacksmith","player_choice":"Forge","floor":38,"damage_taken":0},{"event_name":"Golden Shrine","player_choice":"Pray","floor":39,"damage_taken":0},{"event_name":"Mysterious Sphere","player_choice":"Ignore","floor":47,"damage_taken":0}],"boss_relics":[{"not_picked":["Question Card","Eternal Feather"],"picked":"Cursed Key"},{"not_picked":["Orrery","Runic Dome"],"picked":"Mark of Pain"}],"potions_floor_spawned":[1,16,18,25,31,33,35],"seed_played":"-1084804170306092329","killed_by":"Giant Head","is_trial":false}