{"path_per_floor":["M","?","?","T","?","E","R","M","T","E","M","M","R","M","R","B",null,"M","?","M","?","?","R","E","R","T","R","?","M","M","?","R","B",null,"M","?","$","?","M","R","?","?","T","M","M","M","M","$","R","B"],"character_chosen":"IRONCLAD","items_purchased":["Anchor","Battle Trance","Flash of Steel","Ice Cream","Strength Potion","Dexterity Potion"],"gold_per_floor":[218,218,293,345,345,372,372,383,409,441,452,464,464,483,483,578,578,593,593,603,603,603,603,632,632,632,632,632,646,661,661,661,765,765,776,827,527,527,547,547,547,547,547,562,581,597,615,12,12,12],"floor_reached":51,"campfire_rested":2,"playtime":3628,"current_hp_per_floor":[80,68,57,57,57,39,39,45,45,43,46,49,49,53,79,25,88,76,76,73,73,63,63,29,29,29,29,29,50,67,67,67,47,67,67,23,23,13,28,49,49,49,56,76,80,80,82,82,82,80],"items_purged":["Defend_R","Writhe"],"gold":12,"play_id":"131c3a08-c6b5-4dd9-a47e-6a1c399bb674","is_prod":false,"is_daily":false,"campfire_rituals":0,"campfire_upgraded":7,"is_hardmode":false,"path_taken":["M","?","?","?","?","E","R","M","T","E","M","M","R","?","R","BOSS","M","?","?","?","?","R","E","R","T","R","?","?","M","?","R","BOSS","M","?","$","?","M","R","?","?","T","M","?","M","M","$","R","BOSS"],"build_version":"2018-01-11-PROD2","purchased_purges":2,"victory":true,"master_deck":["Defend_R","Bash","Pommel Strike","Pommel Strike","Impervious","Shrug It Off","Bite_R","Bite_R","Bite_R","Bite_R","Anger","Metallicize","Offering","Shrug It Off","Battle Trance","Madness","Madness","Battle Trance","Inflame","Flash of Steel"],"max_hp_per_floor":[80,80,80,80,80,80,80,80,80,82,84,86,86,88,88,88,88,90,90,90,90,63,63,63,63,63,63,63,65,67,67,67,67,67,67,69,69,69,71,71,71,71,78,78,80,80,82,82,82,82],"relics":["Black Blood","Shuriken","Orichalcum","Bottled Flame","Oddly Smooth Stone","Singing Bowl","Paper Frog","War Paint","Calipers","Lizard Tail","Peace Pipe","Anchor","Strawberry","Ice Cream"],"campfire_meditates":0,"card_choices":[{"not_picked":["True Grit","Spot Weakness"],"picked":"Pommel Strike"},{"not_picked":["Evolve","Iron Wave"],"picked":"Pommel Strike"},{"not_picked":["Demon Form","Berserk"],"picked":"Impervious"},{"not_picked":["Perfected Strike","Armaments"],"picked":"Shrug It Off"},{"not_picked":["Body Slam","Exhume"],"picked":"Anger"},{"not_picked":["Brutality","Fiend Fire"],"picked":"Offering"},{"not_picked":["Clothesline","Havoc"],"picked":"Shrug It Off"},{"not_picked":["Cleave","Anger"],"picked":"Battle Trance"},{"not_picked":["Pummel","Spot Weakness"],"picked":"Inflame"}],"player_experience":105398,"potions_floor_usage":[10,16,24,24,24,33,44,44,50,50,50],"damage_taken":[{"damage":2,"enemies":"2 Louse","floor":1,"turns":3},{"damage":24,"enemies":"Lagavulin","floor":6,"turns":5},{"damage":0,"enemies":"Cultist","floor":8,"turns":3},{"damage":22,"enemies":"3 Sentries","floor":10,"turns":5},{"damage":5,"enemies":"Small Slimes","floor":11,"turns":3},{"damage":5,"enemies":"3 Louse","floor":12,"turns":3},{"damage":4,"enemies":"Looter","floor":14,"turns":2},{"damage":60,"enemies":"The Guardian","floor":16,"turns":10},{"damage":24,"enemies":"2 Thieves","floor":18,"turns":5},{"damage":13,"enemies":"Chosen","floor":20,"turns":6},{"damage":54,"enemies":"Book of Stabbing","floor":24,"turns":7},{"damage":9,"enemies":"3 Cultists","floor":29,"turns":6},{"damage":10,"enemies":"Slaver and Parasite","floor":30,"turns":7},{"damage":50,"enemies":"Automaton","floor":33,"turns":9},{"damage":4,"enemies":"3 Shapes","floor":35,"turns":6},{"damage":77,"enemies":"Mysterious Sphere","floor":36,"turns":8},{"damage":9,"enemies":"Orb Walker","floor":39,"turns":4},{"damage":4,"enemies":"4 Shapes","floor":44,"turns":6},{"damage":11,"enemies":"Sphere and 2 Shapes","floor":45,"turns":6},{"damage":12,"enemies":"Maw","floor":46,"turns":7},{"damage":4,"enemies":"3 Darklings","floor":47,"turns":6},{"damage":18,"enemies":"Donu and Deca","floor":50,"turns":6}],"event_choices":[{"event_name":"Scrap Ooze","player_choice":"success","floor":2,"damage_taken":12},{"event_name":"World of Goop","player_choice":"Gather Gold","floor":3,"damage_taken":0},{"event_name":"Liars Game","player_choice":"disagreed","floor":5,"damage_taken":0},{"event_name":"The Lab","player_choice":"Got Potions","floor":19,"damage_taken":0},{"event_name":"The Mausoleum","player_choice":"Yes","floor":21,"damage_taken":0},{"event_name":"Vampires","player_choice":"Became a vampire","floor":22,"damage_taken":0},{"event_name":"Transmorgrifier","player_choice":"Transform","floor":28,"damage_taken":0},{"event_name":"Back to Basics","player_choice":"Elegance","floor":31,"damage_taken":0},{"event_name":"Mysterious Sphere","player_choice":"Fight","floor":36,"damage_taken":0},{"event_name":"Winding Halls","player_choice":"Embrace Madness","floor":38,"damage_taken":0},{"event_name":"Tomb of Lord Red Mask","player_choice":"Ignored","floor":41,"damage_taken":0}],"boss_relics":[{"not_picked":["Snecko Eye","Calling Bell"],"picked":"Black Blood"},{"not_picked":["Pandora\u0027s Box","Velvet Choker"],"picked":"Lizard Tail"}],"potions_floor_spawned":[6,8,11,30,36,39,44,45,47],"seed_played":"-8405055435982672630","is_trial":false}