{"path_per_floor":["M","?","$","?","M","R","M","R","T","?","M","R","?","?","R","B",null,"M","M","?","?","M","M","?","$","T","M","R","T","?","$","R","B",null,"M","?","?","?","M","R","?","R","T","M","$","M","R","?","R","B"],"character_chosen":"IRONCLAD","items_purchased":["Bag of Marbles","Juzu Bracelet"],"gold_per_floor":[18,18,18,93,103,103,122,122,122,122,141,141,141,163,163,261,261,276,289,289,289,304,321,321,26,74,86,86,140,90,15,15,120,120,140,187,187,187,202,202,0,0,73,83,83,101,101,401,401,401],"floor_reached":51,"campfire_rested":2,"playtime":2394,"current_hp_per_floor":[80,80,80,69,65,65,64,64,64,57,62,62,62,50,50,22,80,75,71,81,81,79,85,63,63,63,63,63,70,70,70,70,66,70,58,42,42,32,21,42,42,63,63,70,70,70,70,70,70,25],"items_purged":["Defend_R"],"gold":401,"play_id":"06f51ea1-e2df-47ef-ae39-ed5f474181e7","is_prod":false,"is_daily":false,"campfire_rituals":0,"campfire_upgraded":8,"is_hardmode":false,"path_taken":["M","?","$","?","M","R","M","R","T","?","M","R","?","?","R","BOSS","M","M","?","?","M","M","?","?","T","M","R","?","?","$","R","BOSS","M","?","?","?","M","R","?","R","T","M","$","M","R","?","R","BOSS"],"build_version":"2018-01-11-PROD2","purchased_purges":1,"victory":true,"master_deck":["Defend_R","Bash","Pommel Strike","Pommel Strike","Seeing Red","Double Tap","Iron Wave","Rampage","Bite_R","Bite_R","Bite_R","Bite_R","Battle Trance","Madness","Madness","Headbutt","Seeing Red"],"max_hp_per_floor":[80,80,80,80,80,80,80,80,80,80,80,80,80,80,80,80,80,80,80,90,90,90,90,63,63,63,63,63,70,70,70,70,70,70,70,70,70,70,70,70,70,70,70,70,70,70,70,70,70,70],"relics":["Burning Blood","Torii","Odd Mushroom","Runic Dome","Pear","Bag of Marbles","Juzu Bracelet","Oddly Smooth Stone","Strawberry","Runic Pyramid","Ice Cream","Red Mask","Ornamental Fan"],"campfire_meditates":0,"card_choices":[{"not_picked":["Armaments","Cleave"],"picked":"Pommel Strike"},{"not_picked":["Intimidate","Dropkick"],"picked":"Pommel Strike"},{"not_picked":["Flex","Juggernaut"],"picked":"Seeing Red"},{"not_picked":["Barricade","Limit Break"],"picked":"Double Tap"},{"not_picked":["Searing Blow","Sword Boomerang"],"picked":"Iron Wave"},{"not_picked":["Havoc","Armaments"],"picked":"Rampage"},{"not_picked":["Perfected Strike","Spot Weakness"],"picked":"Battle Trance"},{"not_picked":["Anger","True Grit"],"picked":"Headbutt"},{"not_picked":["Rage","Armaments"],"picked":"Seeing Red"}],"player_experience":75830,"potions_floor_usage":[16,23,23,36,50,50,50],"damage_taken":[{"damage":6,"enemies":"Cultist","floor":1,"turns":3},{"damage":10,"enemies":"Jaw Worm","floor":5,"turns":5},{"damage":7,"enemies":"Small Slimes","floor":7,"turns":3},{"damage":1,"enemies":"Looter","floor":11,"turns":3},{"damage":18,"enemies":"The Mushroom Lair","floor":14,"turns":4},{"damage":49,"enemies":"Hexaghost","floor":16,"turns":9},{"damage":11,"enemies":"Shell Parasite","floor":18,"turns":3},{"damage":10,"enemies":"Spheric Guardian","floor":19,"turns":3},{"damage":8,"enemies":"Snake Plant","floor":22,"turns":3},{"damage":0,"enemies":"Snecko","floor":23,"turns":2},{"damage":12,"enemies":"Centurion and Healer","floor":27,"turns":3},{"damage":15,"enemies":"Automaton","floor":33,"turns":5},{"damage":24,"enemies":"3 Darklings","floor":35,"turns":4},{"damage":58,"enemies":"Mysterious Sphere","floor":36,"turns":4},{"damage":35,"enemies":"3 Shapes","floor":39,"turns":3},{"damage":0,"enemies":"Maw","floor":44,"turns":4},{"damage":0,"enemies":"3 Darklings","floor":46,"turns":3},{"damage":70,"enemies":"Donu and Deca","floor":50,"turns":7}],"event_choices":[{"event_name":"The Cleric","player_choice":"Leave","floor":2,"damage_taken":0},{"event_name":"World of Goop","player_choice":"Gather Gold","floor":4,"damage_taken":0},{"event_name":"Golden Wing","player_choice":"Card Removal","floor":10,"damage_taken":0},{"event_name":"Liars Game","player_choice":"disagreed","floor":13,"damage_taken":0},{"event_name":"Mushrooms","player_choice":"Fought Mushrooms","floor":14,"damage_taken":0},{"event_name":"The Mausoleum","player_choice":"Yes","floor":20,"damage_taken":0},{"event_name":"Accursed Blacksmith","player_choice":"Forge","floor":21,"damage_taken":0},{"event_name":"Vampires","player_choice":"Became a vampire","floor":24,"damage_taken":0},{"event_name":"The Joust","player_choice":"Bet on Murderer","floor":30,"damage_taken":0},{"event_name":"Mysterious Sphere","player_choice":"Fight","floor":36,"damage_taken":0},{"event_name":"Winding Halls","player_choice":"Embrace Madness","floor":38,"damage_taken":0},{"event_name":"Tomb of Lord Red Mask","player_choice":"Paid","floor":41,"damage_taken":0},{"event_name":"Wheel of Change","player_choice":"Gold","floor":48,"damage_taken":0}],"boss_relics":[{"not_picked":["Lizard Tail","Question Card"],"picked":"Runic Dome"},{"not_picked":["Runic Cube","Mark of Pain"],"picked":"Runic Pyramid"}],"potions_floor_spawned":[7,11,16,23,27,44,46],"seed_played":"3514259772890987811","is_trial":false}