{"path_per_floor":["M","M","M","M","M","R","E","$","T","R","?","?","M","E","R","B",null,"M","?","?","?","?","R","M","M","T","M","R","M","M","M","R"],"character_chosen":"IRONCLAD","items_purchased":[],"gold_per_floor":[119,129,146,162,178,178,207,132,132,132,132,132,143,173,173,275,275,290,290,205,205,205,205,171,190,217,234,234,250,267,280,280],"floor_reached":33,"campfire_rested":2,"playtime":2560,"current_hp_per_floor":[70,75,75,79,70,70,58,58,58,58,42,42,48,43,43,21,65,33,33,33,18,18,43,40,37,37,29,69,73,79,69,69],"items_purged":["Strike_R"],"gold":280,"play_id":"ea24ddc6-19ac-4941-ab45-f21b27ed4cd7","is_prod":false,"is_daily":false,"is_ascension_mode":true,"campfire_upgraded":4,"path_taken":["M","M","M","M","M","R","E","$","T","R","?","?","M","E","R","BOSS","M","?","?","?","?","R","M","M","T","M","R","M","?","M","R","BOSS"],"build_version":"2018-01-25-PROD3","purchased_purges":1,"victory":false,"master_deck":["Strike_R","Strike_R","Strike_R","Defend_R","Defend_R+1","Defend_R","Defend_R","Bash","Flame Barrier+1","Ghostly Armor","Iron Wave+1","Spot Weakness","Double Tap+1","Shockwave","Purity","Clothesline","True Grit+1","Rampage+1","Flame Barrier+1","Reaper","True Grit+1"],"max_hp_per_floor":[80,80,80,80,80,80,80,80,80,80,80,80,80,80,80,80,80,80,80,80,85,85,85,85,85,85,85,85,85,85,85,85],"relics":["Burning Blood","Art of War","Unceasing Top","Oddly Smooth Stone","Sozu","Ancient Tea Set","Regal Pillow"],"card_choices":[{"not_picked":["Reckless Charge","Armaments"],"picked":"Pummel"},{"not_picked":["Perfected Strike","Iron Wave"],"picked":"Flame Barrier"},{"not_picked":["Combust","True Grit"],"picked":"Ghostly Armor"},{"not_picked":["Shockwave","Headbutt"],"picked":"Iron Wave"},{"not_picked":["Clothesline","Clash"],"picked":"Spot Weakness"},{"not_picked":["Burning Pact","Inflame"],"picked":"Double Tap"},{"not_picked":["Searing Blow","Wild Strike"],"picked":"True Grit"},{"not_picked":["Sword Boomerang","Thunderclap"],"picked":"Rampage"},{"not_picked":["Hemokinesis","Flex"],"picked":"Flame Barrier"},{"not_picked":["Rage","Clothesline"],"picked":"True Grit"}],"player_experience":689583,"potions_floor_usage":[7,13,14],"damage_taken":[{"damage":8,"enemies":"Jaw Worm","floor":1,"turns":8},{"damage":1,"enemies":"2 Louse","floor":2,"turns":3},{"damage":6,"enemies":"Cultist","floor":3,"turns":4},{"damage":2,"enemies":"3 Louse","floor":4,"turns":5},{"damage":15,"enemies":"Gremlin Gang","floor":5,"turns":9},{"damage":27,"enemies":"Lagavulin","floor":7,"turns":7},{"damage":0,"enemies":"Lots of Slimes","floor":13,"turns":1},{"damage":11,"enemies":"Gremlin Nob","floor":14,"turns":5},{"damage":28,"enemies":"Slime Boss","floor":16,"turns":12},{"damage":38,"enemies":"Chosen","floor":18,"turns":6},{"damage":13,"enemies":"2 Thieves","floor":24,"turns":5},{"damage":9,"enemies":"Snake Plant","floor":25,"turns":5},{"damage":26,"enemies":"3 Cultists","floor":27,"turns":7},{"damage":6,"enemies":"Snecko","floor":29,"turns":6},{"damage":12,"enemies":"Centurion and Healer","floor":30,"turns":12},{"damage":28,"enemies":"3 Cultists","floor":31,"turns":7},{"damage":98,"enemies":"Automaton","floor":33,"turns":12}],"event_choices":[{"event_name":"Shining Light","player_choice":"Entered Light","floor":11,"damage_taken":0},{"event_name":"Match and Keep!","player_choice":"3 cards matched","floor":12,"damage_taken":0},{"event_name":"Transmorgrifier","player_choice":"Transform","floor":19,"damage_taken":0},{"event_name":"Addict","player_choice":"Obtained Relic","floor":20,"damage_taken":0},{"event_name":"Forgotten Altar","player_choice":"Shed Blood","floor":21,"damage_taken":0},{"event_name":"Vampires","player_choice":"Ignored","floor":22,"damage_taken":0}],"boss_relics":[{"not_picked":["Orrery","Lizard Tail"],"picked":"Sozu"}],"potions_floor_spawned":[3,4,5,7,18,27,29,30],"seed_played":"-4665681189231968463","killed_by":"Automaton","ascension_level":7,"is_trial":false}