{"path_per_floor":["M","M","?","$","?","R","M","M","T","R","?","M","R","M","R","B",null,"M","M","?","M","M","R","M","$","T","M","R","M","R","$","R","B",null,"M","?","$","M","$","?","R","M","T","R","M","M","M","M","R","B"],"character_chosen":"IRONCLAD","items_purchased":["True Grit","Shrug It Off"],"gold_per_floor":[16,36,36,13,88,88,104,127,127,127,127,143,143,156,156,276,276,290,303,483,507,527,527,550,475,475,499,499,522,522,372,372,498,498,522,522,397,417,267,600,600,610,659,659,669,685,703,717,717,717],"floor_reached":51,"campfire_rested":0,"playtime":3543,"current_hp_per_floor":[78,80,60,60,49,49,52,53,53,53,46,52,52,58,58,64,80,80,80,56,59,65,65,62,62,76,82,82,88,88,88,88,55,94,94,94,94,94,94,94,94,94,94,94,94,94,94,94,94,94],"items_purged":["Strike_R","Strike_R","Bash","Twin Strike"],"gold":717,"play_id":"eeabc482-5501-4be6-9049-ee5e3bc7b620","is_prod":false,"is_daily":false,"is_ascension_mode":false,"campfire_upgraded":11,"path_taken":["M","M","?","?","?","R","M","M","T","R","?","?","R","M","R","BOSS","M","?","?","M","?","R","M","$","T","M","R","M","R","$","R","BOSS","M","?","$","?","$","?","R","M","T","R","M","?","M","M","R","BOSS"],"build_version":"2018-02-01-PROD3","purchased_purges":4,"victory":true,"master_deck":["Defend_R+1","Defend_R","Defend_R","Defend_R","Ghostly Armor+1","True Grit+1","Body Slam+1","Shrug It Off+1","Uppercut+1","Impervious+1","True Grit+1","Inflame+1","Shrug It Off+1","Shrug It Off+1","Barricade+1","Sentinel+1","Body Slam+1","Metallicize+1"],"max_hp_per_floor":[80,80,80,80,80,80,80,80,80,80,80,80,80,80,80,80,80,80,80,80,80,80,80,80,80,94,94,94,94,94,94,94,94,94,94,94,94,94,94,94,94,94,94,94,94,94,94,94,94,94],"relics":["Burning Blood","Thread and Needle","Omamori","Mark of Pain","Mango","Sozu","Vajra"],"card_choices":[{"not_picked":["Bloodletting","Flex"],"picked":"Twin Strike"},{"not_picked":["Cleave","Sentinel"],"picked":"Ghostly Armor"},{"not_picked":["Intimidate","Feel No Pain"],"picked":"Body Slam"},{"not_picked":["Bloodletting","True Grit"],"picked":"Shrug It Off"},{"not_picked":["Iron Wave","Warcry"],"picked":"Uppercut"},{"not_picked":["Berserk","Bludgeon"],"picked":"Impervious"},{"not_picked":["Armaments","Entrench"],"picked":"True Grit"},{"not_picked":["Burning Pact","Armaments"],"picked":"Inflame"},{"not_picked":["Sword Boomerang","Headbutt"],"picked":"Shrug It Off"},{"not_picked":["Fiend Fire","Demon Form"],"picked":"Barricade"},{"not_picked":["True Grit","Perfected Strike"],"picked":"Sentinel"},{"not_picked":["Dropkick","Flex"],"picked":"Body Slam"},{"not_picked":["Armaments","Shockwave"],"picked":"Metallicize"}],"player_experience":901700,"potions_floor_usage":[18,21,24,33,33],"damage_taken":[{"damage":8,"enemies":"Jaw Worm","floor":1,"turns":6},{"damage":1,"enemies":"Cultist","floor":2,"turns":3},{"damage":3,"enemies":"2 Louse","floor":7,"turns":3},{"damage":5,"enemies":"Exordium Thugs","floor":8,"turns":7},{"damage":0,"enemies":"Large Slime","floor":12,"turns":6},{"damage":0,"enemies":"3 Louse","floor":14,"turns":4},{"damage":0,"enemies":"The Guardian","floor":16,"turns":12},{"damage":0,"enemies":"Spheric Guardian","floor":18,"turns":4},{"damage":0,"enemies":"Chosen","floor":19,"turns":4},{"damage":3,"enemies":"Sentry and Sphere","floor":21,"turns":13},{"damage":0,"enemies":"Snecko","floor":22,"turns":6},{"damage":9,"enemies":"Snake Plant","floor":24,"turns":5},{"damage":0,"enemies":"Slaver and Parasite","floor":27,"turns":9},{"damage":0,"enemies":"Centurion and Healer","floor":29,"turns":8},{"damage":39,"enemies":"Collector","floor":33,"turns":15},{"damage":0,"enemies":"3 Darklings","floor":35,"turns":6},{"damage":0,"enemies":"Orb Walker","floor":38,"turns":4},{"damage":0,"enemies":"Sphere and 2 Shapes","floor":42,"turns":6},{"damage":0,"enemies":"Maw","floor":45,"turns":5},{"damage":0,"enemies":"4 Shapes","floor":46,"turns":9},{"damage":0,"enemies":"Sphere and 2 Shapes","floor":47,"turns":7},{"damage":0,"enemies":"Maw","floor":48,"turns":7},{"damage":3,"enemies":"Time Eater","floor":50,"turns":10}],"event_choices":[{"event_name":"Golden Idol","player_choice":"Take Damage","floor":3,"damage_taken":0},{"event_name":"World of Goop","player_choice":"Gather Gold","floor":5,"damage_taken":0},{"event_name":"Scrap Ooze","player_choice":"success","floor":11,"damage_taken":7},{"event_name":"Knowing Skull","player_choice":"GOLD GOLD ","floor":20,"damage_taken":0},{"event_name":"Purifier","player_choice":"One Purge","floor":36,"damage_taken":0},{"event_name":"The Moai Head","player_choice":"Gave Idol","floor":40,"damage_taken":0}],"boss_relics":[{"not_picked":["Runic Cube","Ectoplasm"],"picked":"Mark of Pain"},{"not_picked":["Black Star","Question Card"],"picked":"Sozu"}],"potions_floor_spawned":[1,7,16,18,22,24,33,35,38,42,46],"seed_played":"1506181042778726312","ascension_level":0,"is_trial":false}