{"path_per_floor":["M","M","?","M","?","R","M","?","T","R","M","R","M","M","R","B",null,"M","?","?","$","M","R","?","R","T","M","R","T","R","M","R","B",null,"M","M","M","M","M","R","$","R","T","R","M","M","?","$","R"],"character_chosen":"IRONCLAD","items_purchased":["Shrug It Off","Shrug It Off"],"gold_per_floor":[110,130,205,222,222,222,239,239,239,239,255,255,272,292,292,394,394,394,394,394,295,295,295,295,295,295,295,295,295,295,295,295,295,295,295,295,295,295,295,295,150,150,150,150,150,150,150,25,25],"floor_reached":50,"campfire_rested":0,"playtime":3601,"current_hp_per_floor":[80,75,64,65,65,65,59,80,80,80,75,75,80,80,80,64,80,83,83,58,58,58,58,58,58,58,62,62,62,62,66,66,66,66,66,70,74,78,78,78,78,78,78,78,82,88,78,78,78],"items_purged":["Bash","Bite","Defend_R"],"gold":25,"play_id":"aa49d0df-2d80-45a6-9031-fa3492a00e30","is_prod":false,"is_daily":false,"is_ascension_mode":false,"campfire_upgraded":13,"path_taken":["M","M","?","M","?","R","M","?","T","R","M","R","M","M","R","BOSS","M","?","?","$","M","R","?","R","T","?","R","?","R","M","R","BOSS","M","M","?","M","M","R","$","R","T","R","M","M","?","?","R","BOSS"],"build_version":"2018-02-01-PROD3","purchased_purges":3,"victory":false,"master_deck":["Defend_R+1","Defend_R+1","Defend_R+1","Barricade+1","Entrench+1","Shrug It Off+1","Feed+1","True Grit+1","Bite","Bite","Bite","Bite","Shrug It Off+1","Inflame+1","Uppercut+1","Limit Break+1","Flame Barrier+1","Shrug It Off+1","Entrench+1","Madness","Madness"],"max_hp_per_floor":[80,80,80,80,80,80,80,80,80,80,80,80,80,80,80,80,80,83,83,58,58,58,58,58,58,58,62,62,62,62,66,66,66,66,66,70,74,78,78,78,78,78,78,78,82,88,88,88,88],"relics":["Burning Blood","Vajra","Happy Flower","Ectoplasm","Sundial","Dead Branch","Mark of Pain","Singing Bowl"],"card_choices":[{"not_picked":["Rupture","Warcry"],"picked":"Barricade"},{"not_picked":["Perfected Strike","Clash"],"picked":"Entrench"},{"not_picked":["Flame Barrier","Corruption"],"picked":"Shrug It Off"},{"not_picked":["Bludgeon","Berserk"],"picked":"Feed"},{"not_picked":["Wild Strike","Pommel Strike"],"picked":"True Grit"},{"not_picked":["Armaments","Seeing Red"],"picked":"Uppercut"},{"not_picked":["Exhume","Demon Form"],"picked":"Limit Break"},{"not_picked":["Metallicize","Twin Strike"],"picked":"Flame Barrier"},{"not_picked":["Heavy Blade","Disarm"],"picked":"Entrench"}],"player_experience":919688,"potions_floor_usage":[16,16,31,37,50],"damage_taken":[{"damage":1,"enemies":"Cultist","floor":1,"turns":3},{"damage":11,"enemies":"Blue Slaver","floor":2,"turns":4},{"damage":5,"enemies":"Small Slimes","floor":4,"turns":5},{"damage":12,"enemies":"Looter","floor":7,"turns":4},{"damage":11,"enemies":"Large Slime","floor":11,"turns":12},{"damage":0,"enemies":"2 Fungi Beasts","floor":13,"turns":4},{"damage":0,"enemies":"Looter","floor":14,"turns":3},{"damage":22,"enemies":"Hexaghost","floor":16,"turns":21},{"damage":0,"enemies":"Spheric Guardian","floor":18,"turns":8},{"damage":0,"enemies":"3 Byrds","floor":22,"turns":10},{"damage":0,"enemies":"Centurion and Healer","floor":27,"turns":11},{"damage":5,"enemies":"Snake Plant","floor":31,"turns":9},{"damage":14,"enemies":"Champ","floor":33,"turns":17},{"damage":1,"enemies":"Orb Walker","floor":35,"turns":4},{"damage":1,"enemies":"3 Darklings","floor":36,"turns":10},{"damage":40,"enemies":"Sphere and 2 Shapes","floor":37,"turns":12},{"damage":12,"enemies":"Maw","floor":38,"turns":12},{"damage":0,"enemies":"3 Darklings","floor":39,"turns":11},{"damage":0,"enemies":"4 Shapes","floor":45,"turns":9},{"damage":5,"enemies":"Maw","floor":46,"turns":9},{"damage":92,"enemies":"Donu and Deca","floor":50,"turns":7}],"event_choices":[{"event_name":"World of Goop","player_choice":"Gather Gold","floor":3,"damage_taken":0},{"event_name":"Liars Game","player_choice":"disagreed","floor":5,"damage_taken":0},{"event_name":"Big Fish","player_choice":"Banana","floor":8,"damage_taken":0},{"event_name":"The Mausoleum","player_choice":"No","floor":19,"damage_taken":0},{"event_name":"Vampires","player_choice":"Became a vampire","floor":20,"damage_taken":0},{"event_name":"The Library","player_choice":"Read","floor":24,"damage_taken":0},{"event_name":"Winding Halls","player_choice":"Embrace Madness","floor":47,"damage_taken":0}],"boss_relics":[{"not_picked":["Lizard Tail","Cursed Key"],"picked":"Ectoplasm"},{"not_picked":["Eternal Feather","Runic Dome"],"picked":"Mark of Pain"}],"potions_floor_spawned":[1,7,11,16,27,35,39,46],"seed_played":"3735358301675190245","killed_by":"Donu and Deca","ascension_level":0,"is_trial":false}