{"path_per_floor":["M","?","?","?","M","R","M","R","T","?","$","R","E","$","R","B",null,"M","$","?","M","?","R","M","M","T","?","M","R","E","$","R","B",null,"M","?","M","?","?","R","M","R","T","M","?","?","M","M","R","B"],"character_chosen":"IRONCLAD","items_purchased":["War Paint"],"gold_per_floor":[110,110,110,110,123,123,133,133,160,160,85,85,117,17,17,118,118,129,4,4,18,18,18,31,46,100,100,119,119,144,0,0,95,95,112,112,123,123,123,123,138,138,162,179,0,0,20,40,40,40],"floor_reached":51,"campfire_rested":0,"playtime":3947,"current_hp_per_floor":[80,80,73,73,77,77,80,80,80,80,80,80,72,72,72,78,82,83,83,83,86,86,86,88,90,97,81,83,83,81,81,81,89,107,90,80,80,80,121,121,123,123,123,125,125,125,125,127,127,127],"items_purged":["Strike_R","Strike_R","Bash"],"gold":40,"play_id":"968ca639-589b-49e5-86db-4a543761a26d","is_prod":false,"is_daily":false,"is_ascension_mode":false,"campfire_upgraded":10,"path_taken":["M","?","?","?","?","R","M","R","T","?","$","R","E","?","R","BOSS","M","$","?","M","?","R","?","M","T","?","M","R","E","?","R","BOSS","M","?","M","?","?","R","M","R","T","M","?","?","M","M","R","BOSS"],"build_version":"2018-02-01-PROD3","purchased_purges":3,"victory":true,"master_deck":["Defend_R+1","Defend_R+1","Defend_R+1","Defend_R+1","Thunderclap+1","Clothesline+1","Metallicize+1","Flash of Steel+1","Barricade+1","Body Slam+1","Metallicize+1","Body Slam+1","Madness","Ghostly Armor+1"],"max_hp_per_floor":[80,80,80,80,80,80,80,80,80,80,80,80,82,82,82,82,82,84,84,84,86,86,86,88,90,97,97,99,99,99,99,99,101,107,109,109,111,111,121,121,123,123,123,125,125,125,125,127,127,127],"relics":["Burning Blood","Pen Nib","Singing Bowl","Velvet Choker","Strawberry","Nilry\u0027s Codex","Juzu Bracelet","War Paint","Orrery","Vajra","Red Mask"],"card_choices":[{"not_picked":["Heavy Blade","Fire Breathing"],"picked":"Thunderclap"},{"not_picked":["Clash","Anger"],"picked":"Clothesline"},{"not_picked":["Rage","Clash"],"picked":"Metallicize"},{"not_picked":["Fiend Fire","Brutality"],"picked":"Barricade"},{"not_picked":["Demon Form","Dropkick"],"picked":"Body Slam"},{"not_picked":["Searing Blow","Armaments"],"picked":"Metallicize"},{"not_picked":["Cleave","Rupture"],"picked":"Body Slam"},{"not_picked":["Clash","Offering"],"picked":"Ghostly Armor"}],"player_experience":844460,"potions_floor_usage":[13,18,30,30,30,37,48],"damage_taken":[{"damage":1,"enemies":"Cultist","floor":1,"turns":3},{"damage":2,"enemies":"Blue Slaver","floor":5,"turns":10},{"damage":2,"enemies":"2 Louse","floor":7,"turns":2},{"damage":16,"enemies":"Gremlin Nob","floor":13,"turns":5},{"damage":0,"enemies":"The Guardian","floor":16,"turns":12},{"damage":7,"enemies":"3 Byrds","floor":18,"turns":6},{"damage":0,"enemies":"Chosen","floor":21,"turns":6},{"damage":0,"enemies":"Snecko","floor":24,"turns":7},{"damage":0,"enemies":"Snake Plant","floor":25,"turns":7},{"damage":6,"enemies":"Centurion and Healer","floor":28,"turns":7},{"damage":8,"enemies":"Gremlin Leader","floor":30,"turns":6},{"damage":0,"enemies":"Champ","floor":33,"turns":7},{"damage":25,"enemies":"3 Darklings","floor":35,"turns":8},{"damage":8,"enemies":"Orb Walker","floor":37,"turns":5},{"damage":1,"enemies":"3 Darklings","floor":41,"turns":5},{"damage":0,"enemies":"Maw","floor":44,"turns":6},{"damage":0,"enemies":"Sphere and 2 Shapes","floor":47,"turns":5},{"damage":3,"enemies":"3 Darklings","floor":48,"turns":5},{"damage":0,"enemies":"Time Eater","floor":50,"turns":9}],"event_choices":[{"event_name":"Upgrade Shrine","player_choice":"Upgraded","floor":2,"damage_taken":0},{"event_name":"Golden Wing","player_choice":"Card Removal","floor":3,"damage_taken":0},{"event_name":"Living Wall","player_choice":"Forget","floor":4,"damage_taken":0},{"event_name":"Match and Keep!","player_choice":"2 cards matched","floor":10,"damage_taken":0},{"event_name":"N\u0027loth","player_choice":"Ignored","floor":20,"damage_taken":0},{"event_name":"Beggar","player_choice":"Ignored","floor":22,"damage_taken":0},{"event_name":"Cursed Tome","player_choice":"Obtained Book","floor":27,"damage_taken":0},{"event_name":"Winding Halls","player_choice":"Embrace Madness","floor":36,"damage_taken":0},{"event_name":"Mysterious Sphere","player_choice":"Ignore","floor":38,"damage_taken":0},{"event_name":"Bonfire Elementals","player_choice":"RARE","floor":39,"damage_taken":0},{"event_name":"Tomb of Lord Red Mask","player_choice":"Paid","floor":45,"damage_taken":0}],"boss_relics":[{"not_picked":["Question Card","Black Star"],"picked":"Velvet Choker"},{"not_picked":["Runic Pyramid","Snecko Eye"],"picked":"Orrery"}],"potions_floor_spawned":[1,7,16,21,25,28,35,41,44,47],"seed_played":"-282063159311944015","ascension_level":0,"is_trial":false}