{"path_per_floor":["M","M","$","?","?","R","$","T","T","M","?","R","$","E","R","B",null,"M","M","?","$","?","R","E","R","T","R","$","E","M","T","R","B",null,"M","M","?","M","?","R","M","M","T","R","M","M","M","M","R","B"],"character_chosen":"IRONCLAD","items_purchased":["Shrug It Off"],"gold_per_floor":[111,127,1,1,1,1,1,1,26,46,146,146,46,78,78,173,173,186,196,196,71,71,71,102,102,102,102,102,134,150,150,150,248,248,258,278,378,398,398,398,412,432,459,459,471,491,502,518,518,518],"floor_reached":51,"campfire_rested":3,"playtime":2866,"current_hp_per_floor":[80,80,80,80,80,80,80,80,80,80,80,80,80,80,80,63,80,80,80,80,80,80,80,80,80,94,94,94,94,94,94,94,94,94,94,94,94,94,94,94,94,80,87,101,101,101,100,101,101,71],"items_purged":["Strike_R","Strike_R","Strike_R"],"gold":518,"play_id":"bd727d6b-f8c2-4569-9191-732a0922fc44","is_prod":false,"is_daily":false,"is_ascension_mode":true,"campfire_upgraded":7,"path_taken":["M","M","$","?","?","R","?","?","T","?","?","R","$","E","R","BOSS","M","M","?","?","?","R","E","R","T","R","$","E","M","?","R","BOSS","M","M","?","M","?","R","M","M","T","R","M","M","?","?","R","BOSS"],"build_version":"2018-01-25-PROD3","purchased_purges":3,"victory":true,"master_deck":["Defend_R+1","Defend_R+1","Defend_R+1","Defend_R+1","Bash+1","Body Slam+1","True Grit+1","Shrug It Off+1","Inflame+1","Barricade+1","Battle Trance+1","Inflame+1","Body Slam+1","Limit Break+1","Heavy Blade+1"],"max_hp_per_floor":[80,80,80,80,80,80,80,80,80,80,80,80,80,80,80,80,80,80,80,80,80,80,80,80,80,94,94,94,94,94,94,94,94,94,94,94,94,94,94,94,94,94,101,101,101,101,101,101,101,101],"relics":["Burning Blood","Bird Faced Urn","Oddly Smooth Stone","Torii","Mark of Pain","Bag of Marbles","Mango","Matryoshka","Whetstone","Orichalcum","Philosopher\u0027s Stone","Strawberry","Blood Vial"],"card_choices":[{"not_picked":["Clash","Flex"],"picked":"Body Slam"},{"not_picked":["Disarm","Clothesline"],"picked":"True Grit"},{"not_picked":["Perfected Strike","Clash"],"picked":"Inflame"},{"not_picked":["Brutality","Double Tap"],"picked":"Barricade"},{"not_picked":["Rampage","Combust"],"picked":"Battle Trance"},{"not_picked":["Heavy Blade","Hemokinesis"],"picked":"Inflame"},{"not_picked":["Havoc","Brutality"],"picked":"Body Slam"},{"not_picked":["Feed","Berserk"],"picked":"Limit Break"},{"not_picked":["Rage","Pommel Strike"],"picked":"Heavy Blade"}],"player_experience":585926,"potions_floor_usage":[18,18,36,50,50,50],"damage_taken":[{"damage":1,"enemies":"Cultist","floor":1,"turns":3},{"damage":2,"enemies":"2 Louse","floor":2,"turns":4},{"damage":0,"enemies":"Jaw Worm","floor":10,"turns":6},{"damage":0,"enemies":"3 Sentries","floor":14,"turns":9},{"damage":23,"enemies":"Hexaghost","floor":16,"turns":11},{"damage":0,"enemies":"Spheric Guardian","floor":18,"turns":5},{"damage":0,"enemies":"Chosen","floor":19,"turns":5},{"damage":1,"enemies":"Slavers","floor":24,"turns":9},{"damage":0,"enemies":"Book of Stabbing","floor":29,"turns":5},{"damage":0,"enemies":"Sentry and Sphere","floor":30,"turns":6},{"damage":0,"enemies":"Champ","floor":33,"turns":6},{"damage":0,"enemies":"Orb Walker","floor":35,"turns":4},{"damage":0,"enemies":"3 Darklings","floor":36,"turns":6},{"damage":0,"enemies":"Sphere and 2 Shapes","floor":38,"turns":4},{"damage":0,"enemies":"Maw","floor":41,"turns":5},{"damage":22,"enemies":"3 Darklings","floor":42,"turns":5},{"damage":0,"enemies":"Sphere and 2 Shapes","floor":45,"turns":5},{"damage":0,"enemies":"Maw","floor":46,"turns":5},{"damage":7,"enemies":"3 Darklings","floor":47,"turns":4},{"damage":0,"enemies":"Sphere and 2 Shapes","floor":48,"turns":5},{"damage":36,"enemies":"Awakened One","floor":50,"turns":6}],"event_choices":[{"event_name":"Liars Game","player_choice":"disagreed","floor":4,"damage_taken":0},{"event_name":"Living Wall","player_choice":"Forget","floor":5,"damage_taken":0},{"event_name":"Golden Shrine","player_choice":"Pray","floor":11,"damage_taken":0},{"event_name":"Back to Basics","player_choice":"Simplicity","floor":20,"damage_taken":0},{"event_name":"Upgrade Shrine","player_choice":"Upgraded","floor":22,"damage_taken":0},{"event_name":"Golden Shrine","player_choice":"Pray","floor":37,"damage_taken":0},{"event_name":"Tomb of Lord Red Mask","player_choice":"Ignored","floor":39,"damage_taken":0}],"boss_relics":[{"not_picked":["Tiny House","Cursed Key"],"picked":"Mark of Pain"},{"not_picked":["Astrolabe","Calling Bell"],"picked":"Philosopher\u0027s Stone"}],"potions_floor_spawned":[10,16,18,30,33,36,41,46,48],"seed_played":"-127549858029239220","ascension_level":3,"is_trial":false}