{"path_per_floor":["M","?","?","?","?","R","?","R","T","M","?","M","E","M","R","B",null,"M","$","M","$","?","R","E","R","T","$","M","E","M","E","R","B",null,"M","M","?","T","M","M","M","?","T","R","T","R","?","$","R","B"],"character_chosen":"IRONCLAD","items_purchased":["Singing Bowl","Vajra","Strength Potion"],"gold_per_floor":[119,119,69,144,244,244,244,244,244,269,339,354,398,419,419,549,549,563,333,346,246,246,246,271,271,325,53,73,104,114,139,139,234,234,247,265,265,265,282,298,312,312,312,312,335,335,335,134,134,134],"floor_reached":51,"campfire_rested":1,"playtime":2693,"current_hp_per_floor":[80,80,80,69,69,69,49,73,73,78,65,69,65,71,71,67,87,87,87,85,85,85,85,83,83,91,91,93,88,95,95,95,81,95,97,99,99,99,99,101,103,103,103,103,103,103,103,103,103,103],"items_purged":["Strike_R","Strike_R","Strike_R","Defend_R"],"gold":134,"play_id":"862c5981-3fc7-453b-a3fb-b529f738b26b","is_prod":false,"is_daily":false,"is_ascension_mode":false,"campfire_upgraded":8,"path_taken":["M","?","?","?","?","R","?","R","T","?","?","M","E","M","R","BOSS","M","$","M","$","?","R","E","R","T","$","M","E","M","E","R","BOSS","M","M","?","?","M","M","M","?","T","R","?","R","?","?","R","BOSS"],"build_version":"2018-02-01-PROD3","purchased_purges":4,"victory":true,"master_deck":["Defend_R+1","Defend_R+1","Bash+1","Twin Strike+1","Iron Wave+1","Inflame+1","Iron Wave+1","Limit Break+1","Warcry+1","Flame Barrier+1","Reaper+1","Offering+1","Metallicize+1"],"max_hp_per_floor":[80,80,80,80,80,80,80,80,80,80,80,80,87,87,87,87,87,87,87,89,89,89,89,91,91,91,91,93,93,95,95,95,95,95,97,99,99,99,99,101,103,103,103,103,103,103,103,103,103,103],"relics":["Burning Blood","Bloody Idol","Thread and Needle","Frozen Eye","Strawberry","Lizard Tail","Singing Bowl","Letter Opener","Tiny Chest","Vajra","Whetstone","Pen Nib","Eternal Feather","Red Skull","Juzu Bracelet","Orichalcum"],"card_choices":[{"not_picked":["Feel No Pain","Armaments"],"picked":"Twin Strike"},{"not_picked":["Sword Boomerang","True Grit"],"picked":"Iron Wave"},{"not_picked":["Corruption","Armaments"],"picked":"Inflame"},{"not_picked":["Clothesline","Blood for Blood"],"picked":"Iron Wave"},{"not_picked":["Juggernaut","Feed"],"picked":"Limit Break"},{"not_picked":["Cleave","Flex"],"picked":"Warcry"},{"not_picked":["Second Wind","Twin Strike"],"picked":"Flame Barrier"},{"not_picked":["Thunderclap","Battle Trance"],"picked":"Reaper"},{"not_picked":["Juggernaut","Impervious"],"picked":"Offering"},{"not_picked":["Anger","Sword Boomerang"],"picked":"Metallicize"}],"player_experience":860517,"potions_floor_usage":[18,20,24,31,41,50,50,50],"damage_taken":[{"damage":5,"enemies":"Small Slimes","floor":1,"turns":4},{"damage":1,"enemies":"Jaw Worm","floor":10,"turns":4},{"damage":19,"enemies":"Gremlin Nob","floor":11,"turns":4},{"damage":2,"enemies":"Blue Slaver","floor":12,"turns":4},{"damage":17,"enemies":"Lagavulin","floor":13,"turns":9},{"damage":0,"enemies":"3 Louse","floor":14,"turns":3},{"damage":10,"enemies":"The Guardian","floor":16,"turns":10},{"damage":0,"enemies":"Chosen","floor":18,"turns":4},{"damage":10,"enemies":"2 Thieves","floor":20,"turns":5},{"damage":15,"enemies":"Book of Stabbing","floor":24,"turns":7},{"damage":8,"enemies":"3 Cultists","floor":28,"turns":5},{"damage":16,"enemies":"Gremlin Leader","floor":29,"turns":7},{"damage":6,"enemies":"Cultist and Chosen","floor":30,"turns":5},{"damage":0,"enemies":"Book of Stabbing","floor":31,"turns":4},{"damage":70,"enemies":"Automaton","floor":33,"turns":9},{"damage":7,"enemies":"3 Shapes","floor":35,"turns":5},{"damage":9,"enemies":"Orb Walker","floor":36,"turns":4},{"damage":6,"enemies":"3 Darklings","floor":39,"turns":6},{"damage":10,"enemies":"4 Shapes","floor":40,"turns":5},{"damage":11,"enemies":"Sphere and 2 Shapes","floor":41,"turns":8},{"damage":26,"enemies":"Time Eater","floor":50,"turns":6}],"event_choices":[{"event_name":"Living Wall","player_choice":"Forget","floor":2,"damage_taken":0},{"event_name":"The Cleric","player_choice":"Card Removal","floor":3,"damage_taken":0},{"event_name":"World of Goop","player_choice":"Gather Gold","floor":4,"damage_taken":0},{"event_name":"Golden Shrine","player_choice":"Pray","floor":5,"damage_taken":0},{"event_name":"Golden Idol","player_choice":"Take Damage","floor":7,"damage_taken":0},{"event_name":"Dead Adventurer","player_choice":"Searched \u00272\u0027 times","floor":11,"damage_taken":0},{"event_name":"Forgotten Altar","player_choice":"Gave Idol","floor":22,"damage_taken":0},{"event_name":"Tomb of Lord Red Mask","player_choice":"Ignored","floor":37,"damage_taken":0},{"event_name":"Mysterious Sphere","player_choice":"Ignore","floor":42,"damage_taken":0}],"boss_relics":[{"not_picked":["Snecko Eye","Calling Bell"],"picked":"Lizard Tail"},{"not_picked":["Runic Pyramid","Runic Cube"],"picked":"Eternal Feather"}],"potions_floor_spawned":[11,13,14,20,29,33,35,36,39],"seed_played":"-5194575488391686641","ascension_level":0,"is_trial":false}