{"path_per_floor":["M","?","?","M","M","R","E","R","T","R","?","M","E","M","R","B",null,"M","$","?","M","M","R","M","R","T","R","$","M","R","M","R","B",null,"M","?","M","M","M","E","R","?","T","$","M","R","M","M","R"],"character_chosen":"IRONCLAD","items_purchased":["Thread and Needle","Art of War","Shrug It Off"],"gold_per_floor":[109,109,109,128,148,148,181,181,181,181,181,193,218,229,229,331,331,341,51,51,70,83,83,97,97,147,147,72,84,84,104,104,205,205,219,219,229,246,264,290,290,290,335,66,79,79,96,110,110],"floor_reached":50,"campfire_rested":2,"playtime":3879,"current_hp_per_floor":[76,60,65,65,59,59,33,33,33,58,58,62,52,54,54,48,85,59,59,59,59,59,59,53,53,53,53,53,59,59,59,59,46,59,59,59,59,51,59,29,46,36,36,36,55,55,59,59,59],"items_purged":["Bash","Defend_R"],"gold":110,"play_id":"e59bf528-3c18-40a2-bc41-dc1020cecf52","is_prod":false,"is_daily":false,"is_ascension_mode":true,"campfire_upgraded":10,"path_taken":["M","?","?","M","M","R","E","R","T","R","?","?","E","M","R","BOSS","M","$","?","M","?","R","M","R","T","R","?","M","R","?","R","BOSS","M","?","M","M","M","E","R","?","T","$","M","R","?","M","R","BOSS"],"build_version":"2018-01-25-PROD3","purchased_purges":2,"victory":false,"master_deck":["Defend_R+1","Defend_R","Defend_R","Brutality+1","Shrug It Off+1","Inflame+1","Pommel Strike+1","Shrug It Off+1","Shrug It Off+1","Intimidate+1","Juggernaut+1","Bite_R+1","Bite_R","Bite_R+1","Bite_R","Bite_R","Pommel Strike+1","Juggernaut+1","Madness","Madness","Shrug It Off+1","Seeing Red+1"],"max_hp_per_floor":[80,80,85,85,85,85,85,85,85,85,85,85,85,85,85,85,85,85,85,59,59,59,59,59,59,59,59,59,59,59,59,59,59,59,59,59,59,59,59,59,59,59,59,59,59,59,59,59,59],"relics":["Burning Blood","Oddly Smooth Stone","Letter Opener","Meat on the Bone","White Beast Statue","Thread and Needle","Whetstone","Mark of Pain","Bag of Preparation","Orichalcum","Art of War"],"card_choices":[{"not_picked":["Iron Wave","Thunderclap"],"picked":"Shrug It Off"},{"not_picked":["Metallicize","Clothesline"],"picked":"Inflame"},{"not_picked":["Clothesline","Reckless Charge"],"picked":"Pommel Strike"},{"not_picked":["Feed","Sentinel"],"picked":"Shrug It Off"},{"not_picked":["Anger","Perfected Strike"],"picked":"Shrug It Off"},{"not_picked":["Perfected Strike","Pommel Strike"],"picked":"Intimidate"},{"not_picked":["Brutality","Offering"],"picked":"Juggernaut"},{"not_picked":["Wild Strike","Body Slam"],"picked":"Pommel Strike"},{"not_picked":["Immolate","Brutality"],"picked":"Juggernaut"},{"not_picked":["Second Wind","Pommel Strike"],"picked":"Seeing Red"}],"player_experience":608329,"potions_floor_usage":[13,13,16,18,22,29,29,33,33,33,35,39,40,40,40,48,48,50,50],"damage_taken":[{"damage":10,"enemies":"2 Louse","floor":1,"turns":3},{"damage":6,"enemies":"Small Slimes","floor":4,"turns":4},{"damage":12,"enemies":"Jaw Worm","floor":5,"turns":4},{"damage":32,"enemies":"3 Sentries","floor":7,"turns":8},{"damage":2,"enemies":"2 Fungi Beasts","floor":12,"turns":3},{"damage":16,"enemies":"Gremlin Nob","floor":13,"turns":4},{"damage":4,"enemies":"3 Louse","floor":14,"turns":3},{"damage":39,"enemies":"The Guardian","floor":16,"turns":14},{"damage":32,"enemies":"Spheric Guardian","floor":18,"turns":7},{"damage":8,"enemies":"Shell Parasite","floor":21,"turns":9},{"damage":8,"enemies":"Centurion and Healer","floor":22,"turns":9},{"damage":15,"enemies":"Snake Plant","floor":24,"turns":6},{"damage":5,"enemies":"3 Cultists","floor":29,"turns":6},{"damage":3,"enemies":"Snecko","floor":31,"turns":4},{"damage":57,"enemies":"Collector","floor":33,"turns":18},{"damage":6,"enemies":"3 Darklings","floor":35,"turns":6},{"damage":4,"enemies":"3 Shapes","floor":37,"turns":5},{"damage":29,"enemies":"3 Darklings","floor":38,"turns":6},{"damage":6,"enemies":"Sphere and 2 Shapes","floor":39,"turns":6},{"damage":61,"enemies":"Giant Head","floor":40,"turns":11},{"damage":5,"enemies":"4 Shapes","floor":45,"turns":6},{"damage":6,"enemies":"Maw","floor":47,"turns":7},{"damage":4,"enemies":"Sphere and 2 Shapes","floor":48,"turns":5},{"damage":72,"enemies":"Donu and Deca","floor":50,"turns":8}],"event_choices":[{"event_name":"Shining Light","player_choice":"Entered Light","floor":2,"damage_taken":0},{"event_name":"Big Fish","player_choice":"Donut","floor":3,"damage_taken":0},{"event_name":"The Lab","player_choice":"Got Potions","floor":11,"damage_taken":0},{"event_name":"Vampires","player_choice":"Became a vampire","floor":20,"damage_taken":0},{"event_name":"Wheel of Change","player_choice":"Full Heal","floor":36,"damage_taken":0},{"event_name":"Winding Halls","player_choice":"Embrace Madness","floor":42,"damage_taken":0}],"boss_relics":[{"not_picked":["Runic Pyramid","Question Card"],"picked":"White Beast Statue"},{"not_picked":["Eternal Feather","Runic Cube"],"picked":"Mark of Pain"}],"potions_floor_spawned":[7,13,14,18,21,22,24,29,31,33,35,37,38,39,40,45,47,48],"seed_played":"7943283064946278248","killed_by":"Donu and Deca","ascension_level":4,"is_trial":false}