{"path_per_floor":["M","M","M","M","?","E","R","M","T","R","$","R","?","?","R","B",null,"M","?","?","M","$","R","M","R","T","R","E","R","M","?","R","B",null,"M","?","M","?","M","R","M","R","T","E","?","$","M","M","R","B"],"character_chosen":"IRONCLAD","items_purchased":["Omamori","Strength Potion","Art of War","Lantern"],"gold_per_floor":[118,134,152,172,122,149,149,164,214,214,139,139,139,194,194,297,297,307,307,307,325,81,81,101,101,178,178,213,213,232,232,232,333,363,379,379,393,393,404,404,417,417,464,496,496,20,31,49,49,49],"floor_reached":51,"campfire_rested":5,"playtime":3451,"current_hp_per_floor":[75,77,80,60,60,46,46,51,51,51,51,51,44,32,56,50,73,75,75,60,50,50,50,42,42,42,67,35,60,51,51,76,45,80,82,82,84,84,86,86,88,88,88,67,57,57,51,65,90,86],"items_purged":["Strike_R","Defend_R","Bash"],"gold":49,"play_id":"4eef5fc3-ce9a-4986-be8a-43270d223691","is_prod":false,"is_daily":false,"is_ascension_mode":true,"campfire_upgraded":7,"path_taken":["M","M","M","M","?","E","R","M","T","R","$","R","?","?","R","BOSS","M","?","?","?","$","R","M","R","T","R","E","R","M","?","R","BOSS","M","?","M","?","M","R","M","R","T","E","?","$","?","M","R","BOSS"],"build_version":"2018-01-25-PROD3","purchased_purges":3,"victory":true,"master_deck":["Strike_R+1","Strike_R+1","Defend_R+1","Iron Wave+1","Whirlwind+1","Metallicize+1","Uppercut+1","Offering+1","Spot Weakness+1","Shrug It Off+1","Inflame","Impervious","Battle Trance+1","True Grit+1","Madness","Madness","Heavy Blade+1","Flame Barrier+1"],"max_hp_per_floor":[80,80,80,80,80,80,80,80,80,80,80,80,80,80,80,80,80,80,80,85,85,85,85,85,85,85,85,85,85,85,85,85,85,90,90,90,90,90,90,90,90,90,90,90,90,90,90,90,90,90],"relics":["Burning Blood","Molten Egg","Whetstone","Bronze Scales","Toolbox","Cursed Key","Omamori","Centennial Puzzle","Bottled Lightning","Tiny House","War Paint","Bag of Preparation","Art of War","Lantern"],"card_choices":[{"not_picked":["Headbutt","Armaments"],"picked":"Iron Wave"},{"not_picked":["Offering","Havoc"],"picked":"Whirlwind"},{"not_picked":["Iron Wave","True Grit"],"picked":"Metallicize"},{"not_picked":["Sentinel","Perfected Strike"],"picked":"Uppercut"},{"not_picked":["Limit Break","Berserk"],"picked":"Offering"},{"not_picked":["Clash","Twin Strike"],"picked":"Spot Weakness"},{"not_picked":["Thunderclap","Pommel Strike"],"picked":"Shrug It Off"},{"not_picked":["Second Wind","Heavy Blade"],"picked":"Inflame"},{"not_picked":["Feed","Juggernaut"],"picked":"Impervious"},{"not_picked":["Warcry","True Grit"],"picked":"Battle Trance"},{"not_picked":["Pommel Strike","Wild Strike"],"picked":"True Grit"},{"not_picked":["Power Through","Searing Blow"],"picked":"Heavy Blade"},{"not_picked":["Iron Wave","Heavy Blade"],"picked":"Flame Barrier"}],"player_experience":692143,"potions_floor_usage":[4,6,6,14,24,28,33,33,33,41,44,48,50],"damage_taken":[{"damage":3,"enemies":"2 Louse","floor":1,"turns":4},{"damage":4,"enemies":"Jaw Worm","floor":2,"turns":3},{"damage":1,"enemies":"Cultist","floor":3,"turns":3},{"damage":26,"enemies":"Large Slime","floor":4,"turns":7},{"damage":20,"enemies":"Lagavulin","floor":6,"turns":6},{"damage":1,"enemies":"2 Fungi Beasts","floor":8,"turns":3},{"damage":18,"enemies":"Lagavulin Event","floor":14,"turns":4},{"damage":12,"enemies":"The Guardian","floor":16,"turns":10},{"damage":4,"enemies":"Chosen","floor":18,"turns":3},{"damage":16,"enemies":"Spheric Guardian","floor":21,"turns":4},{"damage":14,"enemies":"Centurion and Healer","floor":24,"turns":2},{"damage":38,"enemies":"Slavers","floor":28,"turns":2},{"damage":15,"enemies":"Snake Plant","floor":30,"turns":3},{"damage":37,"enemies":"Automaton","floor":33,"turns":8},{"damage":4,"enemies":"Orb Walker","floor":35,"turns":2},{"damage":4,"enemies":"3 Shapes","floor":37,"turns":7},{"damage":4,"enemies":"3 Darklings","floor":39,"turns":3},{"damage":4,"enemies":"4 Shapes","floor":41,"turns":5},{"damage":27,"enemies":"Nemesis","floor":44,"turns":7},{"damage":12,"enemies":"Sphere and 2 Shapes","floor":47,"turns":3},{"damage":4,"enemies":"Maw","floor":48,"turns":5},{"damage":10,"enemies":"Awakened One","floor":50,"turns":9}],"event_choices":[{"event_name":"The Cleric","player_choice":"Card Removal","floor":5,"damage_taken":0},{"event_name":"Golden Wing","player_choice":"Card Removal","floor":13,"damage_taken":0},{"event_name":"Dead Adventurer","player_choice":"Searched \u00271\u0027 times","floor":14,"damage_taken":0},{"event_name":"Vampires","player_choice":"Ignored","floor":19,"damage_taken":0},{"event_name":"Forgotten Altar","player_choice":"Shed Blood","floor":20,"damage_taken":0},{"event_name":"The Lab","player_choice":"Got Potions","floor":31,"damage_taken":0},{"event_name":"Bonfire Elementals","player_choice":"BASIC","floor":36,"damage_taken":0},{"event_name":"Winding Halls","player_choice":"Embrace Madness","floor":45,"damage_taken":0}],"boss_relics":[{"not_picked":["Black Star","Orrery"],"picked":"Cursed Key"},{"not_picked":["Runic Pyramid","Runic Dome"],"picked":"Tiny House"}],"potions_floor_spawned":[2,3,4,8,16,21,28,35,39],"seed_played":"5212411434900150755","ascension_level":7,"is_trial":false}