{"path_per_floor":["M","?","M","M","?","R","?","E","T","R","E","M","M","M","R","B",null,"M","?","M","M","$","R","M","R","T","R","E","R","M","E","R","B",null,"M","?","M","?","M","R","M","R","T","$","M","M","E","$","R","B"],"character_chosen":"IRONCLAD","items_purchased":["Lantern","Happy Flower","Oddly Smooth Stone","Feel No Pain"],"gold_per_floor":[115,115,135,154,154,154,185,228,253,253,292,308,321,344,344,470,470,486,486,500,525,149,149,170,170,170,170,244,244,257,295,295,425,425,445,445,464,464,489,489,503,503,503,178,194,219,257,132,132,132],"floor_reached":51,"campfire_rested":2,"playtime":4198,"current_hp_per_floor":[80,60,68,73,73,73,65,47,54,54,54,61,66,70,70,28,99,103,87,79,67,67,67,60,60,60,60,53,53,53,45,79,81,119,102,102,108,98,104,104,102,102,102,102,100,102,94,94,134,134],"items_purged":["Strike_R","Strike_R","Strike_R"],"gold":132,"play_id":"5fd47ac5-e7e7-4d88-a1e2-1e015ba54191","is_prod":false,"is_daily":false,"is_ascension_mode":false,"campfire_upgraded":9,"path_taken":["M","?","?","M","?","R","?","E","T","R","E","M","M","M","R","BOSS","M","?","?","M","$","R","M","R","T","R","E","R","M","E","R","BOSS","M","?","?","?","M","R","M","R","T","$","M","M","E","$","R","BOSS"],"build_version":"2018-02-01-PROD3","purchased_purges":4,"victory":true,"master_deck":["Strike_R","Strike_R","Defend_R","Defend_R","Defend_R","Defend_R","Bash","Pommel Strike+1","Seeing Red+1","Feed+1","Shrug It Off+1","Body Slam+1","Shrug It Off+1","Barricade+1","Flame Barrier+1","Shrug It Off","Metallicize","Flame Barrier","Necronomicurse","Body Slam+1","Metallicize","Offering","Shrug It Off+1","Madness","Madness","Corruption","Body Slam+1","Feel No Pain","Sentinel+1"],"max_hp_per_floor":[80,80,80,80,80,80,80,80,87,87,91,95,99,99,99,99,99,103,103,107,107,107,107,111,111,111,111,111,111,115,115,115,119,119,119,119,123,123,127,127,127,127,127,127,127,131,134,134,134,134],"relics":["Burning Blood","Golden Idol","Odd Mushroom","Mercury Hourglass","Strawberry","Prayer Wheel","Orrery","Necronomicon","Lantern","Happy Flower","Dead Branch","Tiny Chest","Letter Opener","Lizard Tail","Charon\u0027s Ashes","Oddly Smooth Stone","Darkstone Periapt"],"card_choices":[{"not_picked":["Heavy Blade","Corruption"],"picked":"Pommel Strike"},{"not_picked":["Heavy Blade","Anger"],"picked":"Disarm"},{"not_picked":["Anger","Heavy Blade"],"picked":"Seeing Red"},{"not_picked":["Shockwave","Havoc"],"picked":"Feed"},{"not_picked":["Warcry","Cleave"],"picked":"Shrug It Off"},{"not_picked":["Reckless Charge","Clothesline"],"picked":"Body Slam"},{"not_picked":["Iron Wave","Flex"],"picked":"Shrug It Off"},{"not_picked":["Reaper","Bludgeon"],"picked":"Barricade"},{"not_picked":["Clash","Anger"],"picked":"Flame Barrier"},{"not_picked":["Inflame","Combust"],"picked":"Shrug It Off"},{"not_picked":["Cleave","Havoc"],"picked":"Metallicize"},{"not_picked":["Iron Wave","Pommel Strike"],"picked":"Flame Barrier"},{"not_picked":["Headbutt","Infernal Blade"],"picked":"Body Slam"},{"not_picked":["Entrench","Anger"],"picked":"Metallicize"},{"not_picked":["Juggernaut","Dark Embrace"],"picked":"Offering"},{"not_picked":["Headbutt","Anger"],"picked":"Shrug It Off"},{"not_picked":["Shrug It Off","Brutality"],"picked":"Corruption"},{"not_picked":["Entrench","Pommel Strike"],"picked":"Body Slam"},{"not_picked":["Pummel","Anger"],"picked":"Sentinel"}],"player_experience":856319,"potions_floor_usage":[3,7,11,11,20,24,28,30,33,50,50,50],"damage_taken":[{"damage":4,"enemies":"2 Louse","floor":1,"turns":4},{"damage":13,"enemies":"Blue Slaver","floor":3,"turns":6},{"damage":1,"enemies":"Cultist","floor":4,"turns":3},{"damage":14,"enemies":"The Mushroom Lair","floor":7,"turns":6},{"damage":24,"enemies":"Gremlin Nob","floor":8,"turns":4},{"damage":22,"enemies":"3 Sentries","floor":11,"turns":5},{"damage":3,"enemies":"Lots of Slimes","floor":12,"turns":3},{"damage":5,"enemies":"Large Slime","floor":13,"turns":5},{"damage":2,"enemies":"Looter","floor":14,"turns":3},{"damage":48,"enemies":"Slime Boss","floor":16,"turns":13},{"damage":2,"enemies":"3 Byrds","floor":18,"turns":5},{"damage":18,"enemies":"Spheric Guardian","floor":20,"turns":9},{"damage":18,"enemies":"Snake Plant","floor":21,"turns":4},{"damage":17,"enemies":"3 Cultists","floor":24,"turns":6},{"damage":25,"enemies":"Gremlin Leader","floor":28,"turns":5},{"damage":10,"enemies":"Slaver and Parasite","floor":30,"turns":5},{"damage":14,"enemies":"Book of Stabbing","floor":31,"turns":9},{"damage":8,"enemies":"Automaton","floor":33,"turns":12},{"damage":23,"enemies":"3 Darklings","floor":35,"turns":5},{"damage":4,"enemies":"Orb Walker","floor":37,"turns":4},{"damage":4,"enemies":"Sphere and 2 Shapes","floor":39,"turns":4},{"damage":8,"enemies":"Maw","floor":41,"turns":7},{"damage":8,"enemies":"3 Darklings","floor":45,"turns":3},{"damage":8,"enemies":"Sphere and 2 Shapes","floor":46,"turns":4},{"damage":17,"enemies":"Nemesis","floor":47,"turns":4},{"damage":4,"enemies":"Awakened One","floor":50,"turns":3}],"event_choices":[{"event_name":"Golden Idol","player_choice":"Take Damage","floor":2,"damage_taken":0},{"event_name":"The Lab","player_choice":"Got Potions","floor":5,"damage_taken":0},{"event_name":"Mushrooms","player_choice":"Fought Mushrooms","floor":7,"damage_taken":0},{"event_name":"Cursed Tome","player_choice":"Obtained Book","floor":19,"damage_taken":0},{"event_name":"Winding Halls","player_choice":"Embrace Madness","floor":38,"damage_taken":0}],"boss_relics":[{"not_picked":["White Beast Statue","Black Star"],"picked":"Orrery"},{"not_picked":["Eternal Feather","Calling Bell"],"picked":"Lizard Tail"}],"potions_floor_spawned":[1,7,12,13,16,21,24,30,31,37,39,41],"seed_played":"-57704788355950696","ascension_level":0,"is_trial":false}