{"path_per_floor":["M","?","M","?","M","M","R","?","T","R","M","M","$","M","R","B",null,"M","?","T","$","?","R","M","R","T","M","R","M","E","M","R","B",null,"M","?","M","$","M","R","E","?","T","M","R","M","E","M","R","B"],"character_chosen":"IRONCLAD","items_purchased":[],"gold_per_floor":[114,64,79,79,95,115,115,115,115,115,125,144,69,82,82,183,183,183,183,183,83,83,83,23,23,23,23,23,23,23,23,23,23,23,23,23,23,23,23,23,23,23,23,23,23,23,23,23,23,23],"floor_reached":51,"campfire_rested":2,"playtime":11279,"current_hp_per_floor":[76,76,80,73,68,38,38,38,38,62,62,65,65,80,80,68,77,76,76,76,76,76,76,70,70,70,80,80,82,78,78,78,76,84,63,63,79,79,73,73,62,62,62,64,91,92,92,92,92,92],"items_purged":["Defend_R","Strike_R"],"gold":23,"play_id":"c9eaa3fc-8323-4356-a0b8-a3810b7e31ec","is_prod":false,"is_daily":false,"is_ascension_mode":true,"campfire_upgraded":8,"path_taken":["M","?","M","?","M","?","R","?","T","R","M","M","$","M","R","BOSS","M","?","?","$","?","R","M","R","T","M","R","M","E","?","R","BOSS","M","?","M","$","?","R","E","?","T","?","R","M","E","M","R","BOSS"],"build_version":"2018-01-25-PROD3","purchased_purges":2,"victory":true,"master_deck":["Defend_R","Defend_R","Defend_R+1","Flex","Uppercut+1","Shrug It Off+1","Reaper","Barricade+1","Body Slam+1","Body Slam+1","Body Slam","True Grit+1","Whirlwind","Ghostly Armor+1","Flame Barrier+1","True Grit+1","Impervious+1","Shrug It Off+1"],"max_hp_per_floor":[80,80,80,80,80,80,80,80,80,80,80,80,80,80,80,80,80,80,80,80,80,80,80,80,80,80,80,80,82,82,84,84,86,86,88,88,90,90,90,90,90,90,90,92,92,92,92,92,92,92],"relics":["Burning Blood","Toolbox","Ectoplasm","Singing Bowl","Happy Flower","Smiling Mask","Question Card","Tiny Chest","Bag of Preparation","Bag of Marbles"],"card_choices":[{"not_picked":["Thunderclap","Havoc"],"picked":"Flex"},{"not_picked":["Searing Blow","Clash"],"picked":"Uppercut"},{"not_picked":["Reckless Charge","True Grit"],"picked":"Shrug It Off"},{"not_picked":["Intimidate","Perfected Strike"],"picked":"Reaper"},{"not_picked":["Exhume","Offering"],"picked":"Barricade"},{"not_picked":["Sword Boomerang","Sever Soul"],"picked":"Body Slam"},{"not_picked":["Havoc","Shockwave"],"picked":"Body Slam"},{"not_picked":["Heavy Blade","Bloodletting"],"picked":"True Grit"},{"not_picked":["Twin Strike","Warcry","Searing Blow"],"picked":"Ghostly Armor"},{"not_picked":["Evolve","Headbutt","Intimidate"],"picked":"Flame Barrier"},{"not_picked":["Rupture","Sword Boomerang","Evolve"],"picked":"True Grit"},{"not_picked":["Fire Breathing","Infernal Blade","Burning Pact"],"picked":"Impervious"},{"not_picked":["Flame Barrier","Spot Weakness","Anger"],"picked":"Shrug It Off"}],"player_experience":661634,"potions_floor_usage":[27,30,30,41,41,50,50,50],"damage_taken":[{"damage":10.0,"enemies":"Cultist","floor":1.0,"turns":5.0},{"damage":0.0,"enemies":"2 Louse","floor":3.0,"turns":3.0},{"damage":11.0,"enemies":"Jaw Worm","floor":5.0,"turns":4.0},{"damage":36.0,"enemies":"Exordium Thugs","floor":6.0,"turns":7.0},{"damage":6.0,"enemies":"Looter","floor":11.0,"turns":4.0},{"damage":3.0,"enemies":"Red Slaver","floor":12.0,"turns":4.0},{"damage":1.0,"enemies":"2 Fungi Beasts","floor":14.0,"turns":4.0},{"damage":18.0,"enemies":"The Guardian","floor":16.0,"turns":12.0},{"damage":10.0,"enemies":"Shell Parasite","floor":18.0,"turns":9.0},{"damage":12,"enemies":"2 Thieves","floor":24,"turns":4},{"damage":8,"enemies":"Slaver and Parasite","floor":27,"turns":5},{"damage":0,"enemies":"Snecko","floor":29,"turns":3},{"damage":10,"enemies":"Book of Stabbing","floor":30,"turns":4},{"damage":14,"enemies":"3 Cultists","floor":31,"turns":6},{"damage":10,"enemies":"Champ","floor":33,"turns":9},{"damage":31,"enemies":"3 Darklings","floor":35,"turns":5},{"damage":0,"enemies":"3 Shapes","floor":37,"turns":8},{"damage":20,"enemies":"Sphere and 2 Shapes","floor":39,"turns":10},{"damage":21,"enemies":"2 Orb Walkers","floor":41,"turns":6},{"damage":14,"enemies":"4 Shapes","floor":44,"turns":6},{"damage":0,"enemies":"Maw","floor":46,"turns":6},{"damage":0,"enemies":"Giant Head","floor":47,"turns":7},{"damage":0,"enemies":"3 Darklings","floor":48,"turns":5},{"damage":0,"enemies":"Donu and Deca","floor":50,"turns":7}],"event_choices":[{"event_name":"The Cleric","player_choice":"Card Removal","floor":2.0,"damage_taken":0.0},{"event_name":"Golden Wing","player_choice":"Card Removal","floor":4.0,"damage_taken":0.0},{"event_name":"Bonfire Elementals","player_choice":"BASIC","floor":8.0,"damage_taken":0.0},{"event_name":"The Lab","player_choice":"Got Potions","floor":19.0,"damage_taken":0.0},{"event_name":"The Library","player_choice":"Read","floor":22.0,"damage_taken":0.0},{"event_name":"Transmorgrifier","player_choice":"Transform","floor":36,"damage_taken":0},{"event_name":"Golden Shrine","player_choice":"Pray","floor":42,"damage_taken":0}],"boss_relics":[{"not_picked":["Runic Pyramid","Velvet Choker"],"picked":"Question Card"}],"potions_floor_spawned":[5,6,11,27,31,35,39,47,48],"seed_played":"1136842079034116461","ascension_level":5,"is_trial":false}