{"path_per_floor":["M","?","M","M","?","M","R","M","T","E","M","R","M","M","R","B",null,"M","M","M","?","M","R","?","M","T","R","?","$","R","M","R","B",null,"M","?","M","?","?","R","M","R","T","M","?","M","M","M","R","B"],"character_chosen":"IRONCLAD","items_purchased":["Oddly Smooth Stone","Shrug It Off"],"gold_per_floor":[17,17,37,48,48,61,61,73,97,128,143,143,157,174,174,270,270,290,309,320,320,331,331,331,345,370,370,370,87,87,99,99,195,195,210,256,272,272,272,272,283,283,283,302,302,319,337,352,352,352],"floor_reached":51,"campfire_rested":0,"playtime":5472,"current_hp_per_floor":[96,96,93,96,96,71,71,65,65,63,51,51,49,44,44,18,96,83,69,59,59,67,67,67,67,67,67,51,51,51,68,68,42,69,66,46,47,47,47,47,69,69,69,71,71,73,75,75,75,71],"items_purged":["Bite_R"],"gold":352,"play_id":"7938e40c-1f56-4502-87a4-7eb222f152bb","is_prod":false,"is_daily":false,"is_ascension_mode":false,"campfire_upgraded":7,"path_taken":["M","?","M","M","?","M","R","M","T","E","M","R","M","M","R","BOSS","M","M","M","?","M","R","?","M","T","R","?","$","R","M","R","BOSS","M","?","?","?","?","R","M","R","T","?","?","?","M","M","R","BOSS"],"build_version":"2018-01-25-PROD3","purchased_purges":2,"victory":true,"master_deck":["Defend_R+1","Defend_R+1","Defend_R+1","Bash","Barricade+1","Body Slam+1","Evolve+1","Seeing Red+1","True Grit+1","Iron Wave+1","Bite_R","Warcry+1","Necronomicurse","Shrug It Off+1","Impervious","Iron Wave+1","True Grit+1","Battle Trance+1","Metallicize+1","Seeing Red+1"],"max_hp_per_floor":[96,96,96,96,96,96,96,96,96,96,96,96,96,96,96,96,96,96,96,96,67,67,67,67,67,67,67,67,67,67,69,69,69,69,69,69,69,69,69,69,69,69,69,71,71,73,75,75,75,75],"relics":["Burning Blood","Ginger","Question Card","Nloth\u0027s Gift","Singing Bowl","Necronomicon","Oddly Smooth Stone","Peace Pipe","Sundial"],"card_choices":[{"not_picked":["Battle Trance","Twin Strike"],"picked":"Barricade"},{"not_picked":["Twin Strike","Flame Barrier"],"picked":"Body Slam"},{"not_picked":["Combust","Anger"],"picked":"Evolve"},{"not_picked":["Warcry","Entrench"],"picked":"Seeing Red"},{"not_picked":["Feel No Pain","Whirlwind"],"picked":"True Grit"},{"not_picked":["Perfected Strike","Twin Strike"],"picked":"Iron Wave"},{"not_picked":["Wild Strike","Perfected Strike","Pommel Strike"],"picked":"Warcry"},{"not_picked":["Barricade","Immolate","Limit Break"],"picked":"Impervious"},{"not_picked":["Anger","Intimidate","Havoc"],"picked":"Iron Wave"},{"not_picked":["Wild Strike","Thunderclap","Rampage"],"picked":"True Grit"},{"not_picked":["Warcry","Feel No Pain","Havoc"],"picked":"Battle Trance"},{"not_picked":["Pommel Strike","Shrug It Off","Cleave"],"picked":"Metallicize"},{"not_picked":["Reckless Charge","Intimidate","Twin Strike"],"picked":"Seeing Red"}],"player_experience":748681,"potions_floor_usage":[10,10,10,16,33,33,36,36,41,50],"damage_taken":[{"damage":6,"enemies":"Small Slimes","floor":1,"turns":3},{"damage":9,"enemies":"Blue Slaver","floor":3,"turns":9},{"damage":3,"enemies":"Cultist","floor":4,"turns":5},{"damage":31,"enemies":"Large Slime","floor":6,"turns":14},{"damage":12,"enemies":"2 Fungi Beasts","floor":8,"turns":7},{"damage":8,"enemies":"3 Sentries","floor":10,"turns":6},{"damage":18,"enemies":"Exordium Thugs","floor":11,"turns":7},{"damage":8,"enemies":"Looter","floor":13,"turns":4},{"damage":11,"enemies":"Large Slime","floor":14,"turns":6},{"damage":32,"enemies":"The Guardian","floor":16,"turns":10},{"damage":19,"enemies":"Spheric Guardian","floor":18,"turns":9},{"damage":20,"enemies":"3 Byrds","floor":19,"turns":10},{"damage":16,"enemies":"Snecko","floor":20,"turns":9},{"damage":63,"enemies":"Sentry and Sphere","floor":22,"turns":32},{"damage":1,"enemies":"Snake Plant","floor":25,"turns":8},{"damage":9,"enemies":"Centurion and Healer","floor":31,"turns":9},{"damage":38,"enemies":"Automaton","floor":33,"turns":15},{"damage":33,"enemies":"3 Darklings","floor":35,"turns":12},{"damage":70,"enemies":"Mysterious Sphere","floor":36,"turns":28},{"damage":13,"enemies":"Orb Walker","floor":37,"turns":7},{"damage":0,"enemies":"Sphere and 2 Shapes","floor":41,"turns":9},{"damage":0,"enemies":"4 Shapes","floor":44,"turns":7},{"damage":0,"enemies":"3 Darklings","floor":46,"turns":9},{"damage":6,"enemies":"Sphere and 2 Shapes","floor":47,"turns":9},{"damage":0,"enemies":"4 Shapes","floor":48,"turns":6},{"damage":12,"enemies":"Time Eater","floor":50,"turns":9}],"event_choices":[{"event_name":"Upgrade Shrine","player_choice":"Upgraded","floor":2,"damage_taken":0},{"event_name":"The Cleric","player_choice":"Leave","floor":5,"damage_taken":0},{"event_name":"Vampires","player_choice":"Became a vampire","floor":21,"damage_taken":0},{"event_name":"N\u0027loth","player_choice":"Traded a War Paint","floor":24,"damage_taken":0},{"event_name":"Cursed Tome","player_choice":"Obtained Book","floor":28,"damage_taken":0},{"event_name":"Mysterious Sphere","player_choice":"Fight","floor":36,"damage_taken":0},{"event_name":"Purifier","player_choice":"One Purge","floor":38,"damage_taken":0},{"event_name":"Accursed Blacksmith","player_choice":"Forge","floor":39,"damage_taken":0},{"event_name":"Tomb of Lord Red Mask","player_choice":"Ignored","floor":45,"damage_taken":0}],"boss_relics":[{"not_picked":["Runic Pyramid","Black Star"],"picked":"Question Card"},{"not_picked":["Pandora\u0027s Box","Snecko Eye","Calling Bell"]}],"potions_floor_spawned":[1,3,8,11,19,25,31,33,35,41,46,48],"seed_played":"-8258473471903141607","ascension_level":0,"is_trial":false}