{"path_per_floor":["M","M","M","?","?","R","E","M","T","$","M","M","R","M","R","B",null,"M","$","M","$","?","E","R","?","T","M","R","M","R","M","R","B",null,"M","M","?","M","M","R","?","R","T","M","T","?","M","M","R","B"],"character_chosen":"IRONCLAD","items_purchased":[],"gold_per_floor":[109,119,139,139,139,139,164,179,206,131,146,164,164,184,184,281,281,296,196,213,88,88,121,121,121,121,139,139,153,153,169,169,274,274,287,299,299,310,328,328,328,328,328,346,346,0,17,35,35,35],"floor_reached":51,"campfire_rested":1,"playtime":3603,"current_hp_per_floor":[80,80,80,80,80,80,81,73,73,73,79,85,85,90,90,71,90,90,90,90,90,75,72,72,72,72,78,78,84,84,90,90,95,95,95,95,95,95,95,95,85,85,85,76,76,76,67,73,95,95],"items_purged":["Strike_R","Strike_R","Strike_R"],"gold":35,"play_id":"185f9c1e-994c-4a1d-afd9-fa28016ed307","is_prod":false,"is_daily":false,"is_ascension_mode":false,"campfire_upgraded":9,"path_taken":["M","M","M","?","?","R","E","M","T","$","M","M","R","M","R","BOSS","M","$","M","$","?","E","R","?","T","M","R","M","R","M","R","BOSS","M","M","?","M","M","R","?","R","T","?","?","?","M","M","R","BOSS"],"build_version":"2018-02-01-PROD3","purchased_purges":3,"victory":true,"master_deck":["Strike_R","Strike_R","Defend_R","Defend_R","Defend_R","Defend_R+1","Bash+1","Body Slam+1","Shrug It Off+1","Shrug It Off+1","Disarm+1","True Grit+1","Battle Trance","Body Slam+1","Barricade+1","Flame Barrier+1","Madness","Madness","Metallicize","Entrench"],"max_hp_per_floor":[80,80,80,80,80,80,90,90,90,90,90,90,90,90,90,90,90,90,90,90,90,95,95,95,95,95,95,95,95,95,95,95,95,95,95,95,95,95,95,95,95,95,95,95,95,95,95,95,95,95],"relics":["Burning Blood","Pear","Orichalcum","Velvet Choker","Omamori","Champion Belt","Calipers","Sozu","Ornamental Fan","Girya","Red Mask"],"card_choices":[{"not_picked":["Anger","Warcry"],"picked":"Clothesline"},{"not_picked":["Clothesline","Thunderclap"],"picked":"Body Slam"},{"not_picked":["Warcry","Heavy Blade"],"picked":"Shrug It Off"},{"not_picked":["Sentinel","Warcry"],"picked":"Shrug It Off"},{"not_picked":["Flex","Anger"],"picked":"Disarm"},{"not_picked":["Perfected Strike","Reckless Charge"],"picked":"True Grit"},{"not_picked":["Perfected Strike","Pommel Strike"],"picked":"Battle Trance"},{"not_picked":["Sword Boomerang","Clothesline"],"picked":"Body Slam"},{"not_picked":["Double Tap","Dark Embrace"],"picked":"Barricade"},{"not_picked":["Dropkick","Armaments"],"picked":"Flame Barrier"},{"not_picked":["True Grit","Headbutt"],"picked":"Metallicize"},{"not_picked":["Hemokinesis","Evolve"],"picked":"Entrench"}],"player_experience":888966,"potions_floor_usage":[7,14,23,31],"damage_taken":[{"damage":1,"enemies":"Cultist","floor":1,"turns":3},{"damage":1,"enemies":"Jaw Worm","floor":2,"turns":5},{"damage":2,"enemies":"Blue Slaver","floor":3,"turns":7},{"damage":15,"enemies":"Gremlin Nob","floor":7,"turns":4},{"damage":14,"enemies":"Large Slime","floor":8,"turns":7},{"damage":0,"enemies":"3 Louse","floor":11,"turns":5},{"damage":0,"enemies":"2 Fungi Beasts","floor":12,"turns":4},{"damage":0,"enemies":"Exordium Wildlife","floor":14,"turns":6},{"damage":25,"enemies":"Slime Boss","floor":16,"turns":12},{"damage":0,"enemies":"Shell Parasite","floor":18,"turns":6},{"damage":0,"enemies":"Spheric Guardian","floor":20,"turns":3},{"damage":9,"enemies":"Slavers","floor":23,"turns":6},{"damage":0,"enemies":"Snake Plant","floor":27,"turns":4},{"damage":0,"enemies":"Slaver and Parasite","floor":29,"turns":6},{"damage":0,"enemies":"Sentry and Sphere","floor":31,"turns":5},{"damage":0,"enemies":"Collector","floor":33,"turns":7},{"damage":0,"enemies":"3 Darklings","floor":35,"turns":6},{"damage":0,"enemies":"Orb Walker","floor":36,"turns":3},{"damage":0,"enemies":"4 Shapes","floor":38,"turns":4},{"damage":0,"enemies":"Sphere and 2 Shapes","floor":39,"turns":7},{"damage":15,"enemies":"3 Darklings","floor":44,"turns":6},{"damage":15,"enemies":"4 Shapes","floor":47,"turns":7},{"damage":0,"enemies":"Sphere and 2 Shapes","floor":48,"turns":6},{"damage":5,"enemies":"Donu and Deca","floor":50,"turns":10}],"event_choices":[{"event_name":"Liars Game","player_choice":"disagreed","floor":4,"damage_taken":0},{"event_name":"Upgrade Shrine","player_choice":"Upgraded","floor":5,"damage_taken":0},{"event_name":"Forgotten Altar","player_choice":"Shed Blood","floor":22,"damage_taken":0},{"event_name":"The Mausoleum","player_choice":"Yes","floor":25,"damage_taken":0},{"event_name":"Mysterious Sphere","player_choice":"Ignore","floor":37,"damage_taken":0},{"event_name":"Winding Halls","player_choice":"Embrace Madness","floor":41,"damage_taken":0},{"event_name":"Tomb of Lord Red Mask","player_choice":"Paid","floor":46,"damage_taken":0}],"boss_relics":[{"not_picked":["Snecko Eye","Philosopher\u0027s Stone"],"picked":"Velvet Choker"},{"not_picked":["Runic Cube","Orrery"],"picked":"Sozu"}],"potions_floor_spawned":[1,11,12,14,16,27,29,33,35,39,48],"seed_played":"4070581881564456515","ascension_level":0,"is_trial":false}