{"path_per_floor":["M","$","M","M","?","R","M","M","T","R","M","M","R","M","R","B",null,"M","M","M","M","$","R","?","M","T","R","?","R","M","$","R"],"character_chosen":"IRONCLAD","items_purchased":["Shrug It Off","Kunai"],"gold_per_floor":[211,84,104,118,118,118,131,142,168,168,184,197,197,216,216,313,313,323,333,352,362,22,22,22,38,38,38,38,38,48,48,48],"floor_reached":33,"campfire_rested":1,"playtime":2888,"current_hp_per_floor":[69,69,62,67,60,60,26,15,15,39,41,44,44,44,44,17,80,58,51,55,49,49,49,49,45,45,45,71,71,63,63,63],"items_purged":["Strike_R","Strike_R"],"gold":48,"play_id":"6959c151-1f31-4142-a82d-24d18323d2a4","is_prod":false,"is_daily":false,"is_ascension_mode":true,"campfire_upgraded":7,"path_taken":["BOSS","M","$","M","?","?","R","M","M","T","R","M","?","R","M","R","BOSS","M","M","M","M","$","R","?","?","T","R","?","R","M","?","R","BOSS"],"build_version":"2018-01-25-PROD3","purchased_purges":2,"victory":false,"master_deck":["Strike_R","Strike_R","Defend_R+1","Defend_R+1","Defend_R","Defend_R","Bash","Inflame+1","Shrug It Off+1","Cleave+1","Body Slam+1","Metallicize+1","Inflame+1","Impervious","Twin Strike","Shrug It Off+1","Uppercut+1"],"max_hp_per_floor":[80,80,80,80,80,80,80,80,80,80,80,80,80,80,80,80,80,80,80,80,80,80,80,80,80,80,80,80,80,80,80,80],"relics":["Burning Blood","War Paint","Mark of Pain","Kunai","Ancient Tea Set"],"card_choices":[{"not_picked":["Blood for Blood","Cleave"],"picked":"Inflame"},{"not_picked":["Clothesline","Wild Strike"],"picked":"Cleave"},{"not_picked":["Headbutt","Warcry"],"picked":"Body Slam"},{"not_picked":["Clash","Sword Boomerang"],"picked":"Metallicize"},{"not_picked":["Whirlwind","Fire Breathing"],"picked":"Inflame"},{"not_picked":["Fiend Fire","Bludgeon"],"picked":"Impervious"},{"not_picked":["Dual Wield","Flex"],"picked":"Twin Strike"},{"not_picked":["Inflame","Thunderclap"],"picked":"Shrug It Off"},{"not_picked":["Dual Wield","Clash"],"picked":"Uppercut"}],"player_experience":612208,"potions_floor_usage":[7,8,16,20,21,25],"damage_taken":[{"damage":17,"enemies":"Blue Slaver","floor":1,"turns":8},{"damage":13,"enemies":"Small Slimes","floor":3,"turns":6},{"damage":1,"enemies":"2 Louse","floor":4,"turns":2},{"damage":40,"enemies":"Exordium Thugs","floor":7,"turns":5},{"damage":29,"enemies":"Exordium Wildlife","floor":8,"turns":5},{"damage":4,"enemies":"Gremlin Gang","floor":11,"turns":4},{"damage":3,"enemies":"Looter","floor":12,"turns":4},{"damage":6,"enemies":"Red Slaver","floor":14,"turns":3},{"damage":48,"enemies":"Hexaghost","floor":16,"turns":11},{"damage":28,"enemies":"3 Byrds","floor":18,"turns":7},{"damage":13,"enemies":"Shell Parasite","floor":19,"turns":5},{"damage":2,"enemies":"Snecko","floor":20,"turns":6},{"damage":12,"enemies":"Snake Plant","floor":21,"turns":5},{"damage":10,"enemies":"Centurion and Healer","floor":25,"turns":6},{"damage":14,"enemies":"Slaver and Parasite","floor":30,"turns":6},{"damage":74,"enemies":"Automaton","floor":33,"turns":10}],"event_choices":[{"event_name":"Golden Wing","player_choice":"Card Removal","floor":5,"damage_taken":0},{"event_name":"Upgrade Shrine","player_choice":"Upgraded","floor":24,"damage_taken":0},{"event_name":"The Library","player_choice":"Heal","floor":28,"damage_taken":0}],"boss_relics":[{"not_picked":["Runic Dome","Pandora\u0027s Box"],"picked":"Mark of Pain"}],"potions_floor_spawned":[1,4,8,12,18,19],"seed_played":"8927292924318026156","killed_by":"Automaton","ascension_level":4,"is_trial":false}