{"path_per_floor":["M","M","M","$","M","R","E","R","T","R","M","E","?","M","R","B",null,"M","$","M","M","?","E","R","?","T","?","M","R","$","?","R","B",null],"character_chosen":"IRONCLAD","items_purchased":["Matryoshka"],"gold_per_floor":[111,125,145,70,85,85,115,115,115,115,131,157,157,169,169,242,242,260,18,29,41,41,68,68,68,68,68,86,86,86,11,11,88,88],"floor_reached":35,"campfire_rested":1,"playtime":1329,"current_hp_per_floor":[77,80,79,77,77,77,62,62,62,62,56,55,40,43,43,29,65,71,71,68,64,48,36,36,36,36,36,39,39,39,39,80,41,76],"items_purged":["Parasite"],"gold":88,"score":553,"play_id":"5d529239-ba9a-4a62-bb69-757c283893b6","is_prod":false,"is_daily":false,"is_ascension_mode":true,"campfire_upgraded":6,"path_taken":["M","M","M","$","M","R","E","R","T","R","?","E","?","M","R","BOSS","M","$","M","M","?","E","R","?","T","?","?","R","$","?","R","BOSS","M"],"build_version":"2018-02-15-PROD1","purchased_purges":3,"victory":false,"master_deck":["Strike_R","Strike_R+1","Strike_R+1","Strike_R","Defend_R","Defend_R","Defend_R","Defend_R","Bash+1","Fiend Fire+1","Battle Trance+1","Body Slam+1","Uppercut+1","Metallicize","True Grit+1","Feed+1","True Grit+1","Barricade","Injury","Normality","Pain"],"max_hp_per_floor":[80,80,80,77,77,77,77,77,77,77,77,77,77,77,77,77,77,77,77,80,83,83,83,83,83,83,83,87,87,87,87,87,87,87],"relics":["Burning Blood","Regal Pillow","Bag of Marbles","Vajra","Prayer Wheel","Sozu","Matryoshka","Enchiridion","Mummified Hand","Whetstone","Happy Flower","Calling Bell","Dream Catcher","Unceasing Top","Singing Bowl"],"card_choices":[{"not_picked":["Armaments","Cleave"],"picked":"Fiend Fire"},{"not_picked":["Bloodletting","Uppercut"],"picked":"Battle Trance"},{"not_picked":["Clash","Searing Blow"],"picked":"Body Slam"},{"not_picked":["Sword Boomerang","Sentinel"],"picked":"Uppercut"},{"not_picked":["Feel No Pain","Bloodletting"],"picked":"Metallicize"},{"not_picked":["Iron Wave","Bloodletting"],"picked":"True Grit"},{"not_picked":["Exhume","Berserk"],"picked":"Feed"},{"not_picked":["Corruption","Rage"],"picked":"True Grit"},{"not_picked":["Feed","Brutality"],"picked":"Barricade"}],"player_experience":1221476,"potions_floor_usage":[5,12,16],"damage_taken":[{"damage":1,"enemies":"Cultist","floor":1,"turns":3},{"damage":2,"enemies":"Jaw Worm","floor":2,"turns":4},{"damage":7,"enemies":"Small Slimes","floor":3,"turns":6},{"damage":3,"enemies":"3 Louse","floor":5,"turns":2},{"damage":21,"enemies":"3 Sentries","floor":7,"turns":8},{"damage":12,"enemies":"Exordium Wildlife","floor":11,"turns":2},{"damage":7,"enemies":"Lagavulin","floor":12,"turns":4},{"damage":3,"enemies":"Blue Slaver","floor":14,"turns":2},{"damage":20,"enemies":"The Guardian","floor":16,"turns":11},{"damage":0,"enemies":"Shell Parasite","floor":18,"turns":1},{"damage":12,"enemies":"2 Thieves","floor":20,"turns":3},{"damage":13,"enemies":"Slaver and Parasite","floor":21,"turns":10},{"damage":18,"enemies":"Book of Stabbing","floor":23,"turns":5},{"damage":7,"enemies":"Centurion and Healer","floor":28,"turns":4},{"damage":45,"enemies":"Champ","floor":33,"turns":10},{"damage":76,"enemies":"3 Darklings","floor":35,"turns":5}],"event_choices":[{"event_name":"Shining Light","player_choice":"Entered Light","floor":13,"damage_taken":0},{"event_name":"Cursed Tome","player_choice":"Obtained Book","floor":22,"damage_taken":0},{"event_name":"Addict","player_choice":"Ignored","floor":25,"damage_taken":0},{"event_name":"The Lab","player_choice":"Got Potions","floor":27,"damage_taken":0},{"event_name":"Beggar","player_choice":"Gave Gold","floor":31,"damage_taken":0}],"boss_relics":[{"not_picked":["Black Star","Runic Pyramid"],"picked":"Sozu"},{"not_picked":["Runic Cube","Eternal Feather"],"picked":"Calling Bell"}],"potions_floor_spawned":[1,7,11,12,21,23,33],"seed_played":"-7965633507465524979","killed_by":"3 Darklings","ascension_level":13,"is_trial":false}