{"path_per_floor":["M","?","$","?","M","E","R","M","T","M","?","?","?","M","R","B",null,"M","?","M","?","?","R","E","M","T","?","R"],"character_chosen":"IRONCLAD","items_purchased":[],"gold_per_floor":[113,113,38,38,51,89,89,104,104,118,118,82,82,101,101,232,232,256,256,274,274,274,274,318,342,365,365,365],"floor_reached":29,"campfire_rested":2,"playtime":989,"current_hp_per_floor":[78,74,71,71,71,22,43,49,49,45,31,31,31,37,37,24,59,40,40,26,26,26,53,27,8,8,8,16],"items_purged":["Parasite"],"gold":365,"score":374,"play_id":"3c48414a-894f-4c0d-a69b-debf07dc0c49","is_prod":false,"is_daily":false,"is_ascension_mode":true,"campfire_upgraded":2,"path_taken":["M","?","$","?","M","E","R","?","T","M","?","?","?","M","R","BOSS","M","?","M","?","?","R","E","M","T","?","R","?"],"build_version":"2018-02-12-PROD1","purchased_purges":1,"victory":false,"master_deck":["Strike_R","Strike_R","Strike_R","Strike_R+1","Defend_R+1","Defend_R+1","Defend_R","Defend_R+1","Bash","Exhume","Disarm","Body Slam+1","Demon Form","True Grit","True Grit+1","Metallicize","Sword Boomerang+1","True Grit+1","Flame Barrier+1","Writhe"],"max_hp_per_floor":[80,74,71,71,71,71,71,71,71,71,71,71,71,71,71,71,71,71,71,71,71,71,71,71,71,71,71,71],"relics":["Burning Blood","Golden Idol","Dodecahedron","Art of War","Eternal Feather","War Paint","Happy Flower","Letter Opener"],"card_choices":[{"not_picked":["Sever Soul","Armaments"],"picked":"Disarm"},{"not_picked":["True Grit","Shockwave"],"picked":"Body Slam"},{"not_picked":["Perfected Strike","Clothesline"],"picked":"Demon Form"},{"not_picked":["Havoc","Twin Strike"],"picked":"True Grit"},{"not_picked":["Headbutt","Rampage"],"picked":"True Grit"},{"not_picked":["True Grit","Cleave"],"picked":"Metallicize"},{"not_picked":["Warcry","Body Slam"],"picked":"Sword Boomerang"},{"not_picked":["Anger","Wild Strike"],"picked":"Flame Barrier"}],"player_experience":1209985,"potions_floor_usage":[6,20,29,29],"damage_taken":[{"damage":0,"enemies":"Cultist","floor":1,"turns":4},{"damage":4,"enemies":"2 Louse","floor":5,"turns":4},{"damage":55,"enemies":"3 Sentries","floor":6,"turns":14},{"damage":0,"enemies":"Small Slimes","floor":8,"turns":5},{"damage":10,"enemies":"3 Louse","floor":10,"turns":5},{"damage":0,"enemies":"Looter","floor":14,"turns":4},{"damage":19,"enemies":"The Guardian","floor":16,"turns":10},{"damage":25,"enemies":"Spheric Guardian","floor":18,"turns":6},{"damage":20,"enemies":"Chosen","floor":20,"turns":6},{"damage":32,"enemies":"Book of Stabbing","floor":24,"turns":9},{"damage":25,"enemies":"Centurion and Healer","floor":25,"turns":9},{"damage":18,"enemies":"Snake Plant","floor":29,"turns":4}],"event_choices":[{"event_name":"Golden Idol","player_choice":"Lose Max HP","floor":2,"damage_taken":0},{"event_name":"Living Wall","player_choice":"Forget","floor":4,"damage_taken":0},{"event_name":"Shining Light","player_choice":"Entered Light","floor":11,"damage_taken":0},{"event_name":"World of Goop","player_choice":"Left","floor":12,"damage_taken":0},{"event_name":"Upgrade Shrine","player_choice":"Upgraded","floor":13,"damage_taken":0},{"event_name":"Duplicator","player_choice":"One dupe","floor":19,"damage_taken":0},{"event_name":"Cursed Tome","player_choice":"Ignored","floor":21,"damage_taken":0},{"event_name":"Drug Dealer","player_choice":"Ignored","floor":22,"damage_taken":0},{"event_name":"The Mausoleum","player_choice":"Yes","floor":27,"damage_taken":0}],"boss_relics":[{"not_picked":["Calling Bell","Lizard Tail"],"picked":"Eternal Feather"}],"potions_floor_spawned":[1,10,14,18,25],"seed_played":"986553713043022402","killed_by":"Snake Plant","ascension_level":11,"is_trial":false}