{"path_per_floor":["M","$","M","?","?","R","M","R","T","?","M","R","M","?","R","B",null,"M","M","M","?","$","R","?","M","T","M","R","M","M","M","R","B",null,"M","?","M","$","M","R","M","R","T","M","R","M","?","?","R","B"],"character_chosen":"IRONCLAD","items_purchased":["Tiny Chest"],"gold_per_floor":[114,39,50,50,50,50,67,67,67,67,86,86,105,105,105,202,202,221,241,252,252,152,152,152,164,164,183,183,199,218,228,228,329,329,341,341,360,114,134,134,153,153,153,167,167,178,178,178,178,178],"floor_reached":51,"campfire_rested":3,"playtime":1725,"current_hp_per_floor":[68,68,67,52,52,52,52,52,52,77,77,77,77,77,77,31,66,72,53,22,22,22,45,29,35,35,41,64,70,74,62,62,24,64,70,70,76,76,77,77,77,77,77,77,77,77,67,67,77,12],"items_purged":["Parasite","Bash","Defend_R"],"gold":178,"score":813,"play_id":"11e36af0-c8e6-4b31-8c3e-1ec5883ffb01","is_prod":false,"is_daily":false,"is_ascension_mode":true,"campfire_upgraded":8,"path_taken":["M","$","M","?","?","R","M","R","T","?","M","R","?","?","R","BOSS","M","M","M","?","$","R","?","M","T","M","R","?","M","M","R","BOSS","M","?","M","$","M","R","M","R","T","M","R","M","?","?","R","BOSS"],"build_version":"2018-02-12-PROD1","purchased_purges":4,"victory":true,"master_deck":["Strike_R+1","Strike_R","Strike_R","Defend_R+1","Defend_R+1","Defend_R+1","Dual Wield+1","Perfected Strike+1","Perfected Strike+1","Shrug It Off+1","Perfected Strike+1","Shrug It Off+1","Pommel Strike+1","Seeing Red","Perfected Strike+1","Shrug It Off+1","Perfected Strike+1","Madness","Madness"],"max_hp_per_floor":[80,77,77,77,77,77,77,77,77,77,77,77,77,77,77,77,77,77,77,77,77,77,77,77,77,77,77,77,77,77,77,77,77,77,77,77,77,77,77,77,77,77,77,77,77,77,77,77,77,77],"relics":["Burning Blood","Thread and Needle","Sozu","Nilry\u0027s Codex","Ginger","Snecko Eye","Tiny Chest","Omamori"],"card_choices":[{"not_picked":["Iron Wave","Evolve"],"picked":"Perfected Strike"},{"not_picked":["Fire Breathing","Anger"],"picked":"Perfected Strike"},{"not_picked":["Flex","True Grit"],"picked":"Shrug It Off"},{"not_picked":["Feel No Pain","Havoc"],"picked":"Perfected Strike"},{"not_picked":["Body Slam","Wild Strike"],"picked":"Shrug It Off"},{"not_picked":["Iron Wave","Twin Strike"],"picked":"Pommel Strike"},{"not_picked":["Evolve","Searing Blow"],"picked":"Seeing Red"},{"not_picked":["Anger","Sentinel"],"picked":"Perfected Strike"},{"not_picked":["Sever Soul","Blood for Blood"],"picked":"Shrug It Off"},{"not_picked":["Havoc","Cleave"],"picked":"Perfected Strike"}],"player_experience":1210974,"potions_floor_usage":[16],"damage_taken":[{"damage":10,"enemies":"2 Louse","floor":1,"turns":3},{"damage":7,"enemies":"Jaw Worm","floor":3,"turns":3},{"damage":6,"enemies":"Small Slimes","floor":7,"turns":2},{"damage":0,"enemies":"Exordium Wildlife","floor":11,"turns":5},{"damage":0,"enemies":"Looter","floor":13,"turns":2},{"damage":52,"enemies":"Hexaghost","floor":16,"turns":9},{"damage":0,"enemies":"Chosen","floor":18,"turns":4},{"damage":25,"enemies":"3 Byrds","floor":19,"turns":6},{"damage":37,"enemies":"Cultist and Chosen","floor":20,"turns":8},{"damage":0,"enemies":"Centurion and Healer","floor":25,"turns":5},{"damage":0,"enemies":"Snake Plant","floor":27,"turns":2},{"damage":0,"enemies":"Snecko","floor":29,"turns":3},{"damage":2,"enemies":"Chosen and Byrds","floor":30,"turns":5},{"damage":18,"enemies":"Snake Plant","floor":31,"turns":3},{"damage":44,"enemies":"Automaton","floor":33,"turns":9},{"damage":0,"enemies":"3 Darklings","floor":35,"turns":5},{"damage":0,"enemies":"3 Shapes","floor":37,"turns":3},{"damage":0,"enemies":"Maw","floor":39,"turns":3},{"damage":4,"enemies":"Sphere and 2 Shapes","floor":41,"turns":3},{"damage":3,"enemies":"4 Shapes","floor":44,"turns":3},{"damage":0,"enemies":"3 Darklings","floor":46,"turns":3},{"damage":71,"enemies":"Time Eater","floor":50,"turns":7}],"event_choices":[{"event_name":"Shining Light","player_choice":"Entered Light","floor":4,"damage_taken":0},{"event_name":"Liars Game","player_choice":"disagreed","floor":5,"damage_taken":0},{"event_name":"Big Fish","player_choice":"Banana","floor":10,"damage_taken":0},{"event_name":"Upgrade Shrine","player_choice":"Upgraded","floor":14,"damage_taken":0},{"event_name":"Vampires","player_choice":"Ignored","floor":21,"damage_taken":0},{"event_name":"Cursed Tome","player_choice":"Obtained Book","floor":24,"damage_taken":0},{"event_name":"Tomb of Lord Red Mask","player_choice":"Ignored","floor":36,"damage_taken":0},{"event_name":"Winding Halls","player_choice":"Embrace Madness","floor":47,"damage_taken":0}],"boss_relics":[{"not_picked":["White Beast Statue","Calling Bell"],"picked":"Sozu"},{"not_picked":["Orrery","Black Star"],"picked":"Snecko Eye"}],"potions_floor_spawned":[3,11,13,18,25,27,33,37,44],"seed_played":"-6158367263193244237","ascension_level":11,"is_trial":false}