{"path_per_floor":["M","M","?","M","$","R","?","R","T","M","M","M","R","?","R","B",null,"M","?","?","M","M","R","E","R","T","$","M","M","R","M","R","B",null,"M","$","M","?","M","R","M","?","T","M","R","M","M","M","R","B"],"character_chosen":"IRONCLAD","items_purchased":["Body Slam","Shrug It Off","Lee\u0027s Waffle","Happy Flower","Metallicize"],"gold_per_floor":[216,235,235,251,76,76,76,76,76,89,107,118,118,118,118,220,250,260,260,440,452,469,469,498,498,521,86,98,114,114,124,124,221,221,235,33,48,48,63,63,78,78,159,177,177,194,209,227,227,227],"floor_reached":51,"campfire_rested":3,"playtime":2437,"current_hp_per_floor":[80,80,68,72,72,72,77,77,77,83,88,91,91,91,91,73,96,69,69,45,60,68,68,16,47,47,112,115,94,94,49,84,39,118,112,112,96,96,86,123,124,124,124,112,112,118,114,120,120,113],"items_purged":["Strike_R","Strike_R","Strike_R"],"gold":227,"score":590,"play_id":"b920927f-5105-4e9c-8d65-da2d0ed655d9","is_prod":false,"is_daily":false,"is_ascension_mode":false,"campfire_upgraded":8,"path_taken":["M","M","?","M","$","R","?","R","T","M","M","?","R","?","R","BOSS","M","?","?","M","M","R","E","R","T","$","M","M","R","M","R","BOSS","M","$","M","?","M","R","M","?","T","M","R","M","M","M","R","BOSS"],"build_version":"2018-02-22-PROD2","purchased_purges":3,"victory":true,"master_deck":["Strike_R","Strike_R","Defend_R","Defend_R","Defend_R+1","Defend_R","Bash","Ghostly Armor+1","Body Slam+1","Shrug It Off+1","Feed","Shrug It Off+1","Rampage+1","Double Tap+1","True Grit+1","True Grit+1","Seeing Red","Metallicize","Metallicize","Barricade+1","Impervious"],"max_hp_per_floor":[80,80,80,80,80,80,85,85,85,85,88,91,91,91,91,91,96,99,99,99,102,105,105,105,105,105,112,115,118,118,118,118,118,118,121,121,121,121,124,124,124,124,124,124,124,124,124,124,124,124],"relics":["Burning Blood","Bag of Marbles","Blue Candle","Tiny House","Lantern","Lee\u0027s Waffle","Happy Flower","Mark of Pain","Mummified Hand"],"card_choices":[{"not_picked":["Headbutt","Warcry"],"picked":"Ghostly Armor"},{"not_picked":["Dropkick","Cleave"],"picked":"Feed"},{"not_picked":["Rupture","Dropkick"],"picked":"Shrug It Off"},{"not_picked":["Second Wind","Heavy Blade"],"picked":"Rampage"},{"not_picked":["Immolate","Barricade"],"picked":"Double Tap"},{"not_picked":["Combust","Thunderclap"],"picked":"True Grit"},{"not_picked":["Warcry","Clothesline"],"picked":"True Grit"},{"not_picked":["Perfected Strike","Rupture"],"picked":"Seeing Red"},{"not_picked":["Armaments","Heavy Blade"],"picked":"Metallicize"},{"not_picked":["Wild Strike","Shockwave"],"picked":"Impervious"}],"player_experience":1412518,"potions_floor_usage":[24,24,24,35,35,44,47,50],"damage_taken":[{"damage":2.0,"enemies":"2 Louse","floor":1.0,"turns":3.0},{"damage":6.0,"enemies":"Jaw Worm","floor":2.0,"turns":4.0},{"damage":2.0,"enemies":"Small Slimes","floor":4.0,"turns":3.0},{"damage":0.0,"enemies":"Red Slaver","floor":10.0,"turns":4.0},{"damage":2.0,"enemies":"Blue Slaver","floor":11.0,"turns":5.0},{"damage":0.0,"enemies":"Lots of Slimes","floor":12.0,"turns":6.0},{"damage":24.0,"enemies":"The Guardian","floor":16.0,"turns":14.0},{"damage":36.0,"enemies":"Spheric Guardian","floor":18.0,"turns":12.0},{"damage":9.0,"enemies":"Shell Parasite","floor":21.0,"turns":11.0},{"damage":1.0,"enemies":"Centurion and Healer","floor":22.0,"turns":7.0},{"damage":58,"enemies":"Book of Stabbing","floor":24,"turns":8},{"damage":2,"enemies":"Slaver and Parasite","floor":28,"turns":8},{"damage":30,"enemies":"Cultist and Chosen","floor":29,"turns":10},{"damage":51,"enemies":"Chosen and Byrds","floor":31,"turns":11},{"damage":51,"enemies":"Automaton","floor":33,"turns":12},{"damage":15,"enemies":"3 Shapes","floor":35,"turns":8},{"damage":22,"enemies":"3 Darklings","floor":37,"turns":9},{"damage":19,"enemies":"Sphere and 2 Shapes","floor":39,"turns":10},{"damage":4,"enemies":"4 Shapes","floor":41,"turns":11},{"damage":18,"enemies":"3 Darklings","floor":44,"turns":8},{"damage":0,"enemies":"Maw","floor":46,"turns":8},{"damage":10,"enemies":"Sphere and 2 Shapes","floor":47,"turns":9},{"damage":0,"enemies":"3 Darklings","floor":48,"turns":10},{"damage":13,"enemies":"Time Eater","floor":50,"turns":17}],"event_choices":[{"event_name":"Scrap Ooze","player_choice":"success","floor":3.0,"damage_taken":12.0},{"event_name":"Big Fish","player_choice":"Donut","floor":7.0,"damage_taken":0.0},{"event_name":"Wheel of Change","player_choice":"Full Heal","floor":14.0,"damage_taken":0.0},{"event_name":"N\u0027loth","player_choice":"Ignored","floor":19.0,"damage_taken":0.0},{"event_name":"Knowing Skull","player_choice":"GOLD GOLD ","floor":20.0,"damage_taken":0.0},{"event_name":"Mysterious Sphere","player_choice":"Ignore","floor":38,"damage_taken":0},{"event_name":"Match and Keep!","player_choice":"1 cards matched","floor":42,"damage_taken":0}],"boss_relics":[{"not_picked":["Philosopher\u0027s Stone","Lizard Tail"],"picked":"Mark of Pain"}],"potions_floor_spawned":[4,11,18,21,28,31,39,41,44],"seed_played":"-4700168520388634427","ascension_level":0,"is_trial":false}