{"path_per_floor":["M","$","?","?","?","R","M","R","T","M","R","$","E","$","R","B",null,"M","M","?","M","$","R","M","E","T","M","R","M","R","M","R","B",null,"M","M","M","?","M","R","$","?","T","$","R","?","$","M","R","B"],"character_chosen":"IRONCLAD","items_purchased":["True Grit","Lantern","Seeing Red"],"gold_per_floor":[16,16,16,16,191,191,204,204,204,219,219,120,155,55,55,183,183,196,210,210,230,105,105,130,165,217,238,238,262,262,285,285,416,416,436,460,475,808,819,819,454,454,478,303,303,356,156,171,171,171],"floor_reached":51,"campfire_rested":0,"playtime":1773,"current_hp_per_floor":[96,96,96,72,72,72,78,78,78,84,84,84,72,72,72,43,96,96,96,96,74,74,74,68,71,71,77,77,83,83,89,89,94,96,96,96,96,96,96,96,96,96,96,96,96,96,96,96,96,96],"items_purged":["Doubt","Strike_R","Strike_R","Strike_R","Strike_R","Defend_R"],"gold":171,"score":565,"play_id":"8e889bb9-fd74-4d7a-a518-56833c534141","is_prod":false,"is_daily":false,"is_ascension_mode":false,"campfire_upgraded":11,"path_taken":["M","$","?","?","?","R","?","R","T","M","R","$","E","?","R","BOSS","M","M","?","M","?","R","M","E","T","M","R","M","R","?","R","BOSS","M","M","M","?","M","R","$","?","T","$","R","?","$","M","R","BOSS"],"build_version":"2018-02-15-PROD1","purchased_purges":6,"victory":true,"master_deck":["Defend_R+1","Defend_R","Defend_R+1","Bash+1","Whirlwind+1","Shrug It Off+1","True Grit+1","Offering+1","Flame Barrier+1","Disarm+1","Battle Trance+1","Flex+1","Seeing Red+1","Flame Barrier+1","Metallicize+1","Seeing Red+1","Flex+1"],"max_hp_per_floor":[96,96,96,96,96,96,96,96,96,96,96,96,96,96,96,96,96,96,96,96,96,96,96,96,96,96,96,96,96,96,96,96,96,96,96,96,96,96,96,96,96,96,96,96,96,96,96,96,96,96],"relics":["Black Blood","Ice Cream","Oddly Smooth Stone","Bag of Preparation","Vajra","Mark of Pain","Lantern","Art of War","Torii"],"card_choices":[{"not_picked":["Flex","Thunderclap"],"picked":"Whirlwind"},{"not_picked":["Twin Strike","Pommel Strike"],"picked":"Shrug It Off"},{"not_picked":["Reaper","Impervious"],"picked":"Offering"},{"not_picked":["Warcry","Spot Weakness"],"picked":"Flame Barrier"},{"not_picked":["Shockwave","Burning Pact"],"picked":"Disarm"},{"not_picked":["Twin Strike","Intimidate"],"picked":"Battle Trance"},{"not_picked":["Anger","Pommel Strike"],"picked":"Flex"},{"not_picked":["Whirlwind","Ghostly Armor"],"picked":"Seeing Red"},{"not_picked":["Shockwave","Searing Blow"],"picked":"Flame Barrier"},{"not_picked":["Second Wind","Burning Pact"],"picked":"Metallicize"},{"not_picked":["Juggernaut","Perfected Strike"],"picked":"Flex"}],"player_experience":1293548,"potions_floor_usage":[27,46,46,50],"damage_taken":[{"damage":0,"enemies":"Small Slimes","floor":1,"turns":3},{"damage":0,"enemies":"Cultist","floor":7,"turns":2},{"damage":0,"enemies":"2 Louse","floor":10,"turns":1},{"damage":18,"enemies":"Lagavulin","floor":13,"turns":7},{"damage":35,"enemies":"Slime Boss","floor":16,"turns":6},{"damage":4,"enemies":"2 Thieves","floor":18,"turns":2},{"damage":4,"enemies":"Shell Parasite","floor":19,"turns":6},{"damage":32,"enemies":"Snake Plant","floor":21,"turns":7},{"damage":16,"enemies":"Sentry and Sphere","floor":24,"turns":12},{"damage":7,"enemies":"Gremlin Leader","floor":25,"turns":8},{"damage":4,"enemies":"Slaver and Parasite","floor":27,"turns":3},{"damage":4,"enemies":"Snake Plant","floor":29,"turns":2},{"damage":4,"enemies":"Sentry and Sphere","floor":31,"turns":1},{"damage":5,"enemies":"Champ","floor":33,"turns":17},{"damage":4,"enemies":"Orb Walker","floor":35,"turns":6},{"damage":10,"enemies":"3 Shapes","floor":36,"turns":5},{"damage":4,"enemies":"3 Darklings","floor":37,"turns":1},{"damage":9,"enemies":"Sphere and 2 Shapes","floor":39,"turns":7},{"damage":8,"enemies":"Mysterious Sphere","floor":46,"turns":1},{"damage":4,"enemies":"Maw","floor":48,"turns":6},{"damage":4,"enemies":"Time Eater","floor":50,"turns":6}],"event_choices":[{"event_name":"Accursed Blacksmith","player_choice":"Forge","floor":3,"damage_taken":0},{"event_name":"Golden Idol","player_choice":"Take Damage","floor":4,"damage_taken":0},{"event_name":"Liars Game","player_choice":"agreed","floor":5,"damage_taken":0},{"event_name":"Back to Basics","player_choice":"Elegance","floor":20,"damage_taken":0},{"event_name":"The Moai Head","player_choice":"Gave Idol","floor":38,"damage_taken":0},{"event_name":"Tomb of Lord Red Mask","player_choice":"Ignored","floor":42,"damage_taken":0},{"event_name":"Mysterious Sphere","player_choice":"Fight","floor":46,"damage_taken":0}],"boss_relics":[{"not_picked":["Runic Cube","Eternal Feather"],"picked":"Black Blood"},{"not_picked":["Question Card","Runic Dome"],"picked":"Mark of Pain"}],"potions_floor_spawned":[7,10,13,19,21,31,39,46,48],"seed_played":"1312800763697690306","ascension_level":0,"is_trial":false}