{"path_per_floor":["M","$","?","?","?","R","E","$","T","M","R","M","?","T","R","B",null,"M","$","?","M","?","R","?","R","T","E","R","M","R","M","R","B",null,"M","M","M","$","M","R","?","R","T","?","$"],"character_chosen":"IRONCLAD","items_purchased":["Body Slam"],"gold_per_floor":[112,37,112,112,112,112,139,16,16,27,27,40,40,63,63,164,164,176,51,51,71,71,71,71,71,97,129,129,145,145,159,159,256,256,273,290,307,157,168,168,168,168,193,193,18],"floor_reached":46,"campfire_rested":2,"playtime":1986,"current_hp_per_floor":[80,80,69,62,46,46,52,52,52,58,58,61,61,61,61,36,82,84,84,84,86,69,69,69,69,69,72,72,70,91,93,93,31,95,95,86,97,97,95,95,95,99,99,99,99],"items_purged":["Strike_R","Strike_R","Strike_R","Clash","Strike_R"],"gold":18,"score":432,"play_id":"478cf050-607c-4131-8948-40a5b7f688df","is_prod":false,"is_daily":false,"is_ascension_mode":false,"campfire_upgraded":8,"path_taken":["M","$","?","?","?","R","E","$","T","?","R","?","?","?","R","BOSS","M","$","?","?","?","R","?","R","T","E","R","?","R","M","R","BOSS","M","M","M","$","M","R","?","R","T","?","$","E"],"build_version":"2018-02-22-PROD2","purchased_purges":5,"victory":false,"master_deck":["Defend_R+1","Defend_R+1","Defend_R+1","Defend_R+1","Bash+1","Body Slam+1","Twin Strike+1","Inflame+1","Ghostly Armor+1","Cleave+1","Flame Barrier+1","Shrug It Off+1","Iron Wave+1","Body Slam+1"],"max_hp_per_floor":[80,80,80,80,80,80,80,80,80,80,80,80,80,80,80,82,82,84,84,84,86,91,91,91,91,91,91,91,91,91,93,93,95,95,95,95,97,97,99,99,99,99,99,99,99],"relics":["Black Blood","NeowsBlessing","Bag of Preparation","Singing Bowl","Oddly Smooth Stone","War Paint","Whetstone","Mark of Pain","Dream Catcher"],"card_choices":[{"not_picked":["Dropkick","Reckless Charge"],"picked":"Clash"},{"not_picked":["Hemokinesis","Perfected Strike"],"picked":"Twin Strike"},{"not_picked":["Disarm","Havoc"],"picked":"Inflame"},{"not_picked":["Armaments","Havoc"],"picked":"Cleave"},{"not_picked":["Sentinel","Pommel Strike"],"picked":"Flame Barrier"},{"not_picked":["Headbutt","Reckless Charge"],"picked":"Shrug It Off"},{"not_picked":["Headbutt","Anger"],"picked":"Iron Wave"}],"player_experience":1339211,"potions_floor_usage":[27,27,33,36],"damage_taken":[{"damage":0,"enemies":"2 Louse","floor":1,"turns":1},{"damage":0,"enemies":"Gremlin Nob","floor":7,"turns":1},{"damage":0,"enemies":"Small Slimes","floor":10,"turns":1},{"damage":3,"enemies":"Jaw Worm","floor":12,"turns":2},{"damage":33,"enemies":"Hexaghost","floor":16,"turns":7},{"damage":4,"enemies":"Shell Parasite","floor":18,"turns":5},{"damage":1,"enemies":"Chosen","floor":21,"turns":4},{"damage":7,"enemies":"Slavers","floor":27,"turns":7},{"damage":12,"enemies":"Snake Plant","floor":29,"turns":3},{"damage":0,"enemies":"Chosen and Byrds","floor":31,"turns":4},{"damage":74,"enemies":"Automaton","floor":33,"turns":12},{"damage":9,"enemies":"3 Shapes","floor":35,"turns":6},{"damage":19,"enemies":"3 Darklings","floor":36,"turns":9},{"damage":0,"enemies":"4 Shapes","floor":37,"turns":7},{"damage":14,"enemies":"Maw","floor":39,"turns":9},{"damage":103,"enemies":"2 Orb Walkers","floor":46,"turns":6}],"event_choices":[{"event_name":"World of Goop","player_choice":"Gather Gold","floor":3,"damage_taken":0},{"event_name":"Golden Wing","player_choice":"Card Removal","floor":4,"damage_taken":0},{"event_name":"Shining Light","player_choice":"Entered Light","floor":5,"damage_taken":0},{"event_name":"Living Wall","player_choice":"Grow","floor":13,"damage_taken":0},{"event_name":"The Library","player_choice":"Read","floor":20,"damage_taken":0},{"event_name":"Forgotten Altar","player_choice":"Shed Blood","floor":22,"damage_taken":0},{"event_name":"Drug Dealer","player_choice":"Ignored","floor":24,"damage_taken":0},{"event_name":"Duplicator","player_choice":"One dupe","floor":41,"damage_taken":0},{"event_name":"Mysterious Sphere","player_choice":"Ignore","floor":44,"damage_taken":0}],"boss_relics":[{"not_picked":["Pandora\u0027s Box","Tiny House"],"picked":"Black Blood"},{"not_picked":["Calling Bell","Runic Pyramid"],"picked":"Mark of Pain"}],"potions_floor_spawned":[7,12,16,18,29,36],"seed_played":"-3576131171640012881","killed_by":"2 Orb Walkers","ascension_level":0,"is_trial":false}