{"path_per_floor":["M","$","M","?","M","R","?","R","T","M","M","R","M","M","R","B",null,"M","M","$","?","?","R","E","R","T","M","R","?","R","E","R","B",null,"M","M","M","?","M","R","M","?","T","?","T","$","R","E","R","B"],"character_chosen":"IRONCLAD","items_purchased":["Battle Trance","Pen Nib","Secret Technique"],"gold_per_floor":[115,40,51,51,63,63,63,63,115,133,152,152,171,185,185,286,286,302,319,183,183,183,183,208,208,208,223,223,148,148,182,182,287,287,302,316,329,329,339,339,356,356,383,383,383,5,5,36,36,36],"floor_reached":51,"campfire_rested":1,"playtime":1868,"current_hp_per_floor":[80,80,82,75,80,80,80,80,80,83,84,84,84,84,84,12,86,80,88,88,71,55,55,45,45,45,51,51,51,51,58,86,49,95,97,99,101,101,103,103,103,90,97,97,97,97,97,105,105,96],"items_purged":["Strike_R","Bash","Rampage"],"gold":36,"score":655,"play_id":"626da48c-878d-42e5-8943-3e0b37b7c83a","is_prod":false,"is_daily":false,"is_ascension_mode":false,"campfire_upgraded":11,"path_taken":["M","$","M","?","?","R","?","R","T","M","M","R","M","M","R","BOSS","M","M","$","?","?","R","E","R","T","?","R","?","R","E","R","BOSS","M","M","?","?","M","R","M","?","T","?","?","$","R","E","R","BOSS"],"build_version":"2018-02-22-PROD2","purchased_purges":3,"victory":true,"master_deck":["Defend_R+1","Defend_R","Body Slam+1","Iron Wave+1","Shrug It Off+1","Shrug It Off+1","Inflame+1","Rage+1","Uppercut+1","Shrug It Off+1","Battle Trance+1","Body Slam+1","Seeing Red+1","Limit Break+1","Seeing Red+1","Madness","Madness","Secret Technique"],"max_hp_per_floor":[80,80,82,82,84,84,84,84,84,84,84,84,84,84,84,86,86,86,88,88,93,93,93,93,93,93,93,93,93,93,95,95,95,95,97,99,101,101,103,103,103,103,110,110,110,110,110,112,112,112],"relics":["Burning Blood","Singing Bowl","Vajra","Omamori","Astrolabe","Necronomicon","Smiling Mask","Champion Belt","Mummified Hand","Lizard Tail","Strawberry","Bird Faced Urn","Pen Nib","Blue Candle"],"card_choices":[{"not_picked":["Cleave","Wild Strike"],"picked":"Body Slam"},{"not_picked":["Thunderclap","Combust"],"picked":"Iron Wave"},{"not_picked":["Corruption","Havoc"],"picked":"Seeing Red"},{"not_picked":["Perfected Strike","Armaments"],"picked":"Shrug It Off"},{"not_picked":["Flame Barrier","Corruption"],"picked":"Shrug It Off"},{"not_picked":["Armaments","Searing Blow"],"picked":"Shrug It Off"},{"not_picked":["Perfected Strike","Seeing Red"],"picked":"Body Slam"},{"not_picked":["Carnage","Anger"],"picked":"Seeing Red"},{"not_picked":["Juggernaut","Bludgeon"],"picked":"Limit Break"},{"not_picked":["Spot Weakness","Rage"],"picked":"Seeing Red"}],"player_experience":1319968,"potions_floor_usage":[31,35,48,50],"damage_taken":[{"damage":6.0,"enemies":"Jaw Worm","floor":1.0,"turns":5.0},{"damage":0.0,"enemies":"Small Slimes","floor":3.0,"turns":4.0},{"damage":3.0,"enemies":"2 Louse","floor":5.0,"turns":4.0},{"damage":3.0,"enemies":"Lots of Slimes","floor":10.0,"turns":4.0},{"damage":0.0,"enemies":"2 Fungi Beasts","floor":11.0,"turns":3.0},{"damage":6.0,"enemies":"Large Slime","floor":13.0,"turns":8.0},{"damage":0.0,"enemies":"Blue Slaver","floor":14.0,"turns":3.0},{"damage":95.0,"enemies":"Slime Boss","floor":16.0,"turns":26.0},{"damage":12,"enemies":"2 Thieves","floor":18,"turns":3},{"damage":0,"enemies":"Chosen","floor":19,"turns":5},{"damage":16,"enemies":"Gremlin Leader","floor":24,"turns":9},{"damage":0,"enemies":"Centurion and Healer","floor":27,"turns":4},{"damage":1,"enemies":"Book of Stabbing","floor":31,"turns":4},{"damage":43,"enemies":"Champ","floor":33,"turns":8},{"damage":3,"enemies":"Orb Walker","floor":35,"turns":3},{"damage":0,"enemies":"3 Darklings","floor":36,"turns":4},{"damage":0,"enemies":"Maw","floor":37,"turns":6},{"damage":5,"enemies":"4 Shapes","floor":39,"turns":4},{"damage":0,"enemies":"Sphere and 2 Shapes","floor":41,"turns":4},{"damage":0,"enemies":"2 Orb Walkers","floor":48,"turns":3},{"damage":17,"enemies":"Donu and Deca","floor":50,"turns":7}],"event_choices":[{"event_name":"Golden Wing","player_choice":"Card Removal","floor":4.0,"damage_taken":0.0},{"event_name":"Dead Adventurer","player_choice":"Searched \u00272\u0027 times","floor":7.0,"damage_taken":0.0},{"event_name":"Forgotten Altar","player_choice":"Shed Blood","floor":21,"damage_taken":0},{"event_name":"Cursed Tome","player_choice":"Obtained Book","floor":22,"damage_taken":0},{"event_name":"Beggar","player_choice":"Gave Gold","floor":29,"damage_taken":0},{"event_name":"Winding Halls","player_choice":"Embrace Madness","floor":42,"damage_taken":0},{"event_name":"Transmorgrifier","player_choice":"Transform","floor":44,"damage_taken":0}],"boss_relics":[{"not_picked":["Eternal Feather","Black Star"],"picked":"Astrolabe"},{"not_picked":["Runic Pyramid","Calling Bell"],"picked":"Lizard Tail"}],"potions_floor_spawned":[3,13,16,24,27,31,33,37,39,48],"seed_played":"6569308917480602351","ascension_level":0,"is_trial":false}