{"path_per_floor":["M","M","?","M","$","T","R","M","T","R","E","R","M","M","R","B",null,"M","M","$","?","M","R","M","R","T","M","?","M","R","M","R","B",null,"M","M","M","M","?","R","M","R","T","M","$","M","M","$","R","B"],"character_chosen":"IRONCLAD","items_purchased":["Thread and Needle","Dexterity Potion"],"gold_per_floor":[114,133,133,144,69,69,69,88,88,88,117,117,127,143,143,247,247,258,270,170,170,187,187,201,201,201,214,139,153,153,169,169,274,274,290,308,325,337,337,337,349,349,349,362,262,273,287,8,8,8],"floor_reached":51,"campfire_rested":1,"playtime":3196,"current_hp_per_floor":[72,72,54,60,60,60,60,66,66,66,63,63,73,81,81,40,84,90,92,92,92,88,88,93,93,93,94,94,102,102,97,97,43,114,117,122,128,134,117,117,116,116,118,118,118,120,115,115,151,139],"items_purged":["Strike_R","Bash","Defend_R"],"gold":8,"score":557,"play_id":"4bddea65-b8a3-49b1-9142-3a3cf056ca5e","is_prod":false,"is_daily":false,"is_ascension_mode":false,"campfire_upgraded":1,"path_taken":["M","M","?","?","$","?","R","?","T","R","E","R","M","?","R","BOSS","M","M","$","?","M","R","M","R","T","M","?","M","R","?","R","BOSS","M","M","M","?","?","R","M","R","T","M","$","M","M","$","R","BOSS"],"build_version":"2018-02-22-PROD2","purchased_purges":3,"victory":true,"master_deck":["Defend_R","Defend_R","Flame Barrier","Whirlwind","Headbutt","Shrug It Off","Feed","Limit Break+1","Brutality+1","Juggernaut+1","Armaments+1","Metallicize","Battle Trance","Ghostly Armor","Shrug It Off","Injury","Madness","Madness"],"max_hp_per_floor":[72,72,72,72,72,72,72,72,72,72,77,77,82,84,84,84,84,90,96,96,96,96,96,100,100,100,100,100,106,106,112,112,114,114,120,122,128,134,134,134,139,139,141,143,143,145,151,151,151,151],"relics":["Burning Blood","Shovel","Gambling Chip","Singing Bowl","Girya","Toolbox","Omamori","Orichalcum","Happy Flower","Astrolabe","Du-Vu Doll","Calling Bell","The Courier","Magic Flower","Bag of Marbles","Ancient Tea Set","Prayer Wheel","Vajra","Thread and Needle"],"card_choices":[{"not_picked":["Flex","Disarm"],"picked":"Whirlwind"},{"not_picked":["Feel No Pain","Anger"],"picked":"Headbutt"},{"not_picked":["True Grit","Carnage"],"picked":"Shrug It Off"},{"not_picked":["Pommel Strike","Reckless Charge"],"picked":"Feed"},{"not_picked":["Dark Embrace","Brutality"],"picked":"Limit Break"},{"not_picked":["Sword Boomerang","Clash"],"picked":"Battle Trance"},{"not_picked":["Cleave","Sever Soul"],"picked":"Ghostly Armor"},{"not_picked":["Thunderclap","Anger"],"picked":"Shrug It Off"}],"player_experience":1393339,"potions_floor_usage":[22,31,31,35,41,46,50,50,50],"damage_taken":[{"damage":2,"enemies":"Small Slimes","floor":1,"turns":4},{"damage":0,"enemies":"2 Louse","floor":2,"turns":2},{"damage":0,"enemies":"Cultist","floor":4,"turns":4},{"damage":0,"enemies":"Red Slaver","floor":8,"turns":6},{"damage":14,"enemies":"Lagavulin","floor":11,"turns":9},{"damage":1,"enemies":"Gremlin Gang","floor":13,"turns":3},{"damage":0,"enemies":"Lots of Slimes","floor":14,"turns":1},{"damage":47,"enemies":"Hexaghost","floor":16,"turns":15},{"damage":4,"enemies":"3 Byrds","floor":18,"turns":5},{"damage":10,"enemies":"Shell Parasite","floor":19,"turns":11},{"damage":10,"enemies":"Snake Plant","floor":22,"turns":5},{"damage":5,"enemies":"Centurion and Healer","floor":24,"turns":8},{"damage":5,"enemies":"Snecko","floor":27,"turns":5},{"damage":4,"enemies":"Snake Plant","floor":29,"turns":5},{"damage":17,"enemies":"Cultist and Chosen","floor":31,"turns":5},{"damage":62,"enemies":"Collector","floor":33,"turns":9},{"damage":14,"enemies":"Orb Walker","floor":35,"turns":8},{"damage":5,"enemies":"3 Darklings","floor":36,"turns":4},{"damage":9,"enemies":"Maw","floor":37,"turns":5},{"damage":7,"enemies":"4 Shapes","floor":38,"turns":10},{"damage":17,"enemies":"Sphere and 2 Shapes","floor":41,"turns":10},{"damage":11,"enemies":"3 Darklings","floor":44,"turns":3},{"damage":9,"enemies":"Maw","floor":46,"turns":7},{"damage":22,"enemies":"Sphere and 2 Shapes","floor":47,"turns":4},{"damage":21,"enemies":"Donu and Deca","floor":50,"turns":6}],"event_choices":[{"event_name":"Scrap Ooze","player_choice":"success","floor":3,"damage_taken":18},{"event_name":"The Library","player_choice":"Read","floor":21,"damage_taken":0},{"event_name":"Beggar","player_choice":"Gave Gold","floor":28,"damage_taken":0},{"event_name":"Winding Halls","player_choice":"Embrace Madness","floor":39,"damage_taken":0}],"boss_relics":[{"not_picked":["Runic Dome","Pandora\u0027s Box"],"picked":"Astrolabe"},{"not_picked":["Orrery","Lizard Tail"],"picked":"Calling Bell"}],"potions_floor_spawned":[4,11,13,16,18,27,33,38,41,47],"seed_played":"-267053866011343832","ascension_level":0,"is_trial":false}