{"path_per_floor":["M","M","M","M","?","E","R","M","T","R","$","M","T","E","R","B",null,"M","M","$","?","M","R","E","R","T","?","?","M","R","M","R","B",null,"M","M","?","M","?","R","M","R","T","?","T","M","M","M","R","B"],"character_chosen":"IRONCLAD","items_purchased":["Battle Trance"],"gold_per_floor":[117,129,139,152,152,177,177,190,190,190,115,127,127,157,157,262,262,274,288,110,110,121,121,156,156,156,156,156,168,168,180,180,276,276,291,307,307,318,318,318,334,334,405,405,405,423,436,455,455,455],"floor_reached":51,"campfire_rested":2,"playtime":2166,"current_hp_per_floor":[80,80,80,80,64,60,60,64,64,64,64,63,63,55,55,49,80,80,80,80,80,80,80,74,74,74,59,59,63,63,69,69,69,85,85,85,85,60,60,60,67,85,85,85,85,83,71,73,85,45],"items_purged":["Strike_R","Bash"],"gold":455,"score":531,"play_id":"9d218d58-b3eb-4dfe-940f-434010a2f67f","is_prod":false,"is_daily":false,"is_ascension_mode":false,"campfire_upgraded":8,"path_taken":["M","M","M","M","?","E","R","M","T","R","$","?","?","E","R","BOSS","M","M","$","?","M","R","E","R","T","?","?","M","R","?","R","BOSS","M","M","?","M","?","R","M","R","T","?","?","M","M","M","R","BOSS"],"build_version":"2018-02-15-PROD1","purchased_purges":2,"victory":true,"master_deck":["Strike_R+1","Defend_R","Defend_R","Defend_R+1","Defend_R","Rampage+1","Uppercut+1","Flame Barrier+1","Metallicize+1","Shrug It Off+1","Metallicize+1","Combust+1","Impervious+1","Iron Wave+1","Battle Trance+1","Double Tap+1","Shrug It Off+1","Ghostly Armor+1","Evolve+1"],"max_hp_per_floor":[80,80,80,80,80,80,80,80,80,80,80,80,80,80,80,80,80,80,80,80,80,80,80,80,80,80,85,85,85,85,85,85,85,85,85,85,85,85,85,85,85,85,85,85,85,85,85,85,85,85],"relics":["Burning Blood","Vajra","Darkstone Periapt","Anchor","Champion Belt","Frozen Eye","Astrolabe","Lantern","Art of War","Blood Vial","Mark of Pain","Molten Egg 2","Omamori"],"card_choices":[{"not_picked":["Thunderclap","Blood for Blood"],"picked":"Rampage"},{"not_picked":["Clothesline","Flex"],"picked":"Uppercut"},{"not_picked":["Pommel Strike","Heavy Blade"],"picked":"Flame Barrier"},{"not_picked":["Corruption","Combust"],"picked":"Metallicize"},{"not_picked":["Wild Strike","Sword Boomerang"],"picked":"Shrug It Off"},{"not_picked":["Brutality","Iron Wave"],"picked":"Metallicize"},{"not_picked":["Pommel Strike","Infernal Blade"],"picked":"Iron Wave"},{"not_picked":["Impervious","Immolate"],"picked":"Double Tap"},{"not_picked":["Sword Boomerang","Cleave"],"picked":"Ghostly Armor"},{"not_picked":["Clothesline","Blood for Blood"],"picked":"Evolve"}],"player_experience":1291382,"potions_floor_usage":[6,24,29,50,50,50],"damage_taken":[{"damage":1,"enemies":"Jaw Worm","floor":1,"turns":4},{"damage":2,"enemies":"2 Louse","floor":2,"turns":3},{"damage":1,"enemies":"Cultist","floor":3,"turns":4},{"damage":2,"enemies":"Exordium Thugs","floor":4,"turns":4},{"damage":10,"enemies":"3 Sentries","floor":6,"turns":8},{"damage":2,"enemies":"3 Louse","floor":8,"turns":4},{"damage":7,"enemies":"Large Slime","floor":12,"turns":5},{"damage":14,"enemies":"Gremlin Nob","floor":14,"turns":4},{"damage":12,"enemies":"Hexaghost","floor":16,"turns":10},{"damage":3,"enemies":"Shell Parasite","floor":18,"turns":5},{"damage":0,"enemies":"Chosen","floor":19,"turns":6},{"damage":5,"enemies":"Centurion and Healer","floor":22,"turns":7},{"damage":12,"enemies":"Slavers","floor":24,"turns":6},{"damage":4,"enemies":"Chosen and Byrds","floor":29,"turns":8},{"damage":2,"enemies":"Snecko","floor":31,"turns":4},{"damage":8,"enemies":"Champ","floor":33,"turns":9},{"damage":5,"enemies":"Orb Walker","floor":35,"turns":5},{"damage":6,"enemies":"3 Darklings","floor":36,"turns":11},{"damage":31,"enemies":"Sphere and 2 Shapes","floor":38,"turns":9},{"damage":1,"enemies":"4 Shapes","floor":41,"turns":10},{"damage":8,"enemies":"3 Darklings","floor":46,"turns":5},{"damage":20,"enemies":"Sphere and 2 Shapes","floor":47,"turns":8},{"damage":6,"enemies":"4 Shapes","floor":48,"turns":8},{"damage":46,"enemies":"Donu and Deca","floor":50,"turns":11}],"event_choices":[{"event_name":"Shining Light","player_choice":"Entered Light","floor":5,"damage_taken":0},{"event_name":"Vampires","player_choice":"Ignored","floor":21,"damage_taken":0},{"event_name":"Forgotten Altar","player_choice":"Shed Blood","floor":27,"damage_taken":0},{"event_name":"The Mausoleum","player_choice":"Yes","floor":28,"damage_taken":0},{"event_name":"Duplicator","player_choice":"One dupe","floor":39,"damage_taken":0},{"event_name":"Mysterious Sphere","player_choice":"Ignore","floor":44,"damage_taken":0}],"boss_relics":[{"not_picked":["Eternal Feather","Runic Pyramid"],"picked":"Astrolabe"},{"not_picked":["Black Star","Orrery"],"picked":"Mark of Pain"}],"potions_floor_spawned":[1,4,8,12,18,19,29,31,33,35,41,48],"seed_played":"-6253639502985856651","ascension_level":0,"is_trial":false}