{"path_per_floor":["M","M","?","M","$","R","M","R","T","R","M","T","R","M","R","B",null,"M","?","?","M","?","R","E","M","T","T","R","E","M","?","R","B",null,"M","$","?","?","M","R","E","T","T","R","M","R","M","M","R","B"],"character_chosen":"IRONCLAD","items_purchased":["Flame Barrier","Flash of Steel","Flash of Steel","Bag of Preparation","Flame Barrier"],"gold_per_floor":[113,129,304,321,104,104,124,124,174,174,184,184,184,200,200,295,295,306,306,306,319,319,319,346,357,357,402,402,432,443,443,443,544,544,554,132,132,482,492,492,553,577,600,600,612,612,628,648,648,648],"floor_reached":51,"campfire_rested":0,"playtime":1605,"current_hp_per_floor":[73,79,79,74,74,74,80,80,80,80,80,80,80,84,84,36,84,84,84,84,86,70,70,26,35,35,42,42,50,62,95,95,36,103,103,103,90,102,107,107,94,94,94,94,101,101,107,111,111,94],"items_purged":["Doubt","Bash"],"gold":648,"score":630,"play_id":"8714315e-af97-4144-82ff-efe2eacb7739","is_prod":false,"is_daily":false,"is_ascension_mode":false,"campfire_upgraded":9,"path_taken":["M","?","?","M","$","R","M","R","T","R","M","?","R","M","R","BOSS","M","?","?","M","?","R","E","M","T","?","R","E","?","?","R","BOSS","M","$","?","?","?","R","E","?","T","R","M","R","M","M","R","BOSS"],"build_version":"2018-02-22-PROD2","purchased_purges":3,"victory":true,"master_deck":["Strike_R+1","Strike_R+1","Strike_R+1","Strike_R+1","Strike_R+1","Defend_R+1","Defend_R+1","Defend_R+1","Defend_R+1","Inflame+1","Cleave+1","Seeing Red+1","Flame Barrier+1","Flash of Steel","Limit Break+1","Flex+1","Shrug It Off+1","Flash of Steel","Flame Barrier+1","Madness+1","Madness","Offering+1","Thunderclap+1"],"max_hp_per_floor":[80,80,80,80,80,80,80,80,80,80,82,82,82,84,84,84,84,84,84,84,86,86,86,88,90,90,97,97,99,101,101,101,103,103,103,103,103,105,107,107,107,107,107,107,109,109,109,111,111,111],"relics":["Black Blood","Art of War","Singing Bowl","Happy Flower","Enchiridion","Girya","Champion Belt","Strawberry","Pantograph","Sozu","Bag of Preparation","Old Coin","Tiny Chest","Bag of Marbles","Lantern"],"card_choices":[{"not_picked":["True Grit","Armaments"],"picked":"Inflame"},{"not_picked":["Body Slam","Combust"],"picked":"Cleave"},{"not_picked":["Wild Strike","Anger"],"picked":"Seeing Red"},{"not_picked":["Feed","Fiend Fire"],"picked":"Limit Break"},{"not_picked":["Warcry","Fire Breathing"],"picked":"Flex"},{"not_picked":["Pummel","Uppercut"],"picked":"Shrug It Off"},{"not_picked":["Reckless Charge","Entrench"],"picked":"Offering"},{"not_picked":["Twin Strike","Warcry"],"picked":"Thunderclap"}],"player_experience":1385191,"potions_floor_usage":[14,16,29,50],"damage_taken":[{"damage":13,"enemies":"Cultist","floor":1,"turns":5},{"damage":0,"enemies":"Small Slimes","floor":2,"turns":3},{"damage":11,"enemies":"Jaw Worm","floor":4,"turns":3},{"damage":0,"enemies":"3 Louse","floor":7,"turns":2},{"damage":8,"enemies":"Lots of Slimes","floor":11,"turns":3},{"damage":1,"enemies":"Exordium Wildlife","floor":14,"turns":3},{"damage":54,"enemies":"Hexaghost","floor":16,"turns":12},{"damage":7,"enemies":"3 Byrds","floor":18,"turns":5},{"damage":8,"enemies":"Spheric Guardian","floor":21,"turns":4},{"damage":56,"enemies":"Gremlin Leader","floor":24,"turns":7},{"damage":3,"enemies":"Snake Plant","floor":25,"turns":3},{"damage":4,"enemies":"Book of Stabbing","floor":29,"turns":3},{"damage":0,"enemies":"Cultist and Chosen","floor":30,"turns":3},{"damage":77,"enemies":"Collector","floor":33,"turns":8},{"damage":9,"enemies":"3 Darklings","floor":35,"turns":6},{"damage":0,"enemies":"Mysterious Sphere","floor":38,"turns":7},{"damage":0,"enemies":"Orb Walker","floor":39,"turns":2},{"damage":23,"enemies":"Nemesis","floor":41,"turns":5},{"damage":5,"enemies":"4 Shapes","floor":45,"turns":4},{"damage":4,"enemies":"Sphere and 2 Shapes","floor":47,"turns":3},{"damage":4,"enemies":"Maw","floor":48,"turns":5},{"damage":27,"enemies":"Awakened One","floor":50,"turns":9}],"event_choices":[{"event_name":"Liars Game","player_choice":"agreed","floor":3,"damage_taken":0},{"event_name":"Back to Basics","player_choice":"Simplicity","floor":19,"damage_taken":0},{"event_name":"Drug Dealer","player_choice":"Ignored","floor":20,"damage_taken":0},{"event_name":"Cursed Tome","player_choice":"Obtained Book","floor":22,"damage_taken":0},{"event_name":"The Library","player_choice":"Heal","floor":31,"damage_taken":0},{"event_name":"Winding Halls","player_choice":"Embrace Madness","floor":37,"damage_taken":0},{"event_name":"Mysterious Sphere","player_choice":"Fight","floor":38,"damage_taken":0}],"boss_relics":[{"not_picked":["Philosopher\u0027s Stone","Question Card"],"picked":"Black Blood"},{"not_picked":["Tiny House","Lizard Tail"],"picked":"Sozu"}],"potions_floor_spawned":[2,7,11,21,24,39,41,47],"seed_played":"4436664167576649650","ascension_level":0,"is_trial":false}