{"path_per_floor":["M","?","$","?","M","R","M","E","T","E","$","R","E","?","R","B",null,"M","?","M","$","M","R","E","?","T","M","$","?","$","$","R","B",null,"M","?","M","M","M","R","M","M","T","M","$","?","$","M","R","B"],"character_chosen":"IRONCLAD","items_purchased":["Shrug It Off","Singing Bowl","Shuriken","Bag of Marbles"],"gold_per_floor":[117,117,42,42,57,57,69,95,95,129,29,29,54,54,54,173,173,192,192,206,206,230,230,264,264,264,278,178,278,137,22,22,145,145,166,499,519,538,557,557,575,591,617,630,293,293,8,26,26,26],"floor_reached":51,"campfire_rested":0,"playtime":2675,"current_hp_per_floor":[80,77,77,77,80,80,80,63,63,68,68,68,74,74,74,74,74,74,58,64,64,70,70,74,74,74,74,74,74,74,74,74,63,74,76,76,78,80,82,82,84,86,93,95,95,95,95,97,97,97],"items_purged":["Strike_R","Strike_R","Strike_R","Strike_R","Defend_R","Defend_R"],"gold":26,"score":635,"play_id":"b0b7609d-38f5-47f6-bd12-033c86b3b0f7","is_prod":false,"is_daily":false,"is_ascension_mode":false,"campfire_upgraded":7,"path_taken":["M","?","$","?","M","R","M","E","T","E","$","R","E","?","R","BOSS","M","?","M","?","M","R","E","?","T","M","$","?","?","$","R","BOSS","M","?","M","M","M","R","M","M","T","M","$","?","$","M","R","BOSS"],"build_version":"2018-02-22-PROD2","purchased_purges":6,"victory":true,"master_deck":["Defend_R","Defend_R","Bash+1","Pommel Strike","Shrug It Off+1","Clothesline+1","Ghostly Armor+1","Metallicize","Seeing Red","Deep Breath+1","Shrug It Off+1","Barricade+1"],"max_hp_per_floor":[80,80,80,80,80,80,80,80,80,80,80,80,80,74,74,74,74,74,74,74,74,74,74,74,74,74,74,74,74,74,74,74,74,74,76,76,78,80,82,82,84,86,93,95,95,95,95,97,97,97],"relics":["Burning Blood","Dream Catcher","Juzu Bracelet","Omamori","Thread and Needle","Bronze Scales","Bag of Preparation","Sozu","Necronomicon","The Courier","Du-Vu Doll","Singing Bowl","Philosopher\u0027s Stone","Strawberry","Shuriken","Bag of Marbles"],"card_choices":[{"not_picked":["Burning Pact","Carnage"],"picked":"Pommel Strike"},{"not_picked":["True Grit","Evolve"],"picked":"Shrug It Off"},{"not_picked":["Pummel","Heavy Blade"],"picked":"Clothesline"},{"not_picked":["Armaments","Heavy Blade"],"picked":"Ghostly Armor"},{"not_picked":["Combust","Carnage"],"picked":"Metallicize"},{"not_picked":["Corruption","Dual Wield"],"picked":"Seeing Red"},{"not_picked":["Feed","Limit Break"],"picked":"Barricade"}],"player_experience":1421725,"potions_floor_usage":[10],"damage_taken":[{"damage":1,"enemies":"2 Louse","floor":1,"turns":3},{"damage":1,"enemies":"Jaw Worm","floor":5,"turns":4},{"damage":0,"enemies":"Cultist","floor":7,"turns":3},{"damage":23,"enemies":"3 Sentries","floor":8,"turns":11},{"damage":1,"enemies":"Lagavulin","floor":10,"turns":8},{"damage":0,"enemies":"3 Sentries","floor":13,"turns":9},{"damage":6,"enemies":"Slime Boss","floor":16,"turns":17},{"damage":3,"enemies":"Spheric Guardian","floor":18,"turns":6},{"damage":0,"enemies":"3 Byrds","floor":20,"turns":3},{"damage":0,"enemies":"Snake Plant","floor":22,"turns":3},{"damage":0,"enemies":"Book of Stabbing","floor":24,"turns":4},{"damage":2,"enemies":"Slaver and Parasite","floor":27,"turns":5},{"damage":17,"enemies":"Champ","floor":33,"turns":13},{"damage":0,"enemies":"3 Darklings","floor":35,"turns":8},{"damage":0,"enemies":"3 Shapes","floor":37,"turns":6},{"damage":0,"enemies":"Sphere and 2 Shapes","floor":38,"turns":7},{"damage":0,"enemies":"Maw","floor":39,"turns":9},{"damage":0,"enemies":"4 Shapes","floor":41,"turns":8},{"damage":0,"enemies":"3 Darklings","floor":42,"turns":7},{"damage":0,"enemies":"Sphere and 2 Shapes","floor":44,"turns":6},{"damage":0,"enemies":"Maw","floor":48,"turns":7},{"damage":3,"enemies":"Awakened One","floor":50,"turns":17}],"event_choices":[{"event_name":"Scrap Ooze","player_choice":"success","floor":2,"damage_taken":3},{"event_name":"Bonfire Elementals","player_choice":"BASIC","floor":4,"damage_taken":0},{"event_name":"Golden Idol","player_choice":"Lose Max HP","floor":14,"damage_taken":0},{"event_name":"Cursed Tome","player_choice":"Obtained Book","floor":19,"damage_taken":0},{"event_name":"Match and Keep!","player_choice":"1 cards matched","floor":25,"damage_taken":0},{"event_name":"Golden Shrine","player_choice":"Pray","floor":29,"damage_taken":0},{"event_name":"The Moai Head","player_choice":"Gave Idol","floor":36,"damage_taken":0},{"event_name":"Tomb of Lord Red Mask","player_choice":"Ignored","floor":46,"damage_taken":0}],"boss_relics":[{"not_picked":["White Beast Statue","Black Blood"],"picked":"Sozu"},{"not_picked":["Question Card","Black Star"],"picked":"Philosopher\u0027s Stone"}],"potions_floor_spawned":[5,7,13,20,22,33,35,44,48],"seed_played":"-2669682725304575474","ascension_level":0,"is_trial":false}