{"path_per_floor":["M","M","$","M","M","R","E","R","T","R","M","?","M","M","R","B",null,"M","?","M","$","M","R","M","$","T","E","?","R","T","E","R","B",null,"M","?","M","M","M","R","?","T","T","$","?","R","M","M","R","B"],"character_chosen":"IRONCLAD","items_purchased":["Flex","Omamori","Shrug It Off","Shrug It Off","Strength Potion"],"gold_per_floor":[109,122,25,38,49,49,81,81,81,81,101,101,112,125,125,225,225,244,344,354,55,68,68,81,56,56,86,86,86,86,116,116,217,217,232,281,301,312,325,325,325,325,349,176,176,176,194,214,214,214],"floor_reached":51,"campfire_rested":1,"playtime":1549,"current_hp_per_floor":[74,80,80,80,76,76,80,80,80,80,79,72,78,80,80,45,80,83,83,83,83,75,75,79,79,79,100,100,100,100,103,103,65,103,106,104,112,112,90,90,76,76,76,76,76,76,79,85,115,115],"items_purged":["Bash","Strike_R","Pain"],"gold":214,"score":715,"play_id":"341786cd-dc71-4879-acc3-08c46569e8b7","local_time":"20180302150540","is_prod":false,"is_daily":false,"is_ascension_mode":false,"campfire_upgraded":7,"timestamp":1519999540,"path_taken":["M","M","$","M","M","R","E","R","T","R","M","?","M","M","R","BOSS","M","?","M","$","?","R","M","$","T","E","?","R","?","E","R","BOSS","M","?","M","?","M","R","?","?","T","$","?","R","M","M","R","BOSS"],"build_version":"2018-03-01-PROD1","purchased_purges":3,"victory":true,"master_deck":["Strike_R","Strike_R","Defend_R+1","Defend_R","Defend_R","Headbutt","Limit Break+1","Flex+1","Pummel","Pummel","Whirlwind+1","Flex+1","Feed","Shrug It Off+1","Battle Trance+1","Shrug It Off+1","Impervious","Flex+1","Shrug It Off+1","Shrug It Off+1","Madness","Madness"],"max_hp_per_floor":[80,80,80,80,80,80,80,80,80,80,80,80,80,80,80,80,80,83,83,83,83,83,83,83,83,83,100,100,100,100,103,103,103,103,106,109,112,112,112,112,112,112,112,112,112,112,115,115,115,118],"relics":["Burning Blood","Art of War","Anchor","Charon\u0027s Ashes","Cursed Key","Omamori","Mango","Self Forming Clay","Ice Cream","Lizard Tail","Peace Pipe","Torii","Bronze Scales"],"card_choices":[{"not_picked":["Pommel Strike","Havoc"],"picked":"Headbutt"},{"not_picked":["Bloodletting","Sword Boomerang"],"picked":"Limit Break"},{"not_picked":["Havoc","Reckless Charge"],"picked":"Pummel"},{"not_picked":["Warcry","Power Through"],"picked":"Pummel"},{"not_picked":["Clash","Bludgeon"],"picked":"Whirlwind"},{"not_picked":["Sword Boomerang","Intimidate"],"picked":"Flex"},{"not_picked":["Dark Embrace","Demon Form"],"picked":"Feed"},{"not_picked":["Perfected Strike","Sentinel"],"picked":"Battle Trance"},{"not_picked":["Limit Break","Immolate"],"picked":"Impervious"},{"not_picked":["Iron Wave","Second Wind"],"picked":"Flex"},{"not_picked":["Cleave","Sword Boomerang"],"picked":"Shrug It Off"},{"not_picked":["Twin Strike","Spot Weakness"],"picked":"Shrug It Off"}],"player_experience":1433948,"potions_floor_usage":[27,38,47,50,50,50],"damage_taken":[{"damage":12,"enemies":"Jaw Worm","floor":1,"turns":5},{"damage":0,"enemies":"2 Louse","floor":2,"turns":3},{"damage":1,"enemies":"Cultist","floor":4,"turns":3},{"damage":10,"enemies":"Looter","floor":5,"turns":3},{"damage":0,"enemies":"Lagavulin","floor":7,"turns":3},{"damage":7,"enemies":"Exordium Thugs","floor":11,"turns":4},{"damage":0,"enemies":"2 Fungi Beasts","floor":13,"turns":2},{"damage":0,"enemies":"Gremlin Gang","floor":14,"turns":3},{"damage":41,"enemies":"Slime Boss","floor":16,"turns":10},{"damage":0,"enemies":"3 Byrds","floor":18,"turns":3},{"damage":0,"enemies":"Spheric Guardian","floor":20,"turns":2},{"damage":14,"enemies":"Snake Plant","floor":22,"turns":3},{"damage":2,"enemies":"Snecko","floor":24,"turns":3},{"damage":0,"enemies":"Slavers","floor":27,"turns":3},{"damage":0,"enemies":"Gremlin Leader","floor":31,"turns":2},{"damage":44,"enemies":"Collector","floor":33,"turns":8},{"damage":5,"enemies":"Orb Walker","floor":35,"turns":4},{"damage":11,"enemies":"Mysterious Sphere","floor":36,"turns":3},{"damage":0,"enemies":"3 Shapes","floor":37,"turns":4},{"damage":0,"enemies":"3 Darklings","floor":38,"turns":4},{"damage":28,"enemies":"Maw","floor":39,"turns":8},{"damage":12,"enemies":"Sphere and 2 Shapes","floor":47,"turns":3},{"damage":0,"enemies":"3 Darklings","floor":48,"turns":2},{"damage":9,"enemies":"Awakened One","floor":50,"turns":8}],"event_choices":[{"event_name":"Golden Wing","player_choice":"Card Removal","floor":12,"damage_taken":0},{"event_name":"Golden Shrine","player_choice":"Pray","floor":19,"damage_taken":0},{"event_name":"Vampires","player_choice":"Ignored","floor":28,"damage_taken":0},{"event_name":"Mysterious Sphere","player_choice":"Fight","floor":36,"damage_taken":0},{"event_name":"Winding Halls","player_choice":"Embrace Madness","floor":41,"damage_taken":0}],"boss_relics":[{"not_picked":["Velvet Choker","White Beast Statue"],"picked":"Cursed Key"},{"not_picked":["Eternal Feather","Orrery"],"picked":"Lizard Tail"}],"potions_floor_spawned":[4,7,13,18,24,33,35,36,48],"seed_played":"249202135936262460","ascension_level":0,"is_trial":false}