{"path_per_floor":["M","$","M","M","?","R","M","R","T","M","M","M","R","M","R","B",null,"M","?","$","?","$","R","E","M","T","M","R","$","?","M","R","B",null,"M","?","?","M","M","R","?","M","T","M","R","?","M","$","R","B"],"character_chosen":"IRONCLAD","items_purchased":["Oddly Smooth Stone","Power Through","Lantern","Madness","Secret Technique","Shrug It Off"],"gold_per_floor":[217,66,83,102,102,102,122,122,149,173,194,218,218,242,242,367,367,386,386,273,273,173,173,211,231,310,330,330,55,55,69,69,188,188,211,211,544,555,573,573,573,588,641,653,653,653,665,155,155,155],"floor_reached":51,"campfire_rested":1,"playtime":2165,"current_hp_per_floor":[80,80,80,80,60,60,43,43,43,38,43,45,45,40,40,26,80,70,70,70,70,70,70,80,80,80,77,77,77,77,79,79,62,80,78,78,78,76,58,64,64,61,61,61,80,80,78,78,80,70],"items_purged":["Bash","Strike_R","Strike_R","Strike_R"],"gold":155,"score":536,"play_id":"f1cf510d-4b72-4e91-ba07-990f81d7afe4","is_prod":false,"is_daily":false,"is_ascension_mode":false,"campfire_upgraded":9,"path_taken":["M","$","?","?","?","R","M","R","T","M","M","M","R","M","R","BOSS","M","?","$","?","?","R","E","M","T","?","R","$","?","M","R","BOSS","M","?","?","M","M","R","?","M","T","M","R","?","?","$","R","BOSS"],"build_version":"2018-02-22-PROD2","purchased_purges":4,"victory":true,"master_deck":["Strike_R","Defend_R+1","Defend_R+1","Defend_R","Defend_R","True Grit+1","Body Slam+1","Rampage+1","Evolve+1","True Grit+1","Offering","Power Through+1","Offering","Impervious","Madness","Secret Technique","Shrug It Off+1"],"max_hp_per_floor":[80,80,80,80,80,80,80,80,80,80,80,80,80,80,80,80,80,80,80,80,80,80,80,80,80,80,80,80,80,80,80,80,80,80,80,80,80,80,80,80,80,80,80,80,80,80,80,80,80,80],"relics":["Burning Blood","Oddly Smooth Stone","Omamori","Mark of Pain","Bag of Marbles","Paper Frog","Ornamental Fan","Lantern","Eternal Feather","Blood Vial"],"card_choices":[{"not_picked":["Inflame","Blood for Blood"],"picked":"True Grit"},{"not_picked":["Sword Boomerang","Twin Strike"],"picked":"Body Slam"},{"not_picked":["Sword Boomerang","Power Through"],"picked":"Rampage"},{"not_picked":["Warcry","Metallicize"],"picked":"Evolve"},{"not_picked":["Uppercut","Headbutt"],"picked":"True Grit"},{"not_picked":["Demon Form","Barricade"],"picked":"Offering"},{"not_picked":["Anger","Iron Wave"],"picked":"Offering"}],"player_experience":1396535,"potions_floor_usage":[24,24,50,50,50],"damage_taken":[{"damage":1,"enemies":"Cultist","floor":1,"turns":4},{"damage":1,"enemies":"2 Louse","floor":3,"turns":2},{"damage":0,"enemies":"Small Slimes","floor":4,"turns":4},{"damage":23,"enemies":"Exordium Thugs","floor":7,"turns":7},{"damage":11,"enemies":"3 Louse","floor":10,"turns":4},{"damage":1,"enemies":"Blue Slaver","floor":11,"turns":4},{"damage":4,"enemies":"Looter","floor":12,"turns":4},{"damage":11,"enemies":"Exordium Wildlife","floor":14,"turns":8},{"damage":20,"enemies":"The Guardian","floor":16,"turns":10},{"damage":16,"enemies":"Spheric Guardian","floor":18,"turns":6},{"damage":4,"enemies":"Slavers","floor":24,"turns":6},{"damage":4,"enemies":"Shell Parasite","floor":25,"turns":5},{"damage":9,"enemies":"Snake Plant","floor":27,"turns":4},{"damage":4,"enemies":"Cultist and Chosen","floor":31,"turns":7},{"damage":23,"enemies":"Automaton","floor":33,"turns":9},{"damage":8,"enemies":"Orb Walker","floor":35,"turns":3},{"damage":8,"enemies":"3 Shapes","floor":38,"turns":3},{"damage":24,"enemies":"3 Darklings","floor":39,"turns":7},{"damage":9,"enemies":"Maw","floor":42,"turns":7},{"damage":8,"enemies":"Sphere and 2 Shapes","floor":44,"turns":6},{"damage":8,"enemies":"3 Darklings","floor":47,"turns":7},{"damage":16,"enemies":"Time Eater","floor":50,"turns":11}],"event_choices":[{"event_name":"Golden Idol","player_choice":"Take Damage","floor":5,"damage_taken":0},{"event_name":"Drug Dealer","player_choice":"Ignored","floor":19,"damage_taken":0},{"event_name":"The Mausoleum","player_choice":"Yes","floor":21,"damage_taken":0},{"event_name":"Beggar","player_choice":"Ignored","floor":30,"damage_taken":0},{"event_name":"Transmorgrifier","player_choice":"Transform","floor":36,"damage_taken":0},{"event_name":"The Moai Head","player_choice":"Gave Idol","floor":37,"damage_taken":0},{"event_name":"Mysterious Sphere","player_choice":"Ignore","floor":41,"damage_taken":0},{"event_name":"Tomb of Lord Red Mask","player_choice":"Ignored","floor":46,"damage_taken":0}],"boss_relics":[{"not_picked":["Ectoplasm","Tiny House"],"picked":"Mark of Pain"},{"not_picked":["White Beast Statue","Orrery"],"picked":"Eternal Feather"}],"potions_floor_spawned":[1,3,4,14,24,25,27,33,35,44],"seed_played":"-3113041633202489287","ascension_level":0,"is_trial":false}