{"path_per_floor":["M","?","$","$","?","R","M","?","T","R","M","E","R","M","R","B",null,"M","M","?","M","M","R","?","R","T","E","R","M","M","E","R","B",null,"M","?","$","?","M","R","M","R","T","M","M","?","R","M","R","B"],"character_chosen":"IRONCLAD","items_purchased":["Bag of Preparation","True Grit","Shrug It Off"],"gold_per_floor":[213,213,138,38,38,38,58,133,133,133,149,177,177,193,193,291,291,291,291,291,291,291,291,241,241,241,241,241,241,241,241,241,241,241,241,241,6,6,6,6,6,6,6,6,6,6,6,6,6,6],"floor_reached":51,"campfire_rested":1,"playtime":2309,"current_hp_per_floor":[73,73,73,73,65,65,71,60,60,60,66,58,58,56,56,30,80,80,80,80,80,80,80,80,80,80,78,78,80,79,77,77,56,85,85,85,85,85,85,85,85,85,85,85,85,74,74,70,85,23],"items_purged":["Strike_R","Strike_R"],"gold":6,"score":687,"play_id":"64c677c0-8d3b-4f20-be54-cda86ddf9bbc","local_time":"20180312064431","is_prod":false,"is_daily":false,"is_ascension_mode":false,"campfire_upgraded":10,"timestamp":1520833471,"path_taken":["M","?","?","$","?","R","M","?","T","R","M","E","R","M","R","BOSS","M","M","?","M","M","R","?","R","T","E","R","M","?","E","R","BOSS","M","?","$","?","M","R","M","R","T","M","M","?","R","M","R","BOSS"],"build_version":"2018-03-09","purchased_purges":2,"victory":true,"master_deck":["Strike_R","Strike_R","Defend_R+1","Defend_R+1","Defend_R","Defend_R","Bash","Battle Trance","Intimidate+1","Inflame+1","Twin Strike","Shrug It Off+1","Offering","Ghostly Armor","Exhume+1","Uppercut+1","True Grit+1","Cleave","Body Slam+1","Limit Break+1","Metallicize","True Grit+1","Shrug It Off","Body Slam+1","Madness","Madness","Twin Strike+1"],"max_hp_per_floor":[80,80,80,80,80,80,80,80,80,80,80,80,80,80,80,80,80,80,80,80,80,80,80,80,80,80,80,80,80,80,80,80,80,85,85,85,85,85,85,85,85,85,85,85,85,85,85,85,85,85],"relics":["Burning Blood","Charon\u0027s Ashes","Peace Pipe","Ectoplasm","Orichalcum","Regal Pillow","Art of War","Tiny House","Bag of Preparation","Unceasing Top"],"card_choices":[{"not_picked":["Second Wind","Carnage"],"picked":"Battle Trance"},{"not_picked":["Sword Boomerang","Perfected Strike"],"picked":"Intimidate"},{"not_picked":["Anger","Thunderclap"],"picked":"Inflame"},{"not_picked":["Warcry","Armaments"],"picked":"Twin Strike"},{"not_picked":["Clash","Whirlwind"],"picked":"Shrug It Off"},{"not_picked":["Exhume","Dark Embrace"],"picked":"Offering"},{"not_picked":["Clash","Headbutt"],"picked":"Ghostly Armor"},{"not_picked":["Iron Wave","Reckless Charge"],"picked":"Exhume"},{"not_picked":["Anger","Clash"],"picked":"Uppercut"},{"not_picked":["Iron Wave","Searing Blow"],"picked":"True Grit"},{"not_picked":["Headbutt","Wild Strike"],"picked":"Cleave"},{"not_picked":["Sever Soul","Warcry"],"picked":"Body Slam"},{"not_picked":["Demon Form","Reaper"],"picked":"Limit Break"},{"not_picked":["Headbutt","Evolve"],"picked":"Metallicize"},{"not_picked":["Pummel","Pommel Strike"],"picked":"Body Slam"},{"not_picked":["Clothesline","Perfected Strike"],"picked":"Twin Strike"}],"player_experience":1514321,"potions_floor_usage":[12,22,50,50,50],"damage_taken":[{"damage":13,"enemies":"Cultist","floor":1,"turns":5},{"damage":0,"enemies":"Jaw Worm","floor":7,"turns":5},{"damage":0,"enemies":"2 Louse","floor":11,"turns":2},{"damage":14,"enemies":"Gremlin Nob","floor":12,"turns":4},{"damage":8,"enemies":"Lots of Slimes","floor":14,"turns":4},{"damage":32,"enemies":"Slime Boss","floor":16,"turns":16},{"damage":4,"enemies":"Spheric Guardian","floor":18,"turns":3},{"damage":4,"enemies":"3 Byrds","floor":19,"turns":4},{"damage":6,"enemies":"Centurion and Healer","floor":21,"turns":5},{"damage":4,"enemies":"Snecko","floor":22,"turns":4},{"damage":8,"enemies":"Slavers","floor":27,"turns":6},{"damage":4,"enemies":"Snake Plant","floor":29,"turns":5},{"damage":7,"enemies":"3 Cultists","floor":30,"turns":5},{"damage":8,"enemies":"Gremlin Leader","floor":31,"turns":5},{"damage":27,"enemies":"Collector","floor":33,"turns":9},{"damage":3,"enemies":"Orb Walker","floor":35,"turns":5},{"damage":3,"enemies":"3 Shapes","floor":39,"turns":4},{"damage":4,"enemies":"3 Darklings","floor":41,"turns":5},{"damage":6,"enemies":"Maw","floor":44,"turns":7},{"damage":4,"enemies":"4 Shapes","floor":45,"turns":4},{"damage":10,"enemies":"3 Darklings","floor":48,"turns":5},{"damage":68,"enemies":"Donu and Deca","floor":50,"turns":9}],"event_choices":[{"event_name":"The Woman in Blue","player_choice":"Bought 0 Potions","floor":2,"damage_taken":0},{"event_name":"Wheel of Change","player_choice":"Damage","floor":5,"damage_taken":0},{"event_name":"World of Goop","player_choice":"Gather Gold","floor":8,"damage_taken":0},{"event_name":"Vampires","player_choice":"Ignored","floor":20,"damage_taken":0},{"event_name":"The Joust","player_choice":"Bet on Murderer","floor":24,"damage_taken":0},{"event_name":"Golden Shrine","player_choice":"Pray","floor":36,"damage_taken":0},{"event_name":"Mysterious Sphere","player_choice":"Ignore","floor":38,"damage_taken":0},{"event_name":"Winding Halls","player_choice":"Embrace Madness","floor":46,"damage_taken":0}],"boss_relics":[{"not_picked":["Question Card","Pandora\u0027s Box"],"picked":"Ectoplasm"},{"not_picked":["Velvet Choker","Black Star"],"picked":"Tiny House"}],"potions_floor_spawned":[1,7,14,18,19,29,33,41,45],"seed_played":"7362946484863255461","ascension_level":0,"is_trial":false}