{"path_per_floor":["M","M","M","?","M","E","M","M","T","M","$","R","M","E","R","B",null,"M","?","M","?","M","E","R","M","T","M","R","$","?","M","R","B",null,"M","M","?","$","M","?","M","M","T","R","?","M","R","M","R","B"],"character_chosen":"IRONCLAD","items_purchased":["Lee\u0027s Waffle","Offering","Lantern","Blind"],"gold_per_floor":[117,131,148,148,159,194,213,224,224,241,32,32,51,78,78,180,210,220,220,236,236,250,275,275,286,286,306,306,6,6,20,20,119,119,136,152,152,52,62,62,75,91,91,91,91,109,109,125,125,125],"floor_reached":51,"campfire_rested":1,"playtime":2229,"current_hp_per_floor":[80,80,80,80,73,35,36,39,39,45,87,87,87,87,87,76,92,92,92,84,84,77,62,62,65,79,79,79,79,79,81,81,69,106,105,106,106,106,97,97,96,98,98,98,85,80,80,64,95,48],"items_purged":["Iron Wave"],"gold":125,"score":737,"play_id":"6d5793ab-f924-4184-9f19-e6935ba92267","local_time":"20180313102807","is_prod":false,"is_daily":false,"is_ascension_mode":false,"campfire_upgraded":7,"timestamp":1520933287,"path_taken":["M","M","M","?","M","E","M","?","T","M","$","R","?","E","R","BOSS","M","?","M","?","M","E","R","M","T","M","R","$","?","?","R","BOSS","M","M","?","$","M","?","?","M","T","R","?","M","R","M","R","BOSS"],"build_version":"2018-03-09","purchased_purges":1,"victory":true,"master_deck":["Strike_R+1","Strike_R+1","Strike_R+1","Strike_R+1","Defend_R+1","Defend_R+1","Defend_R+1","Bash+1","Cleave+1","Disarm+1","Havoc+1","Fiend Fire+1","Pommel Strike","Battle Trance","Metallicize+1","Brutality","Spot Weakness","Spot Weakness+1","Sword Boomerang+1","Twin Strike","Offering","Sword Boomerang+1","Limit Break+1","Heavy Blade+1","Blind","Blood for Blood+1","Rupture+1","Havoc+1","Madness","Madness","Sword Boomerang+1"],"max_hp_per_floor":[80,80,80,80,80,80,80,80,80,80,87,87,87,87,87,87,92,92,92,92,92,92,92,92,92,106,106,106,106,106,106,106,106,106,106,106,106,106,106,106,106,106,106,106,106,106,106,106,106,106],"relics":["Burning Blood","Orichalcum","Darkstone Periapt","Peace Pipe","Lee\u0027s Waffle","Matryoshka","Tiny House","Letter Opener","Vajra","Dream Catcher","Mango","Lantern","Runic Dome","Gremlin Horn","Sundial"],"card_choices":[{"not_picked":["True Grit","Clothesline"],"picked":"Iron Wave"},{"not_picked":["Sever Soul","Sentinel"],"picked":"Cleave"},{"not_picked":["Armaments","Heavy Blade"],"picked":"Disarm"},{"not_picked":["Infernal Blade","Cleave"],"picked":"Havoc"},{"not_picked":["True Grit","Warcry"],"picked":"Fiend Fire"},{"not_picked":["Armaments","Warcry"],"picked":"Pommel Strike"},{"not_picked":["Perfected Strike","Metallicize"],"picked":"Battle Trance"},{"not_picked":["Pummel","Anger"],"picked":"Metallicize"},{"not_picked":["Fiend Fire","Feed"],"picked":"Brutality"},{"not_picked":["Wild Strike","Havoc"],"picked":"Spot Weakness"},{"not_picked":["Clothesline","Pommel Strike"],"picked":"Spot Weakness"},{"not_picked":["Dropkick","Headbutt"],"picked":"Sword Boomerang"},{"not_picked":["Pommel Strike","Searing Blow"],"picked":"Twin Strike"},{"not_picked":["Perfected Strike","Shrug It Off"],"picked":"Sword Boomerang"},{"not_picked":["Bludgeon","Barricade"],"picked":"Limit Break"},{"not_picked":["Warcry","Clash"],"picked":"Heavy Blade"},{"not_picked":["Havoc","Clothesline"],"picked":"Blood for Blood"},{"not_picked":["Seeing Red","Fire Breathing"],"picked":"Rupture"},{"not_picked":["Thunderclap","Wild Strike"],"picked":"Havoc"},{"not_picked":["Iron Wave","Bloodletting"],"picked":"Sword Boomerang"}],"player_experience":1530812,"potions_floor_usage":[18,23,25,36,42,50,50,50],"damage_taken":[{"damage":3.0,"enemies":"Jaw Worm","floor":1.0,"turns":4.0},{"damage":1.0,"enemies":"Cultist","floor":2.0,"turns":3.0},{"damage":1.0,"enemies":"Small Slimes","floor":3.0,"turns":3.0},{"damage":13,"enemies":"Gremlin Gang","floor":5,"turns":5},{"damage":44,"enemies":"Lagavulin","floor":6,"turns":10},{"damage":5,"enemies":"Lots of Slimes","floor":7,"turns":4},{"damage":3,"enemies":"Looter","floor":8,"turns":2},{"damage":0,"enemies":"2 Fungi Beasts","floor":10,"turns":3},{"damage":0,"enemies":"Exordium Wildlife","floor":13,"turns":3},{"damage":0,"enemies":"3 Sentries","floor":14,"turns":7},{"damage":17,"enemies":"The Guardian","floor":16,"turns":14},{"damage":3,"enemies":"Shell Parasite","floor":18,"turns":4},{"damage":14,"enemies":"Spheric Guardian","floor":20,"turns":4},{"damage":13,"enemies":"Snake Plant","floor":22,"turns":5},{"damage":21,"enemies":"Book of Stabbing","floor":23,"turns":4},{"damage":3,"enemies":"Cultist and Chosen","floor":25,"turns":4},{"damage":6,"enemies":"3 Cultists","floor":27,"turns":5},{"damage":4,"enemies":"Snake Plant","floor":31,"turns":2},{"damage":18,"enemies":"Champ","floor":33,"turns":7},{"damage":7,"enemies":"3 Shapes","floor":35,"turns":4},{"damage":4,"enemies":"Orb Walker","floor":36,"turns":2},{"damage":15,"enemies":"3 Darklings","floor":39,"turns":3},{"damage":7,"enemies":"Maw","floor":41,"turns":4},{"damage":4,"enemies":"Sphere and 2 Shapes","floor":42,"turns":6},{"damage":11,"enemies":"3 Darklings","floor":46,"turns":4},{"damage":22,"enemies":"Maw","floor":48,"turns":6},{"damage":53,"enemies":"Time Eater","floor":50,"turns":8}],"event_choices":[{"event_name":"Purifier","player_choice":"One Purge","floor":4.0,"damage_taken":0.0},{"event_name":"The Mausoleum","player_choice":"Yes","floor":19,"damage_taken":0},{"event_name":"Back to Basics","player_choice":"Simplicity","floor":21,"damage_taken":0},{"event_name":"Vampires","player_choice":"Ignored","floor":30,"damage_taken":0},{"event_name":"Bonfire Elementals","player_choice":"BASIC","floor":37,"damage_taken":0},{"event_name":"Mysterious Sphere","player_choice":"Ignore","floor":40,"damage_taken":0},{"event_name":"Winding Halls","player_choice":"Embrace Madness","floor":45,"damage_taken":0}],"boss_relics":[{"not_picked":["Velvet Choker","Snecko Eye"],"picked":"Tiny House"},{"not_picked":["Lizard Tail","Black Blood"],"picked":"Runic Dome"}],"potions_floor_spawned":[6,8,10,13,16,23,27,31,41,46],"seed_played":"3700936180937216787","ascension_level":0,"is_trial":false}