{"path_per_floor":["M","?","$","?","$","E","R","M","T","R","M","R","M","M","R","B",null,"M","?","M","M","?","R","?","M","T","M","R","M","M","?","R","B",null,"M","M","M","?","?","R","E","R","T","?","$","M","R","M","R","B"],"character_chosen":"IRONCLAD","items_purchased":["Evolve","True Grit"],"gold_per_floor":[109,284,173,173,20,52,52,72,72,72,82,82,92,108,108,210,210,210,210,150,150,150,150,150,150,150,150,150,150,150,150,150,150,150,150,150,150,0,0,0,0,0,0,0,0,0,0,0,0,0],"floor_reached":51,"campfire_rested":2,"playtime":2439,"current_hp_per_floor":[80,80,80,80,80,87,87,87,87,87,87,87,80,75,75,8,87,74,74,72,65,65,65,65,54,54,27,53,54,27,27,53,38,92,78,79,82,82,82,82,84,84,84,84,84,82,82,92,92,70],"items_purged":["Doubt","Strike_R"],"gold":0,"score":704,"play_id":"a9a2448b-8e2c-4eb2-847e-aa28fc4612a5","local_time":"20180311052621","is_prod":false,"is_daily":false,"is_ascension_mode":false,"campfire_upgraded":9,"timestamp":1520742381,"path_taken":["M","?","$","?","$","E","R","M","T","R","M","R","M","M","R","BOSS","M","?","?","?","?","R","?","M","T","M","R","M","M","?","R","BOSS","M","M","M","?","?","R","E","R","T","?","?","M","R","?","R","BOSS"],"build_version":"2018-03-09","purchased_purges":2,"victory":true,"master_deck":["Strike_R+1","Strike_R+1","Defend_R+1","Defend_R+1","Defend_R+1","Defend_R+1","Twin Strike","Evolve+1","True Grit+1","Cleave+1","Flex+1","Iron Wave","Havoc+1","Limit Break+1","True Grit+1","Intimidate+1","Shrug It Off+1","Havoc+1","Shockwave","Limit Break+1","Flex+1","Iron Wave+1","Inflame+1","Havoc+1","Bash","Iron Wave+1","Flex+1"],"max_hp_per_floor":[80,80,80,80,80,87,87,87,87,87,87,87,87,87,87,87,87,87,87,87,87,87,87,87,87,87,87,87,87,87,87,87,87,92,92,92,92,92,92,92,92,92,92,92,92,92,92,92,92,92],"relics":["Burning Blood","NeowsBlessing","Strawberry","Frozen Eye","Ectoplasm","Omamori","Tiny House","Red Mask","Mercury Hourglass","The Courier"],"card_choices":[{"not_picked":["Warcry","Heavy Blade"],"picked":"Twin Strike"},{"not_picked":["Feel No Pain","Wild Strike"],"picked":"Cleave"},{"not_picked":["Perfected Strike","Searing Blow"],"picked":"Flex"},{"not_picked":["Rupture","Cleave"],"picked":"Iron Wave"},{"not_picked":["Wild Strike","Cleave"],"picked":"Havoc"},{"not_picked":["Reaper","Juggernaut"],"picked":"Limit Break"},{"not_picked":["Sword Boomerang","Searing Blow"],"picked":"True Grit"},{"not_picked":["Body Slam","Thunderclap"],"picked":"Intimidate"},{"not_picked":["Heavy Blade","Combust"],"picked":"Shrug It Off"},{"not_picked":["Blood for Blood","Cleave"],"picked":"Havoc"},{"not_picked":["Anger","Reckless Charge"],"picked":"Shockwave"},{"not_picked":["Bludgeon","Juggernaut"],"picked":"Limit Break"},{"not_picked":["Entrench","Wild Strike"],"picked":"Flex"},{"not_picked":["Cleave","Sword Boomerang"],"picked":"Iron Wave"},{"not_picked":["Wild Strike","Evolve"],"picked":"Inflame"},{"not_picked":["Warcry","Headbutt"],"picked":"Havoc"},{"not_picked":["Rage","Havoc"],"picked":"Iron Wave"},{"not_picked":["Twin Strike","Rampage"],"picked":"Flex"}],"player_experience":1502362,"potions_floor_usage":[48,50,50,50],"damage_taken":[{"damage":0.0,"enemies":"2 Louse","floor":1.0,"turns":1.0},{"damage":0.0,"enemies":"Lagavulin","floor":6.0,"turns":1.0},{"damage":0.0,"enemies":"Jaw Worm","floor":8.0,"turns":1.0},{"damage":1.0,"enemies":"Cultist","floor":11.0,"turns":3.0},{"damage":13.0,"enemies":"Red Slaver","floor":13.0,"turns":4.0},{"damage":11.0,"enemies":"Gremlin Gang","floor":14.0,"turns":8.0},{"damage":73.0,"enemies":"Hexaghost","floor":16.0,"turns":11.0},{"damage":19.0,"enemies":"Shell Parasite","floor":18.0,"turns":7.0},{"damage":8.0,"enemies":"2 Thieves","floor":20.0,"turns":4.0},{"damage":13.0,"enemies":"Snecko","floor":21.0,"turns":6.0},{"damage":17.0,"enemies":"3 Cultists","floor":25.0,"turns":5.0},{"damage":33.0,"enemies":"Chosen and Byrds","floor":27.0,"turns":7.0},{"damage":5.0,"enemies":"Snake Plant","floor":29.0,"turns":4.0},{"damage":33.0,"enemies":"Sentry and Sphere","floor":30.0,"turns":7.0},{"damage":21.0,"enemies":"Champ","floor":33.0,"turns":11.0},{"damage":20.0,"enemies":"3 Shapes","floor":35.0,"turns":12.0},{"damage":5.0,"enemies":"Orb Walker","floor":36.0,"turns":3.0},{"damage":3.0,"enemies":"3 Darklings","floor":37.0,"turns":6.0},{"damage":4,"enemies":"Nemesis","floor":41,"turns":5},{"damage":8,"enemies":"4 Shapes","floor":46,"turns":6},{"damage":0,"enemies":"Maw","floor":48,"turns":6},{"damage":28,"enemies":"Time Eater","floor":50,"turns":7}],"event_choices":[{"event_name":"Liars Game","player_choice":"agreed","floor":2.0,"damage_taken":0.0},{"event_name":"Living Wall","player_choice":"Forget","floor":4.0,"damage_taken":0.0},{"event_name":"Drug Dealer","player_choice":"Ignored","floor":19.0,"damage_taken":0.0},{"event_name":"Vampires","player_choice":"Ignored","floor":22.0,"damage_taken":0.0},{"event_name":"Bonfire Elementals","player_choice":"BASIC","floor":24.0,"damage_taken":0.0},{"event_name":"Back to Basics","player_choice":"Simplicity","floor":31.0,"damage_taken":0.0},{"event_name":"Tomb of Lord Red Mask","player_choice":"Paid","floor":38.0,"damage_taken":0.0},{"event_name":"Match and Keep!","player_choice":"1 cards matched","floor":44,"damage_taken":0}],"boss_relics":[],"potions_floor_spawned":[8,13,14,20,27,29,33,46,48],"seed_played":"-1525259791141902053","ascension_level":0,"is_trial":false}