{"path_per_floor":["M","M","M","?","$","R","?","R","T","R","M","R","M","?","R","B",null,"M","M","?","$","?","R","E","M","T","R","M","R","M","E","R","B",null,"M","M","?","?","?","R","M","?","T","M","R","$","R","M","R","B"],"character_chosen":"IRONCLAD","items_purchased":["True Grit","Metallicize","Dexterity Potion","Dexterity Potion","Thinking Ahead"],"gold_per_floor":[118,128,138,138,63,63,63,63,117,117,130,130,147,147,147,270,270,293,308,308,156,256,256,294,312,312,312,330,330,344,377,377,503,503,517,530,530,530,530,530,553,614,665,688,688,195,195,215,215,215],"floor_reached":51,"campfire_rested":0,"playtime":2602,"current_hp_per_floor":[80,80,80,68,68,68,61,61,61,61,69,69,62,42,42,35,80,80,80,64,64,64,64,68,76,76,76,80,80,80,80,80,41,80,80,80,70,70,70,70,78,78,78,80,80,80,80,80,80,60],"items_purged":["Bash","Strike_R","Strike_R"],"gold":215,"score":751,"play_id":"982a1d60-11aa-4524-90b1-e7791814079b","local_time":"20180312154348","is_prod":false,"is_daily":false,"is_ascension_mode":false,"campfire_upgraded":13,"timestamp":1520865828,"path_taken":["M","?","M","?","?","R","?","R","T","R","M","R","?","?","R","BOSS","M","?","?","$","?","R","E","M","T","R","M","R","M","E","R","BOSS","M","M","?","?","?","R","M","?","T","?","R","$","R","M","R","BOSS"],"build_version":"2018-03-09","purchased_purges":3,"victory":true,"master_deck":["Strike_R","Strike_R","Defend_R+1","Defend_R","Defend_R","Defend_R","Shrug It Off+1","Shrug It Off+1","Headbutt","Body Slam+1","Inflame+1","Juggernaut+1","Uppercut+1","Body Slam+1","True Grit+1","Shrug It Off+1","Metallicize+1","Metallicize+1","Barricade+1","Madness","Madness","Barricade","Battle Trance","Ghostly Armor","True Grit+1","Metallicize+1","Thinking Ahead","Shrug It Off+1"],"max_hp_per_floor":[80,80,80,80,80,80,80,80,80,80,80,80,80,80,80,80,80,80,80,80,80,80,80,80,80,80,80,80,80,80,80,80,80,80,80,80,80,80,80,80,80,80,80,80,80,80,80,80,80,80],"relics":["Burning Blood","Ancient Tea Set","Blood Vial","Lantern","Golden Idol","Runic Dome","Nilry\u0027s Codex","Paper Frog","Thread and Needle","Prayer Wheel","Runic Cube","Sundial","Happy Flower"],"card_choices":[{"not_picked":["Pommel Strike","Iron Wave"],"picked":"Shrug It Off"},{"not_picked":["Iron Wave","Heavy Blade"],"picked":"Shrug It Off"},{"not_picked":["Clothesline","True Grit"],"picked":"Headbutt"},{"not_picked":["True Grit","Clash"],"picked":"Body Slam"},{"not_picked":["Twin Strike","Dropkick"],"picked":"Inflame"},{"not_picked":["Bludgeon","Dark Embrace"],"picked":"Juggernaut"},{"not_picked":["Clash","Corruption"],"picked":"Uppercut"},{"not_picked":["Flex","Metallicize"],"picked":"Body Slam"},{"not_picked":["Inflame","Rage"],"picked":"Shrug It Off"},{"not_picked":["Cleave","Wild Strike"],"picked":"Metallicize"},{"not_picked":["Uppercut","Clash"],"picked":"Metallicize"},{"not_picked":["Berserk","Fiend Fire"],"picked":"Barricade"},{"not_picked":["Intimidate","Demon Form"],"picked":"Ghostly Armor"},{"not_picked":["Rage","Blood for Blood"],"picked":"True Grit"},{"not_picked":["Sentinel","Metallicize"],"picked":"Shrug It Off"}],"player_experience":1521613,"potions_floor_usage":[19,31,42,50,50,50],"damage_taken":[{"damage":3,"enemies":"Cultist","floor":1,"turns":5},{"damage":0,"enemies":"Small Slimes","floor":2,"turns":4},{"damage":2,"enemies":"2 Louse","floor":3,"turns":3},{"damage":0,"enemies":"Red Slaver","floor":11,"turns":5},{"damage":15,"enemies":"Exordium Thugs","floor":13,"turns":6},{"damage":15,"enemies":"Slime Boss","floor":16,"turns":13},{"damage":0,"enemies":"Spheric Guardian","floor":18,"turns":3},{"damage":0,"enemies":"Chosen","floor":19,"turns":3},{"damage":4,"enemies":"Book of Stabbing","floor":24,"turns":6},{"damage":0,"enemies":"3 Cultists","floor":25,"turns":6},{"damage":0,"enemies":"Snake Plant","floor":28,"turns":3},{"damage":0,"enemies":"Centurion and Healer","floor":30,"turns":6},{"damage":0,"enemies":"Slavers","floor":31,"turns":5},{"damage":45,"enemies":"Collector","floor":33,"turns":9},{"damage":0,"enemies":"Orb Walker","floor":35,"turns":4},{"damage":5,"enemies":"3 Shapes","floor":36,"turns":6},{"damage":0,"enemies":"Sphere and 2 Shapes","floor":41,"turns":5},{"damage":8,"enemies":"Mysterious Sphere","floor":42,"turns":7},{"damage":0,"enemies":"Maw","floor":44,"turns":6},{"damage":0,"enemies":"3 Darklings","floor":48,"turns":6},{"damage":26,"enemies":"Donu and Deca","floor":50,"turns":7}],"event_choices":[{"event_name":"Scrap Ooze","player_choice":"success","floor":4,"damage_taken":12},{"event_name":"Golden Wing","player_choice":"Card Removal","floor":7,"damage_taken":0},{"event_name":"Golden Idol","player_choice":"Take Damage","floor":14,"damage_taken":0},{"event_name":"Cursed Tome","player_choice":"Obtained Book","floor":20,"damage_taken":0},{"event_name":"Golden Shrine","player_choice":"Pray","floor":22,"damage_taken":0},{"event_name":"Winding Halls","player_choice":"Embrace Madness","floor":37,"damage_taken":0},{"event_name":"The Woman in Blue","player_choice":"Bought 0 Potions","floor":38,"damage_taken":0},{"event_name":"Match and Keep!","player_choice":"2 cards matched","floor":39,"damage_taken":0},{"event_name":"Mysterious Sphere","player_choice":"Fight","floor":42,"damage_taken":0}],"boss_relics":[{"not_picked":["Ectoplasm","Cursed Key"],"picked":"Runic Dome"},{"not_picked":["Orrery","Runic Pyramid"],"picked":"Runic Cube"}],"potions_floor_spawned":[2,11,16,24,25,31,35,36,48],"seed_played":"-3341509398902804665","ascension_level":0,"is_trial":false}