{"path_per_floor":["M","?","?","?","M","E","M","R","T","E","R","M","E","M","R","B",null,"M","?","M","$","?","R","M","R","T","R","E","R","$","?","R","B",null,"M","$","M","?","?","R","?","M","T","M","$","R","?","M","R","B"],"character_chosen":"IRONCLAD","items_purchased":["Ornamental Fan","Flash of Steel","Battle Trance"],"gold_per_floor":[113,113,113,188,204,234,247,247,302,327,327,342,372,383,383,482,482,497,497,514,19,19,19,32,32,32,32,66,66,66,66,66,165,165,185,85,95,0,52,52,52,68,123,142,17,17,17,28,28,28],"floor_reached":51,"campfire_rested":0,"playtime":2008,"current_hp_per_floor":[71,71,68,57,60,42,48,48,48,46,46,47,41,48,48,44,82,84,68,67,67,67,67,74,74,74,74,78,78,78,78,78,38,84,82,82,79,79,84,84,84,85,85,89,89,89,89,91,91,92],"items_purged":["Strike_R","Strike_R","Defend_R"],"gold":28,"score":657,"play_id":"f09b694a-c7dc-4d8c-86fd-59e2c5985a17","local_time":"20180303192837","is_prod":false,"is_daily":false,"is_ascension_mode":false,"campfire_upgraded":11,"timestamp":1520101717,"path_taken":["M","?","?","?","M","E","M","R","T","E","R","M","E","M","R","BOSS","M","?","M","$","?","R","M","R","T","R","E","R","?","?","R","BOSS","M","$","M","?","?","R","?","M","T","M","?","R","?","M","R","BOSS"],"build_version":"2018-03-01-PROD1","purchased_purges":4,"victory":true,"master_deck":["Defend_R","Defend_R","Defend_R","Bash","True Grit+1","Whirlwind+1","Iron Wave+1","Uppercut+1","Shrug It Off+1","True Grit+1","Feed","Reaper+1","Dual Wield+1","Body Slam+1","Necronomicurse","Metallicize+1","Flash of Steel+1","Battle Trance+1","True Grit+1","Reaper","Writhe","Impervious","Regret","Pain","Decay","Flame Barrier+1","Shrug It Off+1","True Grit+1","Writhe","Sword Boomerang+1","Ghostly Armor+1"],"max_hp_per_floor":[80,80,80,80,80,80,80,80,80,80,80,80,80,82,82,82,82,84,84,84,84,84,84,84,84,84,84,84,84,84,84,84,84,84,84,84,84,84,84,84,84,86,86,89,89,89,89,92,92,92],"relics":["Burning Blood","Juzu Bracelet","Singing Bowl","Oddly Smooth Stone","Lantern","Ancient Tea Set","Mercury Hourglass","Astrolabe","Necronomicon","Ornamental Fan","Du-Vu Doll","Self Forming Clay","Bag of Preparation","Calling Bell","Orichalcum","Dream Catcher","Sundial","Red Mask","Tiny Chest"],"card_choices":[{"not_picked":["Sword Boomerang","Pommel Strike"],"picked":"True Grit"},{"not_picked":["Bloodletting","Sword Boomerang"],"picked":"Headbutt"},{"not_picked":["Thunderclap","Corruption"],"picked":"Whirlwind"},{"not_picked":["Carnage","Armaments"],"picked":"Iron Wave"},{"not_picked":["Brutality","Iron Wave"],"picked":"Uppercut"},{"not_picked":["Infernal Blade","Body Slam"],"picked":"Shrug It Off"},{"not_picked":["Brutality","Berserk"],"picked":"True Grit"},{"not_picked":["Bludgeon","Berserk"],"picked":"Feed"},{"not_picked":["Headbutt","Power Through"],"picked":"Metallicize"},{"not_picked":["Havoc","Armaments"],"picked":"True Grit"},{"not_picked":["Searing Blow","Headbutt"],"picked":"Reaper"},{"not_picked":["Exhume","Dark Embrace"],"picked":"Impervious"},{"not_picked":["Flex","Warcry"],"picked":"Flame Barrier"},{"not_picked":["Clash","Heavy Blade"],"picked":"Shrug It Off"},{"not_picked":["Dark Embrace","Pommel Strike"],"picked":"True Grit"},{"not_picked":["Shockwave","Fire Breathing"],"picked":"Sword Boomerang"},{"not_picked":["Body Slam","Battle Trance"],"picked":"Ghostly Armor"}],"player_experience":1443382,"potions_floor_usage":[6,18,44,50,50,50],"damage_taken":[{"damage":15,"enemies":"Jaw Worm","floor":1,"turns":4},{"damage":3,"enemies":"Cultist","floor":5,"turns":4},{"damage":24,"enemies":"Lagavulin","floor":6,"turns":6},{"damage":0,"enemies":"2 Louse","floor":7,"turns":3},{"damage":8,"enemies":"3 Sentries","floor":10,"turns":8},{"damage":5,"enemies":"Large Slime","floor":12,"turns":5},{"damage":12,"enemies":"Lagavulin","floor":13,"turns":8},{"damage":1,"enemies":"Looter","floor":14,"turns":3},{"damage":10,"enemies":"Slime Boss","floor":16,"turns":8},{"damage":4,"enemies":"2 Thieves","floor":18,"turns":3},{"damage":7,"enemies":"Spheric Guardian","floor":20,"turns":4},{"damage":6,"enemies":"Snake Plant","floor":24,"turns":3},{"damage":12,"enemies":"Gremlin Leader","floor":28,"turns":5},{"damage":46,"enemies":"Champ","floor":33,"turns":7},{"damage":8,"enemies":"3 Shapes","floor":35,"turns":5},{"damage":11,"enemies":"3 Darklings","floor":37,"turns":4},{"damage":0,"enemies":"Mysterious Sphere","floor":39,"turns":1},{"damage":11,"enemies":"Maw","floor":42,"turns":7},{"damage":21,"enemies":"Sphere and 2 Shapes","floor":44,"turns":5},{"damage":7,"enemies":"4 Shapes","floor":48,"turns":6},{"damage":59,"enemies":"Time Eater","floor":50,"turns":16}],"event_choices":[{"event_name":"The Woman in Blue","player_choice":"Bought 0 Potions","floor":2,"damage_taken":0},{"event_name":"Scrap Ooze","player_choice":"success","floor":3,"damage_taken":3},{"event_name":"World of Goop","player_choice":"Gather Gold","floor":4,"damage_taken":0},{"event_name":"Cursed Tome","player_choice":"Obtained Book","floor":19,"damage_taken":0},{"event_name":"Vampires","player_choice":"Ignored","floor":22,"damage_taken":0},{"event_name":"The Mausoleum","player_choice":"Yes","floor":31,"damage_taken":0},{"event_name":"Tomb of Lord Red Mask","player_choice":"Paid","floor":38,"damage_taken":0},{"event_name":"Mysterious Sphere","player_choice":"Fight","floor":39,"damage_taken":0},{"event_name":"Winding Halls","player_choice":"Writhe","floor":41,"damage_taken":0}],"boss_relics":[{"not_picked":["Pandora\u0027s Box","Snecko Eye"],"picked":"Astrolabe"},{"not_picked":["Runic Pyramid","Velvet Choker"],"picked":"Calling Bell"}],"potions_floor_spawned":[5,7,10,14,16,28,33,42,44,48],"seed_played":"-2987374154239458594","ascension_level":0,"is_trial":false}