{"path_per_floor":["M","?","$","?","M","E","M","R","T","R","E","R","M","M","R","B",null,"M","M","?","$","M","R","?","E","T","$","R","T","$","M","R","B",null,"M","?","?","?","M","R","$","M","T","M","$","$","R","M","R","B"],"character_chosen":"IRONCLAD","items_purchased":["Oddly Smooth Stone","Battle Trance"],"gold_per_floor":[109,184,109,109,128,153,171,171,195,195,221,221,233,253,253,358,358,378,391,391,61,81,81,81,112,135,10,10,10,10,29,29,134,134,144,144,144,144,159,159,159,171,171,187,37,37,37,51,51,51],"floor_reached":51,"campfire_rested":0,"playtime":1884,"current_hp_per_floor":[80,69,69,74,80,85,85,85,85,85,71,71,71,72,72,30,85,82,88,71,71,62,62,62,93,93,93,93,93,93,102,102,108,109,112,112,112,112,115,115,115,118,118,118,115,115,115,118,118,62],"items_purged":["Strike_R","Strike_R","Strike_R","Parasite"],"gold":51,"score":823,"play_id":"5d556573-e299-483f-a5ac-8fa14b1b96cf","local_time":"20180311080528","is_prod":false,"is_daily":false,"is_ascension_mode":false,"campfire_upgraded":10,"timestamp":1520751928,"path_taken":["M","?","$","?","M","E","M","R","T","R","E","R","M","M","R","BOSS","M","M","?","$","M","R","?","E","T","?","R","?","?","M","R","BOSS","M","?","?","?","M","R","$","?","T","?","?","$","R","M","R","BOSS"],"build_version":"2018-03-09","purchased_purges":6,"victory":true,"master_deck":["Strike_R","Defend_R+1","Defend_R+1","Defend_R+1","Defend_R+1","Bash+1","Rampage+1","Flame Barrier+1","Disarm+1","Feed","Battle Trance+1","Shrug It Off+1","Pommel Strike+1","Metallicize+1","Flame Barrier+1","Pommel Strike+1"],"max_hp_per_floor":[80,80,80,85,85,85,85,85,85,85,85,85,85,85,85,85,85,88,88,93,93,96,96,96,106,106,106,106,106,106,109,109,109,109,112,112,112,112,115,115,115,118,118,118,115,115,115,118,118,118],"relics":["Burning Blood","NeowsBlessing","Mercury Hourglass","Prayer Wheel","Paper Frog","Sozu","Oddly Smooth Stone","Pear","Vajra","Frozen Egg 2","Cursed Key","Ginger"],"card_choices":[{"not_picked":["Searing Blow","Hemokinesis"],"picked":"Pommel Strike"},{"not_picked":["Corruption","Headbutt"],"picked":"Rampage"},{"not_picked":["Twin Strike","Fiend Fire"],"picked":"Flame Barrier"},{"not_picked":["Twin Strike","Sever Soul"],"picked":"Disarm"},{"not_picked":["Exhume","Berserk"],"picked":"Feed"},{"not_picked":["Body Slam","Searing Blow"],"picked":"Shrug It Off"},{"not_picked":["True Grit","Power Through"],"picked":"Pommel Strike"},{"not_picked":["Iron Wave","Havoc"],"picked":"Metallicize"},{"not_picked":["Rage","Second Wind"],"picked":"Flame Barrier"},{"not_picked":["Hemokinesis","Anger"],"picked":"Pommel Strike"}],"player_experience":1507736,"potions_floor_usage":[50],"damage_taken":[{"damage":0.0,"enemies":"Jaw Worm","floor":1.0,"turns":1.0},{"damage":0.0,"enemies":"Small Slimes","floor":5.0,"turns":1.0},{"damage":0.0,"enemies":"3 Sentries","floor":6.0,"turns":2.0},{"damage":0.0,"enemies":"2 Louse","floor":7.0,"turns":2.0},{"damage":20.0,"enemies":"Lagavulin","floor":11.0,"turns":7.0},{"damage":6.0,"enemies":"Exordium Wildlife","floor":13.0,"turns":5.0},{"damage":5.0,"enemies":"Looter","floor":14.0,"turns":3.0},{"damage":48.0,"enemies":"Hexaghost","floor":16.0,"turns":12.0},{"damage":12.0,"enemies":"2 Thieves","floor":18.0,"turns":4.0},{"damage":0.0,"enemies":"Chosen","floor":19.0,"turns":5.0},{"damage":18.0,"enemies":"Sentry and Sphere","floor":22.0,"turns":6.0},{"damage":0.0,"enemies":"Book of Stabbing","floor":25.0,"turns":5.0},{"damage":0.0,"enemies":"Centurion and Healer","floor":31.0,"turns":6.0},{"damage":0.0,"enemies":"Champ","floor":33.0,"turns":9.0},{"damage":0.0,"enemies":"Orb Walker","floor":35.0,"turns":2.0},{"damage":0,"enemies":"3 Shapes","floor":39,"turns":5},{"damage":0,"enemies":"3 Darklings","floor":42,"turns":5},{"damage":0,"enemies":"Maw","floor":44,"turns":6},{"damage":0,"enemies":"Sphere and 2 Shapes","floor":48,"turns":6},{"damage":77,"enemies":"Donu and Deca","floor":50,"turns":15}],"event_choices":[{"event_name":"World of Goop","player_choice":"Gather Gold","floor":2.0,"damage_taken":0.0},{"event_name":"Big Fish","player_choice":"Donut","floor":4.0,"damage_taken":0.0},{"event_name":"Forgotten Altar","player_choice":"Shed Blood","floor":20.0,"damage_taken":0.0},{"event_name":"Purifier","player_choice":"One Purge","floor":24.0,"damage_taken":0.0},{"event_name":"Mysterious Sphere","player_choice":"Ignore","floor":37,"damage_taken":0},{"event_name":"Tomb of Lord Red Mask","player_choice":"Ignored","floor":38,"damage_taken":0}],"boss_relics":[],"potions_floor_spawned":[1,14,16,18,25,39,44],"seed_played":"5281117938873601425","ascension_level":0,"is_trial":false}