{"path_per_floor":["M","M","?","$","M","R","?","R","T","$","E","$","R","M","R","B",null,"M","$","?","$","M","M","?","M","T","E","R","E","R","M","R","B",null,"M","?","?","$","M","R","M","R","T","R","M","?","M","M","R","B"],"character_chosen":"IRONCLAD","items_purchased":["Happy Flower","Flame Barrier","Lantern","Havoc","Flame Barrier","Shrug It Off"],"gold_per_floor":[215,230,230,155,169,169,169,169,469,142,169,0,0,11,11,107,107,127,52,52,6,17,37,37,54,79,112,112,140,140,159,159,263,263,278,278,278,153,172,172,185,185,185,185,201,0,11,24,24,24],"floor_reached":51,"campfire_rested":1,"playtime":1959,"current_hp_per_floor":[80,80,73,73,78,78,78,78,78,78,74,74,74,80,80,41,80,75,75,75,75,72,75,60,62,62,55,55,59,59,66,66,15,85,82,82,71,71,78,85,85,85,85,85,85,85,85,60,85,53],"items_purged":["Strike_R","Strike_R","Strike_R"],"gold":24,"score":710,"play_id":"2663ed83-edea-4a75-9a3f-f78cbcc5832a","local_time":"20180313045652","is_prod":false,"is_daily":false,"is_ascension_mode":false,"campfire_upgraded":10,"timestamp":1520913412,"path_taken":["M","M","?","?","?","R","?","R","T","?","E","$","R","M","R","BOSS","M","$","?","?","M","?","?","M","T","E","R","E","R","M","R","BOSS","M","?","?","?","M","R","M","R","T","R","M","?","M","M","R","BOSS"],"build_version":"2018-03-09","purchased_purges":3,"victory":true,"master_deck":["Strike_R","Defend_R","Defend_R","Defend_R","Defend_R","Bash+1","Pommel Strike","Cleave+1","Twin Strike","Flame Barrier+1","Havoc+1","Shrug It Off+1","Brutality","Flex+1","Flame Barrier+1","Shrug It Off","Flame Barrier+1","Uppercut+1","Body Slam+1","Barricade+1","Iron Wave+1","Madness","Madness","Shrug It Off+1","Battle Trance"],"max_hp_per_floor":[80,80,80,80,80,80,80,80,80,80,80,80,80,80,80,80,80,80,80,80,80,80,80,85,85,85,85,85,85,85,85,85,85,85,85,85,85,85,85,85,85,85,85,85,85,85,85,85,85,85],"relics":["Burning Blood","Paper Frog","Old Coin","Happy Flower","Bag of Preparation","Lantern","Philosopher\u0027s Stone","Oddly Smooth Stone","Bird Faced Urn","Peace Pipe","Eternal Feather","Dream Catcher","Red Mask"],"card_choices":[{"not_picked":["Heavy Blade","True Grit"],"picked":"Pommel Strike"},{"not_picked":["Clash","Armaments"],"picked":"Cleave"},{"not_picked":["Thunderclap","Dual Wield"],"picked":"Twin Strike"},{"not_picked":["Sever Soul","Feed"],"picked":"Shrug It Off"},{"not_picked":["Fiend Fire","Juggernaut"],"picked":"Brutality"},{"not_picked":["Anger","Twin Strike"],"picked":"Flex"},{"not_picked":["Searing Blow","Heavy Blade"],"picked":"Flame Barrier"},{"not_picked":["Wild Strike","Anger"],"picked":"Uppercut"},{"not_picked":["Dark Embrace","Seeing Red"],"picked":"Body Slam"},{"not_picked":["Demon Form","Feed"],"picked":"Barricade"},{"not_picked":["Sever Soul","Pommel Strike"],"picked":"Iron Wave"},{"not_picked":["Wild Strike","Blood for Blood"],"picked":"Shrug It Off"},{"not_picked":["Fire Breathing","Clothesline"],"picked":"Battle Trance"}],"player_experience":1526562,"potions_floor_usage":[48,50,50],"damage_taken":[{"damage":4.0,"enemies":"2 Louse","floor":1.0,"turns":3.0},{"damage":1.0,"enemies":"Jaw Worm","floor":2.0,"turns":4.0},{"damage":1.0,"enemies":"Cultist","floor":5.0,"turns":4.0},{"damage":10.0,"enemies":"3 Sentries","floor":11.0,"turns":6.0},{"damage":0.0,"enemies":"Lots of Slimes","floor":14.0,"turns":1.0},{"damage":45.0,"enemies":"Hexaghost","floor":16.0,"turns":10.0},{"damage":11.0,"enemies":"Spheric Guardian","floor":18.0,"turns":4.0},{"damage":9.0,"enemies":"3 Byrds","floor":22.0,"turns":2.0},{"damage":3.0,"enemies":"Cultist and Chosen","floor":23.0,"turns":6.0},{"damage":4.0,"enemies":"Snecko","floor":25.0,"turns":6.0},{"damage":13.0,"enemies":"Slavers","floor":27.0,"turns":5.0},{"damage":4.0,"enemies":"Gremlin Leader","floor":29.0,"turns":5.0},{"damage":1.0,"enemies":"Centurion and Healer","floor":31.0,"turns":4.0},{"damage":59.0,"enemies":"Champ","floor":33.0,"turns":9.0},{"damage":9.0,"enemies":"3 Darklings","floor":35.0,"turns":6.0},{"damage":3.0,"enemies":"3 Shapes","floor":39.0,"turns":4.0},{"damage":6.0,"enemies":"3 Darklings","floor":41.0,"turns":6.0},{"damage":4.0,"enemies":"4 Shapes","floor":45.0,"turns":5.0},{"damage":5.0,"enemies":"Maw","floor":47.0,"turns":6.0},{"damage":33,"enemies":"Sphere and 2 Shapes","floor":48,"turns":8},{"damage":54,"enemies":"Awakened One","floor":50,"turns":10}],"event_choices":[{"event_name":"Golden Wing","player_choice":"Card Removal","floor":3.0,"damage_taken":0.0},{"event_name":"Dead Adventurer","player_choice":"Searched \u00272\u0027 times","floor":7.0,"damage_taken":0.0},{"event_name":"Addict","player_choice":"Ignored","floor":20.0,"damage_taken":0.0},{"event_name":"Forgotten Altar","player_choice":"Shed Blood","floor":24.0,"damage_taken":0.0},{"event_name":"Mysterious Sphere","player_choice":"Ignore","floor":36.0,"damage_taken":0.0},{"event_name":"Winding Halls","player_choice":"Embrace Madness","floor":37.0,"damage_taken":0.0},{"event_name":"Tomb of Lord Red Mask","player_choice":"Paid","floor":46.0,"damage_taken":0.0}],"boss_relics":[],"potions_floor_spawned":[5,11,14,16,18,29,39,41,45],"seed_played":"3334459230697091454","ascension_level":0,"is_trial":false}