{"path_per_floor":["M","M","?","M","?","R","E","M","T","M","M","M","R","M","R","B",null,"M","?","$","T","M","E","$","R","T","R","M","R","?","M","R","B",null,"M","?","?","M","M","R","M","?","T","R","?","?","M","$","R","B"],"character_chosen":"IRONCLAD","items_purchased":["Flame Barrier","Bronze Scales"],"gold_per_floor":[17,27,27,41,41,41,72,88,114,131,147,166,166,178,178,279,279,293,208,133,133,153,184,45,45,68,68,86,86,86,104,104,201,201,217,271,271,284,301,301,314,314,314,314,314,314,327,58,58,58],"floor_reached":51,"campfire_rested":0,"playtime":3097,"current_hp_per_floor":[80,80,64,68,68,68,70,68,68,74,78,80,80,80,80,61,80,80,80,80,80,80,80,80,80,80,80,80,80,94,94,94,57,94,94,94,94,94,94,94,94,94,94,94,82,82,92,92,92,65],"items_purged":["Strike_R","Strike_R","Strike_R"],"gold":58,"score":519,"play_id":"c0c8b321-646f-4e22-afa0-61f67c1714f7","local_time":"20180303123717","is_prod":false,"is_daily":false,"is_ascension_mode":false,"campfire_upgraded":10,"timestamp":1520077037,"path_taken":["M","M","?","M","?","R","E","M","T","M","M","M","R","M","R","BOSS","M","?","?","?","M","E","$","R","T","R","M","R","?","M","R","BOSS","M","?","?","M","M","R","M","?","T","R","?","?","M","$","R","BOSS"],"build_version":"2018-03-01-PROD1","purchased_purges":4,"victory":true,"master_deck":["Defend_R+1","Defend_R+1","Defend_R+1","Defend_R+1","Uppercut+1","Iron Wave+1","Twin Strike","Shrug It Off+1","Headbutt","Cleave+1","Battle Trance+1","Double Tap+1","Intimidate+1","Flame Barrier+1","Spot Weakness+1","Body Slam+1","True Grit+1","Body Slam+1","Flame Barrier+1","Madness","Madness","Shrug It Off+1"],"max_hp_per_floor":[80,80,80,80,80,80,80,80,80,80,80,80,80,80,80,80,80,80,80,80,80,80,80,80,80,80,80,80,80,94,94,94,94,94,94,94,94,94,94,94,94,94,94,94,94,94,94,94,94,94],"relics":["Black Blood","Dream Catcher","Lantern","Sozu","Blue Candle","Thread and Needle","Ginger","Juzu Bracelet","Mango","Champion Belt","Calipers","Bronze Scales"],"card_choices":[{"not_picked":["Perfected Strike","Fire Breathing"],"picked":"Uppercut"},{"not_picked":["Dropkick","Pommel Strike"],"picked":"Iron Wave"},{"not_picked":["Blood for Blood","Second Wind"],"picked":"Twin Strike"},{"not_picked":["Wild Strike","Battle Trance"],"picked":"Shrug It Off"},{"not_picked":["Clothesline","Shockwave"],"picked":"Headbutt"},{"not_picked":["Thunderclap","Intimidate"],"picked":"Cleave"},{"not_picked":["Body Slam","Headbutt"],"picked":"Battle Trance"},{"not_picked":["Limit Break","Fiend Fire"],"picked":"Double Tap"},{"not_picked":["Heavy Blade","Carnage"],"picked":"Intimidate"},{"not_picked":["Anger","Dual Wield"],"picked":"Carnage"},{"not_picked":["Pommel Strike","Havoc"],"picked":"Spot Weakness"},{"not_picked":["Battle Trance","Armaments"],"picked":"Body Slam"},{"not_picked":["Twin Strike","Thunderclap"],"picked":"True Grit"},{"not_picked":["True Grit","Dual Wield"],"picked":"Body Slam"},{"not_picked":["Clash","Headbutt"],"picked":"Shrug It Off"}],"player_experience":1440285,"potions_floor_usage":[8,23,28,50],"damage_taken":[{"damage":3,"enemies":"Jaw Worm","floor":1,"turns":6},{"damage":3,"enemies":"Small Slimes","floor":2,"turns":3},{"damage":2,"enemies":"2 Louse","floor":4,"turns":4},{"damage":4,"enemies":"3 Sentries","floor":7,"turns":9},{"damage":8,"enemies":"Exordium Thugs","floor":8,"turns":5},{"damage":0,"enemies":"Looter","floor":10,"turns":2},{"damage":2,"enemies":"Exordium Wildlife","floor":11,"turns":5},{"damage":0,"enemies":"Blue Slaver","floor":12,"turns":2},{"damage":0,"enemies":"Red Slaver","floor":14,"turns":4},{"damage":25,"enemies":"The Guardian","floor":16,"turns":15},{"damage":0,"enemies":"Chosen","floor":18,"turns":4},{"damage":1,"enemies":"Shell Parasite","floor":22,"turns":4},{"damage":0,"enemies":"Slavers","floor":23,"turns":5},{"damage":0,"enemies":"Snecko","floor":28,"turns":4},{"damage":4,"enemies":"Centurion and Healer","floor":31,"turns":3},{"damage":43,"enemies":"Automaton","floor":33,"turns":9},{"damage":5,"enemies":"3 Shapes","floor":35,"turns":3},{"damage":2,"enemies":"Mysterious Sphere","floor":36,"turns":7},{"damage":0,"enemies":"Orb Walker","floor":38,"turns":3},{"damage":0,"enemies":"3 Darklings","floor":39,"turns":4},{"damage":2,"enemies":"4 Shapes","floor":41,"turns":8},{"damage":0,"enemies":"Maw","floor":47,"turns":5},{"damage":37,"enemies":"Donu and Deca","floor":50,"turns":10}],"event_choices":[{"event_name":"Shining Light","player_choice":"Entered Light","floor":3,"damage_taken":0},{"event_name":"Purifier","player_choice":"One Purge","floor":5,"damage_taken":0},{"event_name":"Addict","player_choice":"Obtained Relic","floor":19,"damage_taken":0},{"event_name":"The Mausoleum","player_choice":"Yes","floor":30,"damage_taken":0},{"event_name":"Mysterious Sphere","player_choice":"Fight","floor":36,"damage_taken":0},{"event_name":"Duplicator","player_choice":"One dupe","floor":42,"damage_taken":0},{"event_name":"Winding Halls","player_choice":"Embrace Madness","floor":45,"damage_taken":0},{"event_name":"Tomb of Lord Red Mask","player_choice":"Ignored","floor":46,"damage_taken":0}],"boss_relics":[{"not_picked":["Runic Pyramid","Pandora\u0027s Box"],"picked":"Sozu"},{"not_picked":["Snecko Eye","White Beast Statue"],"picked":"Black Blood"}],"potions_floor_spawned":[1,7,12,16,18,33,36,39],"seed_played":"644032682932647262","ascension_level":0,"is_trial":false}