{"path_per_floor":["M","M","M","M","M","R","E","?","T","R","M","M","R","M","R","B",null,"M","$","?","?","$","R","M","M","T","M","$","R","?","M","R","B",null,"M","M","?","T","M","R","E","R","T","?","?","M","R","$","R","B"],"character_chosen":"IRONCLAD","items_purchased":["Shrug It Off","Evolve","Shrug It Off","Bag of Preparation"],"gold_per_floor":[16,27,38,51,65,65,126,126,203,203,218,236,236,250,250,354,354,369,215,215,215,14,14,32,51,120,138,38,38,38,51,51,152,152,171,191,191,214,226,226,261,261,284,284,284,303,303,178,178,178],"floor_reached":51,"campfire_rested":1,"playtime":1739,"current_hp_per_floor":[80,80,80,74,74,74,64,48,48,48,47,53,53,59,59,46,80,73,73,80,80,80,80,86,79,79,85,85,85,85,87,87,72,87,87,87,76,76,82,82,67,67,67,67,67,69,87,87,87,77],"items_purged":["Strike_R","Bash","Strike_R"],"gold":178,"score":704,"play_id":"4b8fc4ca-6d60-4916-9ae2-b97f72f75087","local_time":"20180316185735","is_prod":false,"is_daily":false,"is_ascension_mode":false,"campfire_upgraded":10,"timestamp":1521223055,"path_taken":["M","M","M","M","M","R","E","?","T","R","M","?","R","?","R","BOSS","M","?","?","?","$","R","M","?","T","M","$","R","?","M","R","BOSS","M","M","?","?","?","R","E","R","T","?","?","M","R","$","R","BOSS"],"build_version":"2018-03-15","purchased_purges":3,"victory":true,"master_deck":["Defend_R+1","Defend_R+1","Defend_R+1","Defend_R+1","Body Slam+1","Inflame+1","Disarm+1","Body Slam+1","Flame Barrier+1","Shrug It Off+1","Limit Break+1","Shrug It Off+1","Evolve+1","Shrug It Off+1","Disarm","Impervious","Body Slam+1","Madness+1","Madness","Brutality"],"max_hp_per_floor":[80,80,80,80,80,80,80,80,80,80,80,80,80,80,80,80,80,80,80,87,87,87,87,87,87,87,87,87,87,87,87,87,87,87,87,87,87,87,87,87,87,87,87,87,87,87,87,87,87,87],"relics":["Burning Blood","Tiny Chest","Kunai","Sozu","Strawberry","Bag of Preparation","Molten Egg 2","Runic Dome","Anchor","Whetstone","Omamori"],"card_choices":[{"not_picked":["Iron Wave","Inflame"],"picked":"Body Slam"},{"not_picked":["Warcry","Wild Strike"],"picked":"Inflame"},{"not_picked":["Heavy Blade","Infernal Blade"],"picked":"Disarm"},{"not_picked":["Disarm","Sword Boomerang"],"picked":"Body Slam"},{"not_picked":["Body Slam","Berserk"],"picked":"Flame Barrier"},{"not_picked":["Berserk","Spot Weakness"],"picked":"Shrug It Off"},{"not_picked":["Offering","Double Tap"],"picked":"Limit Break"},{"not_picked":["Dropkick","Bloodletting"],"picked":"Disarm"},{"not_picked":["Burning Pact","Searing Blow"],"picked":"Shrug It Off"},{"not_picked":["Double Tap","Limit Break"],"picked":"Impervious"},{"not_picked":["Dual Wield","Pommel Strike"],"picked":"Body Slam"},{"not_picked":["Havoc","Body Slam"],"picked":"Brutality"}],"player_experience":1546026,"potions_floor_usage":[5,7,14,50],"damage_taken":[{"damage":6,"enemies":"Jaw Worm","floor":1,"turns":6},{"damage":5,"enemies":"Cultist","floor":2,"turns":4},{"damage":0,"enemies":"Small Slimes","floor":3,"turns":4},{"damage":12,"enemies":"2 Fungi Beasts","floor":4,"turns":5},{"damage":6,"enemies":"Large Slime","floor":5,"turns":7},{"damage":31,"enemies":"3 Sentries","floor":7,"turns":10},{"damage":7,"enemies":"Blue Slaver","floor":11,"turns":3},{"damage":0,"enemies":"3 Louse","floor":12,"turns":4},{"damage":0,"enemies":"Gremlin Gang","floor":14,"turns":5},{"damage":19,"enemies":"The Guardian","floor":16,"turns":13},{"damage":13,"enemies":"Chosen","floor":18,"turns":5},{"damage":0,"enemies":"Spheric Guardian","floor":24,"turns":4},{"damage":13,"enemies":"Cultist and Chosen","floor":25,"turns":7},{"damage":0,"enemies":"Snake Plant","floor":27,"turns":3},{"damage":0,"enemies":"Chosen and Byrds","floor":31,"turns":4},{"damage":21,"enemies":"Collector","floor":33,"turns":9},{"damage":0,"enemies":"Orb Walker","floor":35,"turns":3},{"damage":0,"enemies":"3 Shapes","floor":36,"turns":4},{"damage":0,"enemies":"3 Darklings","floor":39,"turns":4},{"damage":21,"enemies":"Nemesis","floor":41,"turns":5},{"damage":4,"enemies":"Maw","floor":46,"turns":6},{"damage":16,"enemies":"Awakened One","floor":50,"turns":7}],"event_choices":[{"event_name":"Shining Light","player_choice":"Entered Light","floor":8,"damage_taken":0},{"event_name":"The Mausoleum","player_choice":"Yes","floor":20,"damage_taken":0},{"event_name":"Back to Basics","player_choice":"Simplicity","floor":21,"damage_taken":0},{"event_name":"Purifier","player_choice":"One Purge","floor":30,"damage_taken":0},{"event_name":"Winding Halls","player_choice":"Embrace Madness","floor":37,"damage_taken":0},{"event_name":"Mysterious Sphere","player_choice":"Ignore","floor":44,"damage_taken":0}],"boss_relics":[{"not_picked":["Cursed Key","Black Star"],"picked":"Sozu"},{"not_picked":["Calling Bell","Question Card"],"picked":"Runic Dome"}],"potions_floor_spawned":[2,3,4,7,27,33,39,41,46],"seed_played":"-5714351729505229943","ascension_level":0,"is_trial":false}