{"path_per_floor":["M","?","?","M","M","R","M","R","T","R","?","M","E","$","R","B",null,"M","?","$","M","M","E","M","M","T","R","M","?","R","E","R","B",null,"M","M","?","M","?","R","M","E","T","M","?","R","$","M","R","B"],"character_chosen":"IRONCLAD","items_purchased":["Lantern","Sword Boomerang","Kunai"],"gold_per_floor":[114,64,64,85,109,109,134,134,210,210,210,231,262,39,39,168,168,192,192,66,79,93,134,148,162,187,187,210,210,210,251,251,380,380,399,420,420,444,444,444,462,496,578,593,593,593,228,247,247,247],"floor_reached":51,"campfire_rested":2,"playtime":2081,"current_hp_per_floor":[72,72,54,60,66,66,71,71,71,71,71,71,69,69,69,46,72,72,72,72,72,72,72,63,69,69,69,72,72,72,72,72,46,72,72,72,63,49,49,72,50,56,56,57,57,57,57,59,72,60],"items_purged":["Strike_R","Strike_R","Madness"],"gold":247,"score":820,"play_id":"9d020288-6b00-4732-9850-b119decd96f1","local_time":"20180321134237","is_prod":false,"is_daily":false,"is_ascension_mode":false,"campfire_upgraded":8,"timestamp":1521636157,"path_taken":["M","?","?","M","M","R","M","R","T","R","?","M","E","$","R","BOSS","M","?","$","M","M","E","M","M","T","R","M","?","R","E","R","BOSS","M","M","?","?","?","R","M","E","T","M","?","R","$","?","R","BOSS"],"build_version":"2018-03-15v3","purchased_purges":3,"victory":true,"master_deck":["Defend_R","Defend_R","Defend_R","Flame Barrier+1","Flame Barrier+1","Demon Form+1","Body Slam+1","Twin Strike","Metallicize+1","Shrug It Off+1","Sword Boomerang+1","Intimidate+1","Shrug It Off+1","Shrug It Off","Metallicize","Shrug It Off+1","Barricade","Madness","True Grit+1","Rupture","True Grit+1"],"max_hp_per_floor":[72,72,72,72,72,72,72,72,72,72,72,72,72,72,72,72,72,72,72,72,72,72,72,72,72,72,72,72,72,72,72,72,72,72,72,72,72,72,72,72,72,72,72,72,72,72,72,72,72,72],"relics":["Burning Blood","Golden Idol","Shuriken","Prayer Wheel","Lantern","Velvet Choker","Vajra","Regal Pillow","Ice Cream","Mark of Pain","Paper Frog","Darkstone Periapt","Kunai"],"card_choices":[{"not_picked":["Armaments","Heavy Blade"],"picked":"Flame Barrier"},{"not_picked":["Pummel","Cleave"],"picked":"Flame Barrier"},{"not_picked":["Flex","Anger"],"picked":"Demon Form"},{"not_picked":["Entrench","Evolve"],"picked":"Body Slam"},{"not_picked":["Anger","Flex"],"picked":"Twin Strike"},{"not_picked":["Rage","Dual Wield"],"picked":"Metallicize"},{"not_picked":["Heavy Blade","Twin Strike"],"picked":"Shrug It Off"},{"not_picked":["Entrench","Wild Strike"],"picked":"Intimidate"},{"not_picked":["Second Wind","Thunderclap"],"picked":"Shrug It Off"},{"not_picked":["Sever Soul","True Grit"],"picked":"Shrug It Off"},{"not_picked":["Flex","Cleave"],"picked":"Metallicize"},{"not_picked":["Uppercut","Cleave"],"picked":"Shrug It Off"},{"not_picked":["Juggernaut","Immolate"],"picked":"Barricade"},{"not_picked":["Bludgeon","Thunderclap"],"picked":"True Grit"},{"not_picked":["Inflame","Anger"],"picked":"True Grit"}],"player_experience":1566031,"potions_floor_usage":[23,25,50,50,50],"damage_taken":[{"damage":5.0,"enemies":"Small Slimes","floor":1.0,"turns":4.0},{"damage":0.0,"enemies":"2 Louse","floor":4.0,"turns":3.0},{"damage":0.0,"enemies":"Cultist","floor":5.0,"turns":5.0},{"damage":1.0,"enemies":"Lots of Slimes","floor":7.0,"turns":5.0},{"damage":6.0,"enemies":"2 Fungi Beasts","floor":12.0,"turns":3.0},{"damage":8.0,"enemies":"3 Sentries","floor":13.0,"turns":6.0},{"damage":29.0,"enemies":"The Guardian","floor":16.0,"turns":9.0},{"damage":0.0,"enemies":"Shell Parasite","floor":18.0,"turns":5.0},{"damage":2.0,"enemies":"Spheric Guardian","floor":21.0,"turns":5.0},{"damage":5.0,"enemies":"Snake Plant","floor":22.0,"turns":3.0},{"damage":0,"enemies":"Gremlin Leader","floor":23,"turns":6},{"damage":15,"enemies":"Cultist and Chosen","floor":24,"turns":7},{"damage":0,"enemies":"Slaver and Parasite","floor":25,"turns":8},{"damage":0,"enemies":"Snecko","floor":28,"turns":6},{"damage":6,"enemies":"Book of Stabbing","floor":31,"turns":5},{"damage":32,"enemies":"Collector","floor":33,"turns":9},{"damage":0,"enemies":"Orb Walker","floor":35,"turns":5},{"damage":3,"enemies":"3 Shapes","floor":36,"turns":6},{"damage":20,"enemies":"3 Darklings","floor":38,"turns":6},{"damage":28,"enemies":"Sphere and 2 Shapes","floor":41,"turns":8},{"damage":0,"enemies":"Giant Head","floor":42,"turns":8},{"damage":5,"enemies":"4 Shapes","floor":44,"turns":9},{"damage":4,"enemies":"3 Darklings","floor":48,"turns":6},{"damage":18,"enemies":"Time Eater","floor":50,"turns":9}],"event_choices":[{"event_name":"The Cleric","player_choice":"Card Removal","floor":2.0,"damage_taken":0.0},{"event_name":"Golden Idol","player_choice":"Take Damage","floor":3.0,"damage_taken":0.0},{"event_name":"Accursed Blacksmith","player_choice":"Forge","floor":11.0,"damage_taken":0.0},{"event_name":"The Mausoleum","player_choice":"No","floor":19.0,"damage_taken":0.0},{"event_name":"Match and Keep!","player_choice":"0 cards matched","floor":29,"damage_taken":0},{"event_name":"Winding Halls","player_choice":"Embrace Madness","floor":37,"damage_taken":0},{"event_name":"Transmorgrifier","player_choice":"Transform","floor":39,"damage_taken":0}],"boss_relics":[{"not_picked":["Philosopher\u0027s Stone","Eternal Feather"],"picked":"Mark of Pain"}],"potions_floor_spawned":[4,5,12,18,22,24,25,33,35,38,44,48],"seed_played":"2677517377065561605","ascension_level":0,"is_trial":false}