{"path_per_floor":["M","?","$","?","?","R","M","R","T","R","?","E","R","M","R","B",null,"M","?","M","?","M","R","E","R","T","R","M","?","R","M","R","B",null,"M","?","M","M","$","R","M","?","T","M","R","$","M","M","R","B"],"character_chosen":"IRONCLAD","items_purchased":["Vajra","Self Forming Clay","Metallicize","Body Slam","Block Potion"],"gold_per_floor":[117,192,39,39,39,39,52,52,127,127,127,158,158,174,174,271,271,290,290,301,301,314,314,346,346,398,398,408,408,408,422,422,525,525,545,545,555,569,168,168,178,178,204,224,224,130,142,158,158,158],"floor_reached":51,"campfire_rested":1,"playtime":2563,"current_hp_per_floor":[75,64,64,48,48,48,54,54,54,54,59,50,50,56,56,25,85,85,85,69,69,80,80,81,81,81,81,82,66,66,72,72,70,90,72,72,76,79,79,79,85,74,74,63,90,90,90,90,90,76],"items_purged":["Infernal Blade"],"gold":158,"score":716,"play_id":"7f1e47fb-8a24-448a-9872-fb4b97ff0438","local_time":"20180322183419","is_prod":false,"is_daily":false,"is_ascension_mode":false,"campfire_upgraded":12,"timestamp":1521740059,"path_taken":["M","?","$","?","?","R","M","R","T","R","?","E","R","?","R","BOSS","M","?","M","?","?","R","E","R","T","R","M","?","R","?","R","BOSS","M","?","M","M","$","R","M","?","T","M","R","$","?","M","R","BOSS"],"build_version":"2018-03-15v3","purchased_purges":2,"victory":true,"master_deck":["Strike_R+1","Strike_R+1","Defend_R+1","Defend_R+1","Defend_R+1","Defend_R+1","Bash+1","Double Tap+1","Rage+1","Barricade+1","Intimidate+1","Juggernaut+1","Shrug It Off+1","Evolve+1","Iron Wave","Shrug It Off+1","Shrug It Off+1","Shockwave+1","Rage+1","Brutality","Iron Wave","Rampage+1","Metallicize","Intimidate+1","Madness","Madness","Shrug It Off+1","Body Slam+1"],"max_hp_per_floor":[80,80,80,80,80,80,80,80,80,80,85,85,85,85,85,85,85,85,85,85,85,85,85,85,85,85,85,85,90,90,90,90,90,90,90,90,90,90,90,90,90,90,90,90,90,90,90,90,90,90],"relics":["Burning Blood","Vajra","Dodecahedron","Happy Flower","Astrolabe","Kunai","Ancient Tea Set","Mark of Pain","Self Forming Clay","Prayer Wheel"],"card_choices":[{"not_picked":["Warcry","Anger"],"picked":"Rage"},{"not_picked":["Body Slam","Warcry"],"picked":"Barricade"},{"not_picked":["Twin Strike","Dual Wield"],"picked":"Intimidate"},{"not_picked":["Exhume","Barricade"],"picked":"Juggernaut"},{"not_picked":["Shrug It Off","Anger"],"picked":"Evolve"},{"not_picked":["Sword Boomerang","Seeing Red"],"picked":"Shrug It Off"},{"not_picked":["Reckless Charge","Anger"],"picked":"Shrug It Off"},{"not_picked":["Thunderclap","Dark Embrace"],"picked":"Shockwave"},{"not_picked":["Flex","Anger"],"picked":"Rage"},{"not_picked":["Dark Embrace","Barricade"],"picked":"Brutality"},{"not_picked":["Wild Strike","Inflame"],"picked":"Iron Wave"},{"not_picked":["Twin Strike","Thunderclap"],"picked":"Rampage"},{"not_picked":["Twin Strike","Armaments"],"picked":"Intimidate"},{"not_picked":["Headbutt","Anger"],"picked":"Shrug It Off"}],"player_experience":1572673,"potions_floor_usage":[18,24,28,37,48,48,50],"damage_taken":[{"damage":11,"enemies":"Jaw Worm","floor":1,"turns":5},{"damage":0,"enemies":"2 Louse","floor":7,"turns":3},{"damage":15,"enemies":"Gremlin Nob","floor":12,"turns":4},{"damage":0,"enemies":"Small Slimes","floor":14,"turns":3},{"damage":37,"enemies":"Hexaghost","floor":16,"turns":12},{"damage":0,"enemies":"Chosen","floor":18,"turns":8},{"damage":22,"enemies":"Spheric Guardian","floor":20,"turns":5},{"damage":0,"enemies":"Snake Plant","floor":22,"turns":7},{"damage":20,"enemies":"Book of Stabbing","floor":24,"turns":6},{"damage":5,"enemies":"Sentry and Sphere","floor":28,"turns":6},{"damage":0,"enemies":"3 Cultists","floor":31,"turns":7},{"damage":8,"enemies":"Automaton","floor":33,"turns":15},{"damage":24,"enemies":"3 Darklings","floor":35,"turns":6},{"damage":2,"enemies":"3 Shapes","floor":37,"turns":4},{"damage":3,"enemies":"3 Darklings","floor":38,"turns":7},{"damage":0,"enemies":"4 Shapes","floor":41,"turns":6},{"damage":17,"enemies":"Maw","floor":44,"turns":7},{"damage":6,"enemies":"Sphere and 2 Shapes","floor":47,"turns":6},{"damage":1,"enemies":"4 Shapes","floor":48,"turns":6},{"damage":20,"enemies":"Donu and Deca","floor":50,"turns":9}],"event_choices":[{"event_name":"World of Goop","player_choice":"Gather Gold","floor":2,"damage_taken":0},{"event_name":"Shining Light","player_choice":"Entered Light","floor":4,"damage_taken":0},{"event_name":"Liars Game","player_choice":"disagreed","floor":5,"damage_taken":0},{"event_name":"Big Fish","player_choice":"Donut","floor":11,"damage_taken":0},{"event_name":"The Library","player_choice":"Read","floor":19,"damage_taken":0},{"event_name":"Back to Basics","player_choice":"Simplicity","floor":21,"damage_taken":0},{"event_name":"Forgotten Altar","player_choice":"Shed Blood","floor":29,"damage_taken":0},{"event_name":"Winding Halls","player_choice":"Embrace Madness","floor":42,"damage_taken":0}],"boss_relics":[{"not_picked":["Runic Cube","Tiny House"],"picked":"Astrolabe"},{"not_picked":["White Beast Statue","Snecko Eye"],"picked":"Mark of Pain"}],"potions_floor_spawned":[7,16,18,22,33,38,44],"seed_played":"-9073328721539160853","ascension_level":0,"is_trial":false}