{"path_per_floor":["M","T","?","$","M","R","?","R","T","M","R","E","R","?","R","B",null,"M","$","?","M","?","E","R","M","T","R","M","$","M","?","R","B",null,"M","?","M","?","$","R","$","R","T","M","M","M","R","M","R","B"],"character_chosen":"IRONCLAD","items_purchased":["Shrug It Off","Darkstone Periapt","Shrug It Off","Shockwave"],"gold_per_floor":[117,194,144,44,58,58,58,58,135,154,154,197,197,197,197,328,328,349,45,45,68,68,102,102,127,127,127,140,40,59,59,59,161,161,179,179,192,192,192,192,32,32,32,51,64,84,84,94,94,94],"floor_reached":51,"campfire_rested":1,"playtime":1833,"current_hp_per_floor":[80,80,80,80,80,80,60,60,60,66,66,70,70,70,70,7,80,80,80,80,80,80,76,76,82,102,102,95,95,90,90,90,26,110,110,110,110,96,96,96,96,96,102,100,100,111,111,97,116,104],"items_purged":["Strike_R","Doubt","Strike_R"],"gold":94,"score":739,"play_id":"1f32d9b3-a188-420c-8789-0af3cac60cc9","local_time":"20180322141828","is_prod":false,"is_daily":false,"is_ascension_mode":false,"campfire_upgraded":11,"timestamp":1521724708,"path_taken":["M","?","?","$","?","R","?","R","T","M","R","E","R","?","R","BOSS","M","$","?","M","?","E","R","M","T","R","M","$","M","?","R","BOSS","M","?","?","?","?","R","$","R","T","M","M","M","R","M","R","BOSS"],"build_version":"2018-03-15v3","purchased_purges":3,"victory":true,"master_deck":["Strike_R","Strike_R","Defend_R+1","Defend_R","Defend_R","Defend_R","Bash+1","Havoc+1","Shrug It Off+1","Sword Boomerang","Shrug It Off+1","Cleave+1","Bludgeon+1","Cleave+1","Shrug It Off+1","Shockwave","Body Slam+1","Rage+1","Inflame+1","Barricade+1","Shrug It Off+1","Madness","Madness","Shockwave","Writhe","True Grit+1"],"max_hp_per_floor":[80,80,80,80,80,80,80,80,80,80,80,80,80,80,80,80,80,80,80,80,80,80,90,90,90,110,110,110,110,110,110,110,110,110,110,110,110,110,110,110,110,110,116,116,116,116,116,116,116,116],"relics":["Burning Blood","Kunai","Bloody Idol","Bottled Lightning","Dodecahedron","Cursed Key","Darkstone Periapt","Pear","Mango","Sozu","Shovel"],"card_choices":[{"not_picked":["Perfected Strike","Anger"],"picked":"Havoc"},{"not_picked":["Thunderclap","Fire Breathing"],"picked":"Sword Boomerang"},{"not_picked":["Evolve","Twin Strike"],"picked":"Shrug It Off"},{"not_picked":["Reaper","Armaments"],"picked":"Cleave"},{"not_picked":["Immolate","Fiend Fire"],"picked":"Bludgeon"},{"not_picked":["Iron Wave","Wild Strike"],"picked":"Cleave"},{"not_picked":["Heavy Blade","Seeing Red"],"picked":"Shockwave"},{"not_picked":["Pommel Strike","Iron Wave"],"picked":"Body Slam"},{"not_picked":["Twin Strike","Whirlwind"],"picked":"Rage"},{"not_picked":["Rupture","Pommel Strike"],"picked":"Inflame"},{"not_picked":["Impervious","Limit Break"],"picked":"Barricade"},{"not_picked":["Corruption","Clothesline"],"picked":"Shrug It Off"},{"not_picked":["Carnage","Blood for Blood"],"picked":"True Grit"}],"player_experience":1570840,"potions_floor_usage":[23,45,50,50],"damage_taken":[{"damage":6.0,"enemies":"Cultist","floor":1.0,"turns":4.0},{"damage":3.0,"enemies":"Small Slimes","floor":5.0,"turns":4.0},{"damage":0.0,"enemies":"2 Louse","floor":10.0,"turns":3.0},{"damage":2.0,"enemies":"Lagavulin","floor":12.0,"turns":8.0},{"damage":69,"enemies":"Hexaghost","floor":16,"turns":15},{"damage":5,"enemies":"3 Byrds","floor":18,"turns":6},{"damage":0,"enemies":"Spheric Guardian","floor":21,"turns":3},{"damage":20,"enemies":"Gremlin Leader","floor":23,"turns":6},{"damage":0,"enemies":"Snake Plant","floor":25,"turns":2},{"damage":13,"enemies":"3 Cultists","floor":28,"turns":8},{"damage":11,"enemies":"Slaver and Parasite","floor":30,"turns":6},{"damage":75,"enemies":"Champ","floor":33,"turns":10},{"damage":0,"enemies":"Orb Walker","floor":35,"turns":2},{"damage":11,"enemies":"3 Darklings","floor":37,"turns":5},{"damage":13,"enemies":"Maw","floor":44,"turns":7},{"damage":11,"enemies":"4 Shapes","floor":45,"turns":4},{"damage":0,"enemies":"3 Darklings","floor":46,"turns":6},{"damage":25,"enemies":"Sphere and 2 Shapes","floor":48,"turns":5},{"damage":18,"enemies":"Awakened One","floor":50,"turns":13}],"event_choices":[{"event_name":"The Cleric","player_choice":"Card Removal","floor":3.0,"damage_taken":0.0},{"event_name":"Golden Idol","player_choice":"Take Damage","floor":7.0,"damage_taken":0.0},{"event_name":"Liars Game","player_choice":"disagreed","floor":14.0,"damage_taken":0.0},{"event_name":"Drug Dealer","player_choice":"Ignored","floor":20,"damage_taken":0},{"event_name":"Vampires","player_choice":"Ignored","floor":22,"damage_taken":0},{"event_name":"Forgotten Altar","player_choice":"Gave Idol","floor":31,"damage_taken":0},{"event_name":"Tomb of Lord Red Mask","player_choice":"Ignored","floor":36,"damage_taken":0},{"event_name":"Winding Halls","player_choice":"Embrace Madness","floor":38,"damage_taken":0}],"boss_relics":[{"not_picked":["Black Star","Tiny House"],"picked":"Cursed Key"},{"not_picked":["Runic Pyramid","White Beast Statue"],"picked":"Sozu"}],"potions_floor_spawned":[12,25,30,33,37,44],"seed_played":"-7789611877664201947","ascension_level":0,"is_trial":false}