{"path_per_floor":["M","?","$","M","M","R","M","R","T","?","R","?","T","?","R","B",null,"M","$","?","$","?","R","M","R","T","M","M","R","M","?","R","B",null,"M","M","$","M","M","E","T","M","T","M","$","R","M","M","R","B"],"character_chosen":"IRONCLAD","items_purchased":["Blind","True Grit","Bronze Scales","Shrug It Off"],"gold_per_floor":[109,109,7,23,43,43,59,59,59,59,59,124,196,196,196,297,297,315,240,240,94,94,94,106,106,133,144,159,159,170,170,170,268,268,279,292,16,26,43,69,69,87,87,101,48,48,68,79,79,79],"floor_reached":51,"campfire_rested":0,"playtime":1771,"current_hp_per_floor":[80,80,80,80,80,80,80,80,80,73,73,70,80,80,80,23,90,70,70,70,70,62,62,68,68,68,74,75,75,81,81,81,89,94,96,98,98,100,102,104,104,106,106,106,106,106,108,110,110,110],"items_purged":["Strike_R","Strike_R","Strike_R"],"gold":79,"score":869,"play_id":"f31a1a54-14e2-4bc5-9b71-47471cef0532","local_time":"20180317104623","is_prod":false,"is_daily":false,"is_ascension_mode":false,"campfire_upgraded":10,"timestamp":1521279983,"path_taken":["M","?","$","?","M","R","M","R","T","?","R","?","?","?","R","BOSS","M","$","?","$","?","R","M","R","T","M","M","R","?","?","R","BOSS","M","M","$","M","?","E","?","?","T","M","$","R","M","?","R","BOSS"],"build_version":"2018-03-15v2","purchased_purges":3,"victory":true,"master_deck":["Defend_R+1","Defend_R+1","Defend_R+1","Defend_R+1","Bash","Body Slam+1","Blind+1","Body Slam+1","Feel No Pain+1","Barricade+1","Evolve+1","True Grit+1","Battle Trance+1","Shrug It Off+1","Feel No Pain+1","Shrug It Off+1"],"max_hp_per_floor":[80,80,80,80,80,80,80,80,80,80,80,80,90,90,90,90,90,90,90,90,90,90,90,90,90,90,90,92,92,92,92,92,94,94,96,98,98,100,102,104,104,106,106,106,106,106,108,110,110,110],"relics":["Burning Blood","Lantern","Gambling Chip","Omamori","Pear","Sozu","Singing Bowl","Runic Cube","Bronze Scales","Smiling Mask","Paper Frog","Du-Vu Doll"],"card_choices":[{"not_picked":["True Grit","Anger"],"picked":"Body Slam"},{"not_picked":["Second Wind","Exhume"],"picked":"Body Slam"},{"not_picked":["Reckless Charge","Spot Weakness"],"picked":"Feel No Pain"},{"not_picked":["Brutality","Limit Break"],"picked":"Barricade"},{"not_picked":["True Grit","Cleave"],"picked":"Evolve"},{"not_picked":["Anger","Burning Pact"],"picked":"Battle Trance"},{"not_picked":["Twin Strike","Iron Wave"],"picked":"Shrug It Off"},{"not_picked":["Second Wind","Sentinel"],"picked":"Feel No Pain"}],"player_experience":1550601,"potions_floor_usage":[12,16,50,50],"damage_taken":[{"damage":1,"enemies":"2 Louse","floor":1,"turns":2},{"damage":2,"enemies":"Cultist","floor":4,"turns":4},{"damage":1,"enemies":"Jaw Worm","floor":5,"turns":3},{"damage":4,"enemies":"Red Slaver","floor":7,"turns":4},{"damage":9,"enemies":"3 Sentries","floor":12,"turns":9},{"damage":63,"enemies":"Slime Boss","floor":16,"turns":17},{"damage":26,"enemies":"Spheric Guardian","floor":18,"turns":7},{"damage":0,"enemies":"3 Byrds","floor":24,"turns":6},{"damage":0,"enemies":"Snecko","floor":27,"turns":6},{"damage":7,"enemies":"Snake Plant","floor":28,"turns":5},{"damage":0,"enemies":"Centurion and Healer","floor":30,"turns":4},{"damage":0,"enemies":"Collector","floor":33,"turns":4},{"damage":0,"enemies":"3 Shapes","floor":35,"turns":3},{"damage":0,"enemies":"3 Darklings","floor":36,"turns":5},{"damage":0,"enemies":"Maw","floor":38,"turns":5},{"damage":0,"enemies":"Sphere and 2 Shapes","floor":39,"turns":4},{"damage":0,"enemies":"Nemesis","floor":40,"turns":5},{"damage":0,"enemies":"4 Shapes","floor":42,"turns":4},{"damage":2,"enemies":"3 Darklings","floor":44,"turns":4},{"damage":0,"enemies":"Maw","floor":47,"turns":5},{"damage":0,"enemies":"Sphere and 2 Shapes","floor":48,"turns":3},{"damage":0,"enemies":"Donu and Deca","floor":50,"turns":6}],"event_choices":[{"event_name":"The Lab","player_choice":"Got Potions","floor":2,"damage_taken":0},{"event_name":"Golden Wing","player_choice":"Card Removal","floor":10,"damage_taken":0},{"event_name":"Dead Adventurer","player_choice":"Searched \u00271\u0027 times","floor":12,"damage_taken":0},{"event_name":"Purifier","player_choice":"One Purge","floor":14,"damage_taken":0},{"event_name":"Drug Dealer","player_choice":"Ignored","floor":20,"damage_taken":0},{"event_name":"Knowing Skull","player_choice":"","floor":22,"damage_taken":0},{"event_name":"Back to Basics","player_choice":"Simplicity","floor":31,"damage_taken":0}],"boss_relics":[{"not_picked":["Cursed Key","Tiny House"],"picked":"Sozu"},{"not_picked":["Black Star","Runic Pyramid"],"picked":"Runic Cube"}],"potions_floor_spawned":[4,12,12,16,18,24,30,33,35,39,40,42],"seed_played":"5066653043184689571","ascension_level":0,"is_trial":false}