{"path_per_floor":["M","M","$","?","M","E","R","?","T","E","$","R","T","M","R","B",null,"M","$","M","?","$","R","E","M","T","E","?","M","R","M","R","B",null,"M","?","$","?","M","R","M","M","T","R","M","M","T","$","R","B"],"character_chosen":"IRONCLAD","items_purchased":["Shrug It Off","Thread and Needle"],"gold_per_floor":[111,127,52,52,66,100,100,50,50,77,28,28,28,44,44,146,146,161,61,78,78,78,78,111,123,148,181,181,191,191,208,208,313,343,356,356,58,58,76,76,92,107,107,107,121,137,215,90,90,90],"floor_reached":51,"campfire_rested":2,"playtime":1955,"current_hp_per_floor":[53,53,53,53,54,34,34,34,34,26,26,26,26,32,32,12,96,96,96,96,96,96,96,90,96,96,94,75,79,79,81,81,67,106,106,106,106,106,106,106,106,106,106,106,106,106,106,106,106,80],"items_purged":["Strike_R","Spot Weakness","Defend_R"],"gold":90,"score":770,"play_id":"4217d417-88db-4982-a29c-13878cd3ccb1","local_time":"20180402190445","is_prod":false,"is_daily":false,"is_ascension_mode":false,"campfire_upgraded":7,"timestamp":1522688685,"path_taken":["M","?","$","?","M","E","R","?","T","E","$","R","?","M","R","BOSS","M","$","M","?","?","R","E","M","T","E","?","M","R","M","R","BOSS","M","?","$","?","?","R","?","M","T","R","?","?","?","?","R","BOSS"],"build_version":"2018-03-29v2","purchased_purges":3,"victory":true,"master_deck":["Defend_R+1","Defend_R+1","Rampage+1","Shrug It Off+1","Shrug It Off+1","Burning Pact+1","Double Tap+1","Sentinel+1","Hemokinesis+1","Battle Trance+1","Shrug It Off+1"],"max_hp_per_floor":[96,96,96,96,96,96,96,96,96,96,96,96,96,96,96,96,96,96,96,96,96,96,96,96,96,96,96,101,101,101,101,101,101,106,106,106,106,106,106,106,106,106,106,106,106,106,106,106,106,106],"relics":["Burning Blood","Happy Flower","Regal Pillow","Omamori","Mercury Hourglass","Astrolabe","Ornamental Fan","Pen Nib","Du-Vu Doll","Tiny House","Thread and Needle","War Paint","Shuriken"],"card_choices":[{"not_picked":["Body Slam","Flex"],"picked":"Rampage","floor":1},{"not_picked":["Fire Breathing","Clothesline"],"picked":"Shrug It Off","floor":2},{"not_picked":["Flex","Twin Strike"],"picked":"Burning Pact","floor":14},{"not_picked":["Exhume","Feed"],"picked":"Double Tap","floor":16},{"not_picked":["Armaments","Juggernaut"],"picked":"Battle Trance","floor":39},{"not_picked":["Clash","Thunderclap"],"picked":"Shrug It Off","floor":41}],"player_experience":1649400,"potions_floor_usage":[2,24,27,27,50,50,50],"damage_taken":[{"damage":1,"enemies":"Cultist","floor":1,"turns":3},{"damage":6,"enemies":"Jaw Worm","floor":2,"turns":4},{"damage":5,"enemies":"Small Slimes","floor":5,"turns":4},{"damage":26,"enemies":"Lagavulin","floor":6,"turns":9},{"damage":14,"enemies":"3 Sentries","floor":10,"turns":11},{"damage":0,"enemies":"Looter","floor":14,"turns":3},{"damage":26,"enemies":"Slime Boss","floor":16,"turns":8},{"damage":3,"enemies":"3 Byrds","floor":18,"turns":6},{"damage":5,"enemies":"Shell Parasite","floor":20,"turns":4},{"damage":12,"enemies":"Slavers","floor":24,"turns":8},{"damage":0,"enemies":"Centurion and Healer","floor":25,"turns":4},{"damage":8,"enemies":"Gremlin Leader","floor":27,"turns":4},{"damage":2,"enemies":"Snake Plant","floor":29,"turns":2},{"damage":4,"enemies":"Slaver and Parasite","floor":31,"turns":4},{"damage":20,"enemies":"Collector","floor":33,"turns":6},{"damage":4,"enemies":"Orb Walker","floor":35,"turns":3},{"damage":0,"enemies":"3 Darklings","floor":39,"turns":6},{"damage":6,"enemies":"Sphere and 2 Shapes","floor":41,"turns":4},{"damage":2,"enemies":"4 Shapes","floor":42,"turns":4},{"damage":0,"enemies":"Maw","floor":45,"turns":5},{"damage":0,"enemies":"3 Darklings","floor":46,"turns":3},{"damage":38,"enemies":"Time Eater","floor":50,"turns":13}],"event_choices":[{"event_name":"Wheel of Change","player_choice":"Card Removal","floor":4,"damage_taken":0},{"event_name":"The Cleric","player_choice":"Card Removal","floor":8,"damage_taken":0},{"event_name":"Purifier","player_choice":"One Purge","floor":21,"damage_taken":0},{"event_name":"Forgotten Altar","player_choice":"Shed Blood","floor":28,"damage_taken":0},{"event_name":"Tomb of Lord Red Mask","player_choice":"Ignored","floor":36,"damage_taken":0},{"event_name":"The Lab","player_choice":"Got Potions","floor":38,"damage_taken":0}],"boss_relics":[{"not_picked":["Runic Dome","Orrery"],"picked":"Astrolabe"},{"not_picked":["Runic Cube","Eternal Feather"],"picked":"Tiny House"}],"potions_floor_spawned":[1,16,18,25,29,31,39,45],"seed_played":"2836932324929895660","ascension_level":0,"is_trial":false}