{"path_per_floor":["M","?","?","$","?","R","E","R","T","E","?","R","$","E","R","B",null,"M","M","$","M","?","E","T","R","T","E","R","?","R","$","R","B",null,"M","T","?","M","?","R","$","?","T","M","M","M","M","T","R","B"],"character_chosen":"IRONCLAD","items_purchased":["Shrug It Off","Flash of Steel"],"gold_per_floor":[114,114,114,15,15,15,46,46,100,131,131,131,31,58,58,157,157,173,183,58,76,176,211,289,289,289,321,321,321,321,76,76,175,175,195,195,195,207,207,207,32,32,32,44,59,76,87,87,87,87],"floor_reached":51,"campfire_rested":2,"playtime":1330,"current_hp_per_floor":[80,73,73,73,57,57,31,31,38,38,38,38,38,41,41,54,87,87,87,87,87,87,84,84,84,84,87,87,87,87,87,87,87,87,76,76,76,86,86,87,87,87,87,87,87,87,87,87,87,87],"items_purged":["Defend_R","Defend_R","Strike_R","Strike_R","Strike_R"],"gold":87,"score":845,"play_id":"675689dd-be6b-44af-bb33-469258fce0a2","local_time":"20180403191226","is_prod":false,"is_daily":false,"is_ascension_mode":false,"campfire_upgraded":8,"timestamp":1522775546,"path_taken":["M","?","?","$","?","R","E","R","T","E","?","R","$","E","R","BOSS","M","M","$","M","?","E","?","R","T","E","R","?","R","$","R","BOSS","M","?","?","M","?","R","$","?","T","M","?","M","M","?","R","BOSS"],"build_version":"2018-03-29v2","purchased_purges":5,"victory":true,"master_deck":["Defend_R+1","Metallicize+1","Shrug It Off+1","Shrug It Off+1","Panacea+1","Ghostly Armor+1","Flame Barrier+1","Barricade+1","Body Slam+1","Flash of Steel+1","Jack Of All Trades"],"max_hp_per_floor":[80,80,80,80,80,80,80,80,87,87,87,87,87,87,87,87,87,87,87,87,87,87,87,87,87,87,87,87,87,87,87,87,87,87,87,87,87,87,87,87,87,87,87,87,87,87,87,87,87,87],"relics":["Burning Blood","Strawberry","Toolbox","Pantograph","Sozu","War Paint","Darkstone Periapt","Torii","Mercury Hourglass","Runic Dome","Bird Faced Urn","Bag of Marbles","Ice Cream"],"card_choices":[{"not_picked":["Wild Strike","Pommel Strike"],"picked":"Metallicize","floor":1},{"not_picked":["Pommel Strike","Anger"],"picked":"Shrug It Off","floor":10},{"not_picked":["Pummel","Bloodletting"],"picked":"Flame Barrier","floor":14},{"not_picked":["Impervious","Offering"],"picked":"Barricade","floor":16},{"not_picked":["Inflame","Whirlwind"],"picked":"Body Slam","floor":18},{"not_picked":["Flash of Steel","Good Instincts"],"picked":"Jack Of All Trades","floor":42}],"player_experience":1656465,"potions_floor_usage":[14,23],"damage_taken":[{"damage":1,"enemies":"Cultist","floor":1,"turns":3},{"damage":32,"enemies":"Gremlin Nob","floor":7,"turns":5},{"damage":6,"enemies":"3 Sentries","floor":10,"turns":11},{"damage":3,"enemies":"Gremlin Nob","floor":14,"turns":4},{"damage":18,"enemies":"The Guardian","floor":16,"turns":14},{"damage":4,"enemies":"2 Thieves","floor":18,"turns":5},{"damage":0,"enemies":"3 Byrds","floor":19,"turns":4},{"damage":0,"enemies":"Cultist and Chosen","floor":21,"turns":5},{"damage":9,"enemies":"Slavers","floor":23,"turns":8},{"damage":0,"enemies":"Gremlin Leader","floor":27,"turns":6},{"damage":0,"enemies":"Champ","floor":33,"turns":6},{"damage":17,"enemies":"3 Darklings","floor":35,"turns":4},{"damage":0,"enemies":"Orb Walker","floor":38,"turns":2},{"damage":0,"enemies":"Maw","floor":44,"turns":4},{"damage":0,"enemies":"Sphere and 2 Shapes","floor":45,"turns":4},{"damage":0,"enemies":"4 Shapes","floor":46,"turns":4},{"damage":0,"enemies":"Maw","floor":47,"turns":4},{"damage":0,"enemies":"Time Eater","floor":50,"turns":7}],"event_choices":[{"event_name":"Golden Wing","player_choice":"Card Removal","floor":2,"damage_taken":0},{"event_name":"Purifier","player_choice":"One Purge","floor":3,"damage_taken":0},{"event_name":"Shining Light","player_choice":"Entered Light","floor":5,"damage_taken":0},{"event_name":"Match and Keep!","player_choice":"2 cards matched","floor":11,"damage_taken":0},{"event_name":"Golden Shrine","player_choice":"Pray","floor":22,"damage_taken":0},{"event_name":"Back to Basics","player_choice":"Elegance","floor":29,"damage_taken":0},{"event_name":"SecretPortal","player_choice":"Rejected Portal.","floor":39,"damage_taken":0},{"event_name":"SensoryStone","player_choice":"Memory 1","floor":42,"damage_taken":0}],"boss_relics":[{"not_picked":["Ectoplasm","Velvet Choker"],"picked":"Sozu"},{"not_picked":["Black Star","Astrolabe"],"picked":"Runic Dome"}],"potions_floor_spawned":[7,14,16,21,23,27,33,38,47],"seed_played":"8154662924143851044","ascension_level":0,"is_trial":false}