{"path_per_floor":["M","?","$","?","M","R","E","R","T","M","R","$","E","M","R","B",null,"M","?","?","?","?","E","R","M","T","?","E","R","$","M","R","B",null,"M","?","M","T","?","R","M","M","T","R","?","M","$","M","R","B"],"character_chosen":"IRONCLAD","items_purchased":["Sword Boomerang","Mummified Hand"],"gold_per_floor":[110,185,110,110,120,120,148,148,173,184,184,34,68,84,84,184,184,204,204,204,129,129,164,164,178,229,229,263,263,9,28,28,131,131,142,187,198,225,225,225,242,252,252,252,252,267,142,161,161,161],"floor_reached":51,"campfire_rested":0,"playtime":1836,"current_hp_per_floor":[72,61,61,66,68,68,56,56,56,62,62,62,68,74,74,77,77,77,77,61,61,61,59,59,65,65,65,53,53,53,54,54,60,83,83,83,83,83,83,83,83,83,83,83,83,83,83,83,83,83],"items_purged":["Bash","Defend_R","Strike_R"],"gold":161,"score":866,"play_id":"0c60a9b6-e63b-48cd-b610-e724b608f1bf","local_time":"20180328100158","is_prod":false,"is_daily":false,"is_ascension_mode":false,"campfire_upgraded":10,"timestamp":1522224118,"path_taken":["M","?","$","?","M","R","E","R","T","?","R","$","E","M","R","BOSS","M","?","?","?","?","E","R","?","T","?","E","R","?","?","R","BOSS","M","?","M","?","?","R","M","M","T","R","?","?","$","M","R","BOSS"],"build_version":"2018-03-22v2","purchased_purges":3,"victory":true,"master_deck":["Defend_R","Defend_R","Defend_R","Spot Weakness+1","Metallicize+1","Metallicize+1","Ghostly Armor+1","Sword Boomerang+1","True Grit+1","Uppercut+1","Barricade+1","Entrench+1","Metallicize+1","Shrug It Off+1","Body Slam+1","Impervious+1"],"max_hp_per_floor":[72,72,72,77,77,77,77,77,77,77,77,77,77,77,77,77,77,77,77,77,77,77,77,77,77,77,77,77,77,77,77,77,77,83,83,83,83,83,83,83,83,83,83,83,83,83,83,83,83,83],"relics":["Burning Blood","Omamori","Ancient Tea Set","Bag of Preparation","Velvet Choker","Enchiridion","Torii","Happy Flower","Darkstone Periapt","Mummified Hand","Calling Bell","Frozen Egg 2","Du-Vu Doll","Bronze Scales","Ginger","Pen Nib","Champion Belt"],"card_choices":[{"not_picked":["Anger","Iron Wave"],"picked":"Spot Weakness","floor":1.0},{"not_picked":["Flex","Cleave"],"picked":"Metallicize","floor":5.0},{"not_picked":["Carnage","Dual Wield"],"picked":"Metallicize","floor":7.0},{"not_picked":["Pommel Strike","Armaments"],"picked":"Ghostly Armor","floor":10.0},{"not_picked":["Searing Blow","Dropkick"],"picked":"True Grit","floor":13.0},{"not_picked":["Shockwave","Searing Blow"],"picked":"Uppercut","floor":14.0},{"not_picked":["Berserk","Juggernaut"],"picked":"Barricade","floor":16.0},{"not_picked":["Twin Strike","Disarm"],"picked":"Entrench","floor":18.0},{"not_picked":["Sword Boomerang","Perfected Strike"],"picked":"Shrug It Off","floor":28},{"not_picked":["Twin Strike","Infernal Blade"],"picked":"Body Slam","floor":31},{"not_picked":["Clothesline","Seeing Red"],"picked":"Impervious","floor":36}],"player_experience":1620219,"potions_floor_usage":[25,28,41,50,50],"damage_taken":[{"damage":1.0,"enemies":"2 Louse","floor":1.0,"turns":5.0},{"damage":4.0,"enemies":"Jaw Worm","floor":5.0,"turns":8.0},{"damage":18.0,"enemies":"Lagavulin","floor":7.0,"turns":9.0},{"damage":0.0,"enemies":"Small Slimes","floor":10.0,"turns":6.0},{"damage":0.0,"enemies":"3 Sentries","floor":13.0,"turns":8.0},{"damage":0.0,"enemies":"Red Slaver","floor":14.0,"turns":5.0},{"damage":1.0,"enemies":"Slime Boss","floor":16.0,"turns":10.0},{"damage":0.0,"enemies":"Spheric Guardian","floor":18.0,"turns":5.0},{"damage":8,"enemies":"Gremlin Leader","floor":23,"turns":14},{"damage":0,"enemies":"Chosen","floor":25,"turns":7},{"damage":18,"enemies":"Slavers","floor":28,"turns":8},{"damage":5,"enemies":"Snecko","floor":31,"turns":6},{"damage":0,"enemies":"Collector","floor":33,"turns":10},{"damage":1,"enemies":"3 Shapes","floor":35,"turns":5},{"damage":0,"enemies":"Mysterious Sphere","floor":36,"turns":6},{"damage":0,"enemies":"Orb Walker","floor":37,"turns":3},{"damage":1,"enemies":"Sphere and 2 Shapes","floor":41,"turns":6},{"damage":1,"enemies":"3 Darklings","floor":42,"turns":6},{"damage":0,"enemies":"Maw","floor":46,"turns":4},{"damage":0,"enemies":"Sphere and 2 Shapes","floor":48,"turns":5},{"damage":0,"enemies":"Time Eater","floor":50,"turns":6}],"event_choices":[{"event_name":"World of Goop","player_choice":"Gather Gold","floor":2.0,"damage_taken":0.0},{"event_name":"Big Fish","player_choice":"Donut","floor":4.0,"damage_taken":0.0},{"event_name":"Duplicator","player_choice":"One dupe","floor":19.0,"damage_taken":0.0},{"event_name":"Cursed Tome","player_choice":"Obtained Book","floor":20.0,"damage_taken":0.0},{"event_name":"Beggar","player_choice":"Gave Gold","floor":21.0,"damage_taken":0.0},{"event_name":"Drug Dealer","player_choice":"Ignored","floor":22.0,"damage_taken":0.0},{"event_name":"Vampires","player_choice":"Ignored","floor":27,"damage_taken":0},{"event_name":"Mysterious Sphere","player_choice":"Fight","floor":36,"damage_taken":0},{"event_name":"Fountain of Cleansing","player_choice":"Removed Curse","floor":39,"damage_taken":0}],"boss_relics":[{"not_picked":["Philosopher\u0027s Stone","Runic Pyramid"],"picked":"Calling Bell"}],"potions_floor_spawned":[1,5,14,16,31,33,36,46,48],"seed_played":"3828600307405526267","ascension_level":0,"is_trial":false}