{"path_per_floor":["M","M","$","M","M","R","E","R","T","$","R","M","?","?","R","B",null,"M","$","M","?","M","E","R","E","T","?","M","?","?","T","R","B",null,"M","$","?","$","?","R","M","R","T","M","M","R","?","T","R","B"],"character_chosen":"IRONCLAD","items_purchased":["Body Slam","Evolve","Shrug It Off"],"gold_per_floor":[117,134,59,78,95,95,121,121,148,48,48,58,58,58,58,158,158,177,28,47,47,58,90,90,122,122,222,242,242,242,320,320,416,416,429,203,203,151,151,151,161,161,161,171,187,187,187,187,187,187],"floor_reached":51,"campfire_rested":0,"playtime":1754,"current_hp_per_floor":[80,80,80,80,80,80,54,54,54,54,54,60,65,58,58,39,85,85,85,85,85,85,65,65,67,67,67,72,72,72,72,72,22,85,85,85,85,85,85,85,85,85,85,85,85,85,85,85,85,64],"items_purged":["Strike_R","Bash","Strike_R","Strike_R"],"gold":187,"score":681,"play_id":"b9d68222-2737-480b-b9d4-2805815a9936","local_time":"20180402095321","is_prod":false,"is_daily":false,"is_ascension_mode":false,"campfire_upgraded":10,"timestamp":1522655601,"path_taken":["M","M","$","M","?","R","E","R","T","?","R","M","?","?","R","BOSS","M","$","M","?","M","E","R","E","T","?","M","?","?","?","R","BOSS","M","$","?","$","?","R","M","R","T","M","M","R","?","?","R","BOSS"],"build_version":"2018-03-29v2","purchased_purges":4,"victory":true,"master_deck":["Strike_R+1","Defend_R+1","Defend_R+1","Defend_R+1","Defend_R+1","True Grit+1","Carnage+1","Iron Wave","Whirlwind+1","Flame Barrier+1","Flame Barrier+1","Fiend Fire","Iron Wave+1","Body Slam+1","Inflame+1","Feel No Pain+1","Shockwave","Seeing Red","Offering","Evolve+1","Shrug It Off+1","Flash of Steel","Body Slam+1","Pommel Strike+1"],"max_hp_per_floor":[80,80,80,80,80,80,80,80,80,80,80,80,85,85,85,85,85,85,85,85,85,85,85,85,85,85,85,85,85,85,85,85,85,85,85,85,85,85,85,85,85,85,85,85,85,85,85,85,85,85],"relics":["Burning Blood","Orichalcum","Juzu Bracelet","Mark of Pain","Art of War","Ornamental Fan","Ginger","Tiny Chest","Sozu","Centennial Puzzle","Ancient Tea Set","Letter Opener"],"card_choices":[{"not_picked":["Feel No Pain","Perfected Strike"],"picked":"True Grit","floor":1},{"not_picked":["Thunderclap","Disarm"],"picked":"Carnage","floor":2},{"not_picked":["Bloodletting","Combust"],"picked":"Iron Wave","floor":4},{"not_picked":["Power Through","Anger"],"picked":"Whirlwind","floor":5},{"not_picked":["Twin Strike","Iron Wave"],"picked":"Flame Barrier","floor":7},{"not_picked":["Armaments","Power Through"],"picked":"Flame Barrier","floor":12},{"not_picked":["Exhume","Limit Break"],"picked":"Fiend Fire","floor":16},{"not_picked":["Disarm","Flex"],"picked":"Iron Wave","floor":18},{"not_picked":["Sword Boomerang","Iron Wave"],"picked":"Inflame","floor":20},{"not_picked":["Wild Strike","Perfected Strike"],"picked":"Feel No Pain","floor":22},{"not_picked":["Heavy Blade","Clothesline"],"picked":"Shockwave","floor":25},{"not_picked":["Exhume","Fiend Fire"],"picked":"Offering","floor":33},{"not_picked":["Deep Breath","Dark Shackles"],"picked":"Flash of Steel","floor":39},{"not_picked":["Armaments","True Grit"],"picked":"Body Slam","floor":44},{"not_picked":["Cleave","Pummel"],"picked":"Pommel Strike","floor":45}],"player_experience":1644700,"potions_floor_usage":[18,23,25,28,50],"damage_taken":[{"damage":1,"enemies":"Cultist","floor":1,"turns":4},{"damage":5,"enemies":"2 Louse","floor":2,"turns":2},{"damage":1,"enemies":"Jaw Worm","floor":4,"turns":3},{"damage":0,"enemies":"2 Fungi Beasts","floor":5,"turns":3},{"damage":32,"enemies":"Lagavulin","floor":7,"turns":8},{"damage":0,"enemies":"3 Louse","floor":12,"turns":2},{"damage":25,"enemies":"Slime Boss","floor":16,"turns":13},{"damage":4,"enemies":"Spheric Guardian","floor":18,"turns":5},{"damage":0,"enemies":"Chosen","floor":20,"turns":4},{"damage":2,"enemies":"3 Cultists","floor":22,"turns":4},{"damage":26,"enemies":"Gremlin Leader","floor":23,"turns":8},{"damage":4,"enemies":"Slavers","floor":25,"turns":6},{"damage":1,"enemies":"Slaver and Parasite","floor":28,"turns":6},{"damage":56,"enemies":"Collector","floor":33,"turns":15},{"damage":4,"enemies":"3 Shapes","floor":35,"turns":7},{"damage":4,"enemies":"Orb Walker","floor":41,"turns":3},{"damage":5,"enemies":"3 Darklings","floor":44,"turns":4},{"damage":4,"enemies":"Sphere and 2 Shapes","floor":45,"turns":5},{"damage":27,"enemies":"Donu and Deca","floor":50,"turns":9}],"event_choices":[{"event_name":"Big Fish","player_choice":"Donut","floor":13,"damage_taken":0},{"event_name":"Golden Wing","player_choice":"Card Removal","floor":14,"damage_taken":0},{"event_name":"The Lab","player_choice":"Got Potions","floor":21,"damage_taken":0},{"event_name":"Golden Shrine","player_choice":"Pray","floor":27,"damage_taken":0},{"event_name":"The Library","player_choice":"Read","floor":29,"damage_taken":0},{"event_name":"Back to Basics","player_choice":"Simplicity","floor":30,"damage_taken":0},{"event_name":"Wheel of Change","player_choice":"Relic","floor":37,"damage_taken":0},{"event_name":"SensoryStone","player_choice":"Memory 1","floor":39,"damage_taken":0},{"event_name":"Mysterious Sphere","player_choice":"Ignore","floor":47,"damage_taken":0}],"boss_relics":[{"not_picked":["Runic Cube","Black Blood"],"picked":"Mark of Pain"},{"not_picked":["Astrolabe","Calling Bell"],"picked":"Sozu"}],"potions_floor_spawned":[1,4,12,16,18,20,22,33,35,41],"seed_played":"-8462524310968528287","ascension_level":0,"is_trial":false}