{"path_per_floor":["M","$","?","M","T","R","M","R","T","R","M","R","E","M","R","B",null,"M","?","$","M","$","R","?","E","T","R","M","R","M","M","R","B",null,"M","T","$","M","M","R","E","R","T","?","$","R","M","$","R","B"],"character_chosen":"IRONCLAD","items_purchased":["Metallicize","Bag of Preparation","Flash of Steel","Panacea","Energy Potion"],"gold_per_floor":[119,44,44,61,84,84,94,94,94,94,111,111,139,159,159,257,257,273,273,133,145,20,20,20,75,100,100,118,118,137,153,153,252,252,270,270,15,29,45,45,74,74,374,374,131,131,143,93,93,93],"floor_reached":51,"campfire_rested":0,"playtime":1990,"current_hp_per_floor":[88,88,88,88,88,88,88,88,88,88,88,88,67,75,75,25,88,88,88,88,88,88,88,88,86,86,86,88,88,88,81,81,37,88,67,67,67,75,83,83,81,81,81,98,98,98,98,98,98,98],"items_purged":["Bash","Anger","Strike_R","Strike_R"],"gold":93,"score":768,"play_id":"6eaa8174-2a08-49ae-86a5-056e49a75015","local_time":"20180405143708","is_prod":false,"is_daily":false,"is_ascension_mode":false,"campfire_upgraded":13,"timestamp":1522931828,"path_taken":["M","$","?","?","?","R","M","R","T","R","M","R","E","M","R","BOSS","M","?","$","M","$","R","?","E","T","R","?","R","M","M","R","BOSS","M","?","$","M","M","R","E","R","T","?","?","R","M","$","R","BOSS"],"build_version":"2018-03-29v2","purchased_purges":4,"victory":true,"master_deck":["Defend_R+1","Defend_R+1","Defend_R+1","Defend_R","Spot Weakness+1","Dark Shackles","Iron Wave+1","Pummel","Battle Trance","Thunderclap+1","Barricade+1","Pummel+1","Flex+1","Dark Shackles","Metallicize+1","Shrug It Off+1","Inflame+1","Ghostly Armor+1","Warcry+1","Whirlwind+1","Offering+1","Flash of Steel","Panacea+1","Body Slam+1"],"max_hp_per_floor":[88,88,88,88,88,88,88,88,88,88,88,88,88,88,88,88,88,88,88,88,88,88,88,88,88,88,88,88,88,88,88,88,88,88,88,88,88,88,88,88,88,88,88,98,98,98,98,98,98,98],"relics":["Burning Blood","Bag of Marbles","Champion Belt","Blood Vial","Astrolabe","Tiny Chest","Oddly Smooth Stone","Philosopher\u0027s Stone","Charon\u0027s Ashes","Bag of Preparation","Ice Cream","Old Coin"],"card_choices":[{"not_picked":["Shrug It Off","Warcry"],"picked":"Spot Weakness","floor":1.0},{"not_picked":["Perfected Strike","Flex"],"picked":"Iron Wave","floor":4.0},{"not_picked":["Impervious","Warcry"],"picked":"Pummel","floor":7.0},{"not_picked":["Pommel Strike","Sword Boomerang"],"picked":"Battle Trance","floor":13},{"not_picked":["Wild Strike","Shockwave"],"picked":"Thunderclap","floor":14},{"not_picked":["Demon Form","Reaper"],"picked":"Barricade","floor":16},{"not_picked":["Dropkick","Armaments"],"picked":"Flex","floor":18},{"not_picked":["Blood for Blood","Bloodletting"],"picked":"Shrug It Off","floor":21},{"not_picked":["Shrug It Off","Armaments"],"picked":"Inflame","floor":25},{"not_picked":["Twin Strike","Iron Wave"],"picked":"Ghostly Armor","floor":28},{"not_picked":["Twin Strike","Feed"],"picked":"Warcry","floor":30},{"not_picked":["Disarm","Evolve"],"picked":"Whirlwind","floor":31},{"not_picked":["Bludgeon","Barricade"],"picked":"Offering","floor":33},{"not_picked":["Fire Breathing","Clothesline"],"picked":"Body Slam","floor":47}],"player_experience":1664203,"potions_floor_usage":[16,16,25,50,50],"damage_taken":[{"damage":0.0,"enemies":"Small Slimes","floor":1.0,"turns":4.0},{"damage":1.0,"enemies":"Cultist","floor":4.0,"turns":4.0},{"damage":0.0,"enemies":"2 Louse","floor":7.0,"turns":2.0},{"damage":0.0,"enemies":"Lots of Slimes","floor":11.0,"turns":4.0},{"damage":27,"enemies":"Lagavulin","floor":13,"turns":6},{"damage":0,"enemies":"Blue Slaver","floor":14,"turns":3},{"damage":70,"enemies":"Slime Boss","floor":16,"turns":13},{"damage":0,"enemies":"3 Byrds","floor":18,"turns":4},{"damage":0,"enemies":"Chosen","floor":21,"turns":5},{"damage":8,"enemies":"Gremlin Leader","floor":25,"turns":10},{"damage":6,"enemies":"Sentry and Sphere","floor":28,"turns":4},{"damage":0,"enemies":"Snecko","floor":30,"turns":4},{"damage":13,"enemies":"Cultist and Chosen","floor":31,"turns":6},{"damage":52,"enemies":"Automaton","floor":33,"turns":10},{"damage":27,"enemies":"3 Darklings","floor":35,"turns":4},{"damage":0,"enemies":"3 Shapes","floor":38,"turns":4},{"damage":0,"enemies":"Maw","floor":39,"turns":7},{"damage":10,"enemies":"Nemesis","floor":41,"turns":5},{"damage":4,"enemies":"3 Darklings","floor":47,"turns":2},{"damage":4,"enemies":"Awakened One","floor":50,"turns":9}],"event_choices":[{"event_name":"Match and Keep!","player_choice":"1 cards matched","floor":3.0,"damage_taken":0.0},{"event_name":"Match and Keep!","player_choice":"1 cards matched","floor":19,"damage_taken":0},{"event_name":"Beggar","player_choice":"Ignored","floor":24,"damage_taken":0},{"event_name":"Bonfire Elementals","player_choice":"RARE","floor":44,"damage_taken":0}],"boss_relics":[{"not_picked":["Snecko Eye","Runic Dome"],"picked":"Astrolabe"},{"not_picked":["Calling Bell","Pandora\u0027s Box"],"picked":"Philosopher\u0027s Stone"}],"potions_floor_spawned":[4,7,13,14,21,30,35,38,39,41],"seed_played":"-4406821018760223262","ascension_level":0,"is_trial":false}