{"path_per_floor":["M","?","M","$","?","R","M","R","T","M","M","E","T","E","R","B",null,"M","?","$","?","T","R","?","R","T","E","M","E","M","M","R","B",null,"M","?","$","M","?","$","M","R","T","R","E","R","$","M","R","B"],"character_chosen":"IRONCLAD","items_purchased":["True Grit","Happy Flower","Self Forming Clay","Pen Nib"],"gold_per_floor":[117,292,306,183,283,283,293,293,366,386,396,457,481,510,510,608,608,619,619,362,362,387,387,387,387,387,420,432,464,480,493,493,592,592,604,604,479,491,491,100,110,110,110,110,137,137,137,154,154,154],"floor_reached":51,"campfire_rested":0,"playtime":2035,"current_hp_per_floor":[80,80,80,80,80,80,80,80,90,90,90,89,89,73,73,63,90,90,90,90,72,72,72,72,72,72,71,73,71,73,75,75,64,95,95,95,95,95,85,85,83,83,83,83,95,95,95,95,95,77],"items_purged":["Doubt","Strike_R","Strike_R"],"gold":154,"score":796,"play_id":"4ea342f7-d8e1-4df1-a1c6-fe21180a5c28","local_time":"20180413082108","is_prod":false,"is_daily":false,"chose_seed":false,"is_ascension_mode":false,"campfire_upgraded":10,"timestamp":1523600468,"path_taken":["M","?","M","$","?","R","M","R","T","?","M","E","?","E","R","BOSS","M","?","$","?","?","R","?","R","T","E","M","E","M","M","R","BOSS","M","?","$","M","?","$","M","R","T","R","E","R","$","M","R","BOSS"],"build_version":"2018-04-12","seed_source_timestamp":2507190755100757,"purchased_purges":4,"victory":true,"master_deck":["Strike_R","Defend_R+1","Defend_R","Defend_R","Spot Weakness+1","Battle Trance+1","True Grit+1","Headbutt","Disarm+1","Pummel+1","Barricade+1","Offering+1","Pommel Strike+1","Bludgeon+1","Bludgeon+1","Feel No Pain+1","Limit Break+1","Pummel","Sword Boomerang+1","Reaper","Seeing Red+1","Madness+1","Shrug It Off+1"],"max_hp_per_floor":[80,80,80,80,80,80,80,80,90,90,90,90,90,90,90,90,90,90,90,90,95,95,95,95,95,95,95,95,95,95,95,95,95,95,95,95,95,95,95,95,95,95,95,95,95,95,95,95,95,95],"relics":["Burning Blood","Pear","Tiny Chest","Juzu Bracelet","Orichalcum","Astrolabe","Happy Flower","Bag of Preparation","Oddly Smooth Stone","Ornamental Fan","Centennial Puzzle","Sozu","Self Forming Clay","Pen Nib","Paper Frog","Kunai"],"card_choices":[{"not_picked":["Body Slam","Dropkick"],"picked":"Spot Weakness","floor":1},{"not_picked":["Flex","Inflame"],"picked":"Battle Trance","floor":3},{"not_picked":["Carnage","Battle Trance"],"picked":"Headbutt","floor":7},{"not_picked":["Headbutt","Armaments"],"picked":"Disarm","floor":10},{"not_picked":["Pommel Strike","True Grit"],"picked":"Pummel","floor":11},{"not_picked":["Exhume","Shrug It Off"],"picked":"Barricade","floor":14},{"not_picked":["Exhume","Feed"],"picked":"Offering","floor":16},{"not_picked":["Thunderclap","True Grit"],"picked":"Feel No Pain","floor":18},{"not_picked":["Havoc","Fire Breathing"],"picked":"Limit Break","floor":27},{"not_picked":["Reckless Charge","Headbutt"],"picked":"Pummel","floor":29},{"not_picked":["Body Slam","Havoc"],"picked":"Sword Boomerang","floor":31},{"not_picked":["Immolate","Offering"],"picked":"Reaper","floor":33},{"not_picked":["Thunderclap","Cleave"],"picked":"Seeing Red","floor":35},{"not_picked":["Good Instincts","Secret Weapon"],"picked":"Madness","floor":39},{"not_picked":["Anger","Pommel Strike"],"picked":"Shrug It Off","floor":41}],"player_experience":1739841,"potions_floor_usage":[18,29,50,50],"damage_taken":[{"damage":2,"enemies":"2 Louse","floor":1,"turns":3},{"damage":0,"enemies":"Jaw Worm","floor":3,"turns":3},{"damage":0,"enemies":"Cultist","floor":7,"turns":4},{"damage":0,"enemies":"Blue Slaver","floor":10,"turns":4},{"damage":1,"enemies":"Red Slaver","floor":11,"turns":4},{"damage":7,"enemies":"3 Sentries","floor":12,"turns":6},{"damage":22,"enemies":"Gremlin Nob","floor":14,"turns":4},{"damage":16,"enemies":"Hexaghost","floor":16,"turns":9},{"damage":5,"enemies":"2 Thieves","floor":18,"turns":3},{"damage":7,"enemies":"Book of Stabbing","floor":27,"turns":5},{"damage":4,"enemies":"Spheric Guardian","floor":28,"turns":1},{"damage":8,"enemies":"Slavers","floor":29,"turns":5},{"damage":4,"enemies":"Chosen and Byrds","floor":30,"turns":5},{"damage":4,"enemies":"Slaver and Parasite","floor":31,"turns":4},{"damage":17,"enemies":"Collector","floor":33,"turns":10},{"damage":4,"enemies":"Orb Walker","floor":35,"turns":2},{"damage":6,"enemies":"3 Darklings","floor":38,"turns":4},{"damage":8,"enemies":"Sphere and 2 Shapes","floor":41,"turns":4},{"damage":4,"enemies":"Giant Head","floor":45,"turns":7},{"damage":6,"enemies":"Maw","floor":48,"turns":6},{"damage":36,"enemies":"Awakened One","floor":50,"turns":7}],"event_choices":[{"event_name":"Liars Game","player_choice":"agreed","floor":2,"damage_taken":0},{"event_name":"Golden Shrine","player_choice":"Pray","floor":5,"damage_taken":0},{"event_name":"Vampires","player_choice":"Ignored","floor":19,"damage_taken":0},{"event_name":"Forgotten Altar","player_choice":"Shed Blood","floor":21,"damage_taken":0},{"event_name":"N\u0027loth","player_choice":"Ignored","floor":24,"damage_taken":0},{"event_name":"SensoryStone","player_choice":"Memory 3","floor":39,"damage_taken":0}],"boss_relics":[{"not_picked":["Runic Pyramid","Calling Bell"],"picked":"Astrolabe"},{"not_picked":["White Beast Statue","Philosopher\u0027s Stone"],"picked":"Sozu"}],"potions_floor_spawned":[3,7,12,14,16,27,28,30,33,35,45],"seed_played":"-2604971247999700900","ascension_level":0,"is_trial":false}