{"path_per_floor":["M","?","M","$","M","R","E","M","T","R","$","E","R","M","R","B",null,"M","M","$","M","$","E","?","R","T","M","E","R","T","?","R","B",null,"M","?","$","?","$","R","?","R","T","?","R","T","M","M","R","B"],"character_chosen":"IRONCLAD","items_purchased":["Thread and Needle","Omamori","Shrug It Off"],"gold_per_floor":[369,369,381,306,324,324,349,365,388,388,75,108,108,118,118,218,218,233,243,143,156,31,59,59,59,59,73,106,106,106,106,106,208,208,226,226,52,52,52,52,52,52,107,0,0,0,14,33,33,33],"floor_reached":51,"campfire_rested":0,"playtime":1745,"current_hp_per_floor":[74,62,64,64,70,70,57,50,50,50,50,50,50,56,56,62,80,80,79,79,80,80,79,79,79,79,80,80,80,80,65,65,55,85,85,75,75,75,75,75,75,75,75,75,75,75,74,80,80,85],"items_purged":["Decay","Bash","Strike_R"],"gold":33,"score":789,"play_id":"9c56264f-fd8d-422e-bd03-44c660f2cf4d","local_time":"20180412075400","is_prod":false,"is_daily":false,"is_ascension_mode":false,"campfire_upgraded":11,"timestamp":1523512440,"path_taken":["M","?","M","$","M","R","E","M","T","R","$","E","R","M","R","BOSS","M","?","?","M","$","E","?","R","T","?","E","R","?","?","R","BOSS","M","?","?","?","$","R","?","R","T","?","R","?","M","?","R","BOSS"],"build_version":"2018-04-05v2","purchased_purges":3,"victory":true,"master_deck":["Strike_R","Strike_R","Strike_R","Defend_R","Defend_R","Defend_R","Sword Boomerang+1","Disarm+1","Disarm","Inflame+1","Feel No Pain+1","Spot Weakness+1","Fiend Fire+1","Ghostly Armor+1","Cleave+1","Infernal Blade+1","Sword Boomerang+1","Barricade+1","True Grit+1","Blind","Purity","Shrug It Off+1","Disarm+1"],"max_hp_per_floor":[80,80,80,80,80,80,80,80,80,80,80,80,80,80,80,80,80,80,80,80,80,80,80,80,80,80,80,80,80,80,85,85,85,85,85,85,85,85,85,85,85,85,85,85,85,85,85,85,85,85],"relics":["Burning Blood","Bag of Preparation","Self Forming Clay","Prayer Wheel","Thread and Needle","Happy Flower","Sozu","Mercury Hourglass","Gambling Chip","Matryoshka","Ancient Tea Set","Molten Egg 2","Cursed Key","Omamori","Oddly Smooth Stone","Orichalcum","Red Mask","Shovel"],"card_choices":[{"not_picked":["Warcry","Havoc"],"picked":"Sword Boomerang","floor":1.0},{"not_picked":["Clothesline","Heavy Blade"],"picked":"Disarm","floor":3.0},{"not_picked":["Infernal Blade","Cleave"],"picked":"Disarm","floor":5.0},{"not_picked":["Cleave","Heavy Blade"],"picked":"Inflame","floor":7.0},{"not_picked":["Corruption","Intimidate"],"picked":"Feel No Pain","floor":8.0},{"not_picked":["Perfected Strike","Searing Blow"],"picked":"Spot Weakness","floor":14.0},{"not_picked":["Dark Embrace","Impervious"],"picked":"Fiend Fire","floor":16.0},{"not_picked":["Clash","Body Slam"],"picked":"Ghostly Armor","floor":18.0},{"not_picked":["Anger","Second Wind"],"picked":"Cleave","floor":19.0},{"not_picked":["Flex","Pommel Strike"],"picked":"Sword Boomerang","floor":30},{"not_picked":["Exhume","Immolate"],"picked":"Barricade","floor":33},{"not_picked":["Sword Boomerang","Intimidate"],"picked":"True Grit","floor":35},{"not_picked":["Dark Shackles","Flash of Steel"],"picked":"Blind","floor":36},{"not_picked":["Secret Weapon","Trip"],"picked":"Purity","floor":36},{"not_picked":["Seeing Red","Wild Strike"],"picked":"Disarm","floor":48}],"player_experience":1730090,"potions_floor_usage":[],"damage_taken":[{"damage":12.0,"enemies":"Jaw Worm","floor":1.0,"turns":5.0},{"damage":4.0,"enemies":"2 Louse","floor":3.0,"turns":4.0},{"damage":0.0,"enemies":"Cultist","floor":5.0,"turns":4.0},{"damage":19.0,"enemies":"3 Sentries","floor":7.0,"turns":11.0},{"damage":13.0,"enemies":"Lots of Slimes","floor":8.0,"turns":5.0},{"damage":6.0,"enemies":"Lagavulin","floor":12.0,"turns":8.0},{"damage":0.0,"enemies":"Looter","floor":14.0,"turns":3.0},{"damage":0.0,"enemies":"Slime Boss","floor":16.0,"turns":8.0},{"damage":0.0,"enemies":"Shell Parasite","floor":18.0,"turns":4.0},{"damage":7.0,"enemies":"3 Byrds","floor":19.0,"turns":6.0},{"damage":3.0,"enemies":"Centurion and Healer","floor":21.0,"turns":5.0},{"damage":7.0,"enemies":"Book of Stabbing","floor":23.0,"turns":4.0},{"damage":0.0,"enemies":"Slaver and Parasite","floor":27.0,"turns":5.0},{"damage":4,"enemies":"Gremlin Leader","floor":28,"turns":6},{"damage":16,"enemies":"Collector","floor":33,"turns":6},{"damage":0,"enemies":"3 Shapes","floor":35,"turns":5},{"damage":7,"enemies":"3 Darklings","floor":47,"turns":5},{"damage":0,"enemies":"Maw","floor":48,"turns":8},{"damage":0,"enemies":"Time Eater","floor":50,"turns":12}],"event_choices":[{"event_name":"Scrap Ooze","player_choice":"success","floor":2.0,"damage_taken":12.0},{"event_name":"Transmorgrifier","player_choice":"Transform","floor":24.0,"damage_taken":0.0},{"event_name":"Forgotten Altar","player_choice":"Shed Blood","floor":31,"damage_taken":0},{"event_name":"SensoryStone","player_choice":"Memory 3","floor":36,"damage_taken":0},{"event_name":"Mysterious Sphere","player_choice":"Ignore","floor":41,"damage_taken":0},{"event_name":"Tomb of Lord Red Mask","player_choice":"Paid","floor":44,"damage_taken":0}],"boss_relics":[{"not_picked":["Velvet Choker","Eternal Feather"],"picked":"Cursed Key"}],"potions_floor_spawned":[3,14,16,23,33,47,48],"seed_played":"8276234161559606571","ascension_level":0,"is_trial":false}