{"path_per_floor":["M","?","?","M","$","R","M","R","T","$","?","R","M","E","R","B",null,"M","?","M","$","?","E","R","M","T","$","E","R","E","?","R","B",null,"M","M","T","?","M","R","M","R","T","R","M","E","$","M","R","B"],"character_chosen":"IRONCLAD","items_purchased":["Metallicize","Lantern","Happy Flower","Mummified Hand","Bag of Marbles","Strawberry"],"gold_per_floor":[112,187,187,200,125,125,136,136,436,359,384,384,404,436,436,531,561,577,577,595,194,294,327,327,343,397,25,55,55,111,111,111,209,209,228,247,322,322,337,337,349,349,349,349,366,393,31,44,44,44],"floor_reached":51,"campfire_rested":0,"playtime":6412,"current_hp_per_floor":[88,77,70,75,75,75,81,81,81,81,66,66,72,73,73,73,93,93,77,78,78,78,67,67,72,72,72,78,78,84,84,84,82,93,93,93,93,93,93,93,93,93,93,93,93,88,95,100,100,77],"items_purged":["Bash","Strike_R","Strike_R","Strike_R"],"gold":44,"score":856,"play_id":"a2df927a-b41e-45bd-a268-6f187ba3694f","local_time":"20180409204817","is_prod":false,"is_daily":false,"is_ascension_mode":false,"campfire_upgraded":11,"timestamp":1523299697,"path_taken":["M","?","?","M","$","R","?","R","T","?","?","R","M","E","R","BOSS","M","?","M","$","?","E","R","M","T","$","E","R","E","?","R","BOSS","M","M","?","?","M","R","M","R","T","R","M","E","$","M","R","BOSS"],"build_version":"2018-04-05v2","purchased_purges":7,"victory":true,"master_deck":["Defend_R+1","Defend_R+1","Defend_R+1","Defend_R+1","Ghostly Armor+1","Carnage+1","Shockwave+1","Metallicize+1","Body Slam+1","True Grit+1","Juggernaut+1","Shrug It Off+1","Feel No Pain+1","Impervious+1","Flex","Battle Trance+1","Shrug It Off+1","Shrug It Off+1"],"max_hp_per_floor":[88,88,88,88,88,88,88,88,88,88,88,88,88,88,88,88,93,93,93,93,93,93,93,93,93,93,93,93,93,93,93,93,93,93,93,93,93,93,93,93,93,93,93,93,93,93,100,100,100,100],"relics":["Burning Blood","Old Coin","Odd Mushroom","Bag of Preparation","Tiny House","Enchiridion","Lantern","Happy Flower","Centennial Puzzle","Ancient Tea Set","Mummified Hand","Juzu Bracelet","Tiny Chest","Lizard Tail","Smiling Mask","Ornamental Fan","Charon\u0027s Ashes","Bag of Marbles","Strawberry"],"card_choices":[{"not_picked":["Pommel Strike","Clothesline"],"picked":"Ghostly Armor","floor":1},{"not_picked":["Heavy Blade","Seeing Red"],"picked":"Carnage","floor":4},{"not_picked":["Heavy Blade","Havoc"],"picked":"Shockwave","floor":7},{"not_picked":["Heavy Blade","Pummel"],"picked":"Body Slam","floor":11},{"not_picked":["Sentinel","Corruption"],"picked":"True Grit","floor":14},{"not_picked":["Bludgeon","Limit Break"],"picked":"Juggernaut","floor":16},{"not_picked":["Anger","Combust"],"picked":"Shrug It Off","floor":18},{"not_picked":["Perfected Strike","Sword Boomerang"],"picked":"Feel No Pain","floor":23},{"not_picked":["Anger","Carnage"],"picked":"Impervious","floor":30},{"not_picked":["Flex","Seeing Red"],"picked":"Battle Trance","floor":36},{"not_picked":["Thunderclap","Clothesline"],"picked":"Shrug It Off","floor":39},{"not_picked":["Sentinel","Fire Breathing"],"picked":"Shrug It Off","floor":45}],"player_experience":1697555,"potions_floor_usage":[23,46,50,50],"damage_taken":[{"damage":4,"enemies":"2 Louse","floor":1,"turns":4},{"damage":1,"enemies":"Jaw Worm","floor":4,"turns":6},{"damage":0,"enemies":"Small Slimes","floor":7,"turns":3},{"damage":21,"enemies":"The Mushroom Lair","floor":11,"turns":4},{"damage":0,"enemies":"3 Louse","floor":13,"turns":3},{"damage":5,"enemies":"3 Sentries","floor":14,"turns":7},{"damage":6,"enemies":"The Guardian","floor":16,"turns":16},{"damage":3,"enemies":"Spheric Guardian","floor":18,"turns":4},{"damage":5,"enemies":"Shell Parasite","floor":20,"turns":5},{"damage":17,"enemies":"Slavers","floor":23,"turns":4},{"damage":1,"enemies":"Snake Plant","floor":25,"turns":3},{"damage":0,"enemies":"Book of Stabbing","floor":28,"turns":6},{"damage":0,"enemies":"Gremlin Leader","floor":30,"turns":5},{"damage":8,"enemies":"Collector","floor":33,"turns":9},{"damage":0,"enemies":"3 Shapes","floor":35,"turns":3},{"damage":0,"enemies":"3 Darklings","floor":36,"turns":5},{"damage":0,"enemies":"Maw","floor":39,"turns":7},{"damage":0,"enemies":"4 Shapes","floor":41,"turns":4},{"damage":0,"enemies":"Sphere and 2 Shapes","floor":45,"turns":4},{"damage":11,"enemies":"Nemesis","floor":46,"turns":5},{"damage":0,"enemies":"Maw","floor":48,"turns":7},{"damage":29,"enemies":"Awakened One","floor":50,"turns":8}],"event_choices":[{"event_name":"World of Goop","player_choice":"Gather Gold","floor":2,"damage_taken":0},{"event_name":"Golden Wing","player_choice":"Card Removal","floor":3,"damage_taken":0},{"event_name":"Mushrooms","player_choice":"Fought Mushrooms","floor":11,"damage_taken":0},{"event_name":"Cursed Tome","player_choice":"Obtained Book","floor":19,"damage_taken":0},{"event_name":"Golden Shrine","player_choice":"Pray","floor":22,"damage_taken":0},{"event_name":"Transmorgrifier","player_choice":"Transform","floor":31,"damage_taken":0},{"event_name":"Mysterious Sphere","player_choice":"Ignore","floor":38,"damage_taken":0}],"boss_relics":[{"not_picked":["Calling Bell","Black Star"],"picked":"Tiny House"},{"not_picked":["Pandora\u0027s Box","Eternal Feather"],"picked":"Lizard Tail"}],"potions_floor_spawned":[1,11,13,25,33,41,45],"seed_played":"4840932408898547860","ascension_level":0,"is_trial":false}