{"path_per_floor":["M","?","M","?","M","E","R","E","T","R","E","T","$","?","R","B",null,"M","M","$","?","M","E","M","E","T","R","M","M","?","M","R","B",null,"M","?","?","$","M","E","M","$","T","M","M","?","R","M","R"],"character_chosen":"THE_SILENT","items_purchased":["Noxious Fumes","Kunai","Master of Strategy","Panache","Flash of Steel","Regal Pillow","Singing Bowl","Lantern"],"gold_per_floor":[113,113,133,133,149,193,193,229,256,256,299,352,9,90,90,219,219,235,249,66,66,87,120,143,184,254,254,269,288,288,304,304,428,428,451,451,784,116,126,161,176,24,73,91,109,109,109,124,124],"floor_reached":50,"campfire_rested":6,"playtime":4305,"current_hp_per_floor":[70,53,53,35,35,18,39,22,22,43,43,43,43,30,51,51,70,70,70,70,70,59,69,69,51,51,75,72,61,61,61,61,52,80,76,76,76,76,67,65,48,48,48,42,24,24,66,66,93],"items_purged":["Defend_G"],"gold":124,"play_id":"6772876b-a984-418f-9fd6-7e6cf2857b4a","is_prod":false,"is_daily":false,"campfire_rituals":0,"campfire_upgraded":1,"is_hardmode":false,"path_taken":["M","?","M","?","M","E","R","E","T","R","E","?","$","?","R","BOSS","M","M","?","?","M","E","M","E","T","R","M","M","?","?","R","BOSS","M","?","?","$","M","E","M","?","T","M","M","?","R","M","R","BOSS"],"build_version":"2018-01-11-PROD2","purchased_purges":1,"victory":false,"master_deck":["Defend_G","Defend_G","Defend_G","Strike_G","Strike_G","Strike_G","Strike_G","Strike_G","Survivor","Neutralize","Quick Slash","Dash","Distraction","Outmaneuver","Blade Dance","Acrobatics","Noxious Fumes","Burst","Acrobatics","Outmaneuver","Master of Strategy","Backflip","Escape Plan","Infinite Blades","Slice","Bouncing Flask","Slice","Panache","Flash of Steel","Slice","Endless Agony","Dagger Throw"],"max_hp_per_floor":[70,70,70,70,70,70,70,70,70,70,70,70,70,70,70,70,70,70,70,70,70,70,80,80,80,80,80,80,80,80,80,80,80,80,80,80,80,80,82,89,91,91,91,93,93,93,93,93,93],"relics":["Ring of the Snake","Whetstone","Shuriken","War Paint","Vajra","Molten Egg","Happy Flower","Bronze Scales","Kunai","Bottled Flame","Sozu","Pear","Mercury Hourglass","Darkstone Periapt","Orrery","Regal Pillow","Singing Bowl","Strawberry","Lantern","Frozen Egg"],"campfire_meditates":0,"card_choices":[{"not_picked":["Flechettes","Poisoned Stab"],"picked":"Quick Slash"},{"not_picked":["Eviscerate","Dagger Throw"],"picked":"Dash"},{"not_picked":["Dodge and Roll","Escape Plan"],"picked":"Distraction"},{"not_picked":["Bouncing Flask","Unload"],"picked":"Outmaneuver"},{"not_picked":["Predator","Quick Slash"],"picked":"Blade Dance"},{"not_picked":["Prepared","Choke"],"picked":"Acrobatics"},{"not_picked":["Wraith Form","Venomology"],"picked":"Burst"},{"not_picked":["Flying Knee","Dagger Throw"],"picked":"Acrobatics"},{"not_picked":["Flechettes","Crippling Poison"],"picked":"Outmaneuver"},{"not_picked":["Dagger Spray","Bane"],"picked":"Backflip"},{"not_picked":["Choke","Outmaneuver"],"picked":"Riddle With Holes"},{"not_picked":["Catalyst","Sucker Punch"],"picked":"Escape Plan"},{"not_picked":["Deadly Poison","Dagger Throw"],"picked":"Infinite Blades"},{"not_picked":["Deflect","Dodge and Roll"],"picked":"Slice"},{"not_picked":["Poisoned Stab","Underhanded Strike"],"picked":"Bouncing Flask"},{"not_picked":["Masterful Stab","Backflip"],"picked":"Slice"},{"not_picked":["Dodge and Roll","Heel Hook"],"picked":"Slice"},{"not_picked":["PiercingWail","Skewer"],"picked":"Endless Agony"},{"not_picked":["Poisoned Stab","Footwork"],"picked":"Dagger Throw"}],"player_experience":87789,"potions_floor_usage":[6,16],"damage_taken":[{"damage":0,"enemies":"Small Slimes","floor":1,"turns":5},{"damage":0,"enemies":"Cultist","floor":3,"turns":3},{"damage":0,"enemies":"2 Louse","floor":5,"turns":3},{"damage":17,"enemies":"Gremlin Nob","floor":6,"turns":4},{"damage":17,"enemies":"Lagavulin","floor":8,"turns":7},{"damage":0,"enemies":"Gremlin Nob","floor":11,"turns":3},{"damage":13,"enemies":"Lagavulin Event","floor":14,"turns":5},{"damage":0,"enemies":"Hexaghost","floor":16,"turns":8},{"damage":0,"enemies":"3 Byrds","floor":18,"turns":3},{"damage":0,"enemies":"Spheric Guardian","floor":19,"turns":3},{"damage":11,"enemies":"Snake Plant","floor":22,"turns":5},{"damage":0,"enemies":"Book of Stabbing","floor":23,"turns":5},{"damage":0,"enemies":"Snecko","floor":24,"turns":3},{"damage":18,"enemies":"Gremlin Leader","floor":25,"turns":7},{"damage":3,"enemies":"3 Cultists","floor":28,"turns":4},{"damage":11,"enemies":"Slaver and Parasite","floor":29,"turns":4},{"damage":0,"enemies":"Snecko","floor":31,"turns":4},{"damage":9,"enemies":"Automaton","floor":33,"turns":8},{"damage":4,"enemies":"3 Darklings","floor":35,"turns":4},{"damage":11,"enemies":"3 Shapes","floor":39,"turns":5},{"damage":9,"enemies":"Giant Head","floor":40,"turns":7},{"damage":19,"enemies":"Maw","floor":41,"turns":6},{"damage":8,"enemies":"4 Shapes","floor":44,"turns":4},{"damage":18,"enemies":"Sphere and 2 Shapes","floor":45,"turns":3},{"damage":0,"enemies":"Maw","floor":48,"turns":5},{"damage":122,"enemies":"Time Eater","floor":50,"turns":6}],"event_choices":[{"event_name":"Golden Idol","player_choice":"Take Damage","floor":2,"damage_taken":0},{"event_name":"Scrap Ooze","player_choice":"success","floor":4,"damage_taken":18},{"event_name":"Dead Adventurer","player_choice":"Searched \u00271\u0027 times","floor":14,"damage_taken":0},{"event_name":"Beggar","player_choice":"Ignored","floor":21,"damage_taken":0},{"event_name":"The Woman in Blue","player_choice":"Bought 0 Potions","floor":30,"damage_taken":0},{"event_name":"The Moai Head","player_choice":"Gave Idol","floor":37,"damage_taken":0},{"event_name":"Purifier","player_choice":"One Purge","floor":46,"damage_taken":0}],"boss_relics":[{"not_picked":["Eternal Feather","Snecko Eye"],"picked":"Sozu"},{"not_picked":["Question Card","Runic Dome"],"picked":"Orrery"}],"potions_floor_spawned":[1,5,11,19,22,24,29,31,40,45],"seed_played":"-6599849606582888174","killed_by":"Time Eater","is_trial":false}