{"path_per_floor":["M","?","$","M","M","E","M","R","T","?","M","?","R","M","R"],"character_chosen":"THE_SILENT","items_purchased":["Oddly Smooth Stone","Slice"],"gold_per_floor":[110,285,110,130,146,179,195,195,195,145,157,222,222,239,239],"floor_reached":16,"campfire_rested":3,"playtime":1260,"current_hp_per_floor":[66,66,66,66,62,35,32,53,53,53,51,19,40,37,58],"items_purged":[],"gold":239,"play_id":"4f5c3d0f-907b-47b6-943a-11d442e3074c","is_prod":false,"is_daily":false,"campfire_rituals":0,"campfire_upgraded":0,"is_hardmode":false,"path_taken":["M","?","$","M","?","E","?","R","T","?","M","?","R","M","R","BOSS"],"build_version":"2018-01-11-PROD2","purchased_purges":0,"victory":false,"master_deck":["Defend_G","Defend_G","Defend_G","Defend_G","Strike_G","Strike_G","Strike_G","Strike_G","Strike_G","Survivor","Neutralize","Dagger Throw","Doubt","Slice","Backflip","Outmaneuver","Sucker Punch","Heel Hook","Infinite Blades","Poisoned Stab","Acrobatics"],"max_hp_per_floor":[70,70,70,70,70,70,70,70,70,70,70,70,70,70,70],"relics":["Ring of the Snake","Bag of Marbles","Oddly Smooth Stone","Peace Pipe","Bottled Flame","Pantograph"],"campfire_meditates":0,"card_choices":[{"not_picked":["Cloak And Dagger","Blur"],"picked":"Dagger Throw"},{"not_picked":["Endless Agony","Eviscerate"],"picked":"Backflip"},{"not_picked":["Poisoned Stab","PiercingWail"],"picked":"Outmaneuver"},{"not_picked":["Burst","Deadly Poison"],"picked":"Sucker Punch"},{"not_picked":["Riddle With Holes","Outmaneuver"],"picked":"Heel Hook"},{"not_picked":["Dagger Spray","Riddle With Holes"],"picked":"Infinite Blades"},{"not_picked":["Outmaneuver","Eviscerate"],"picked":"Poisoned Stab"},{"not_picked":["Masterful Stab","Flying Knee"],"picked":"Acrobatics"}],"player_experience":92094,"potions_floor_usage":[6,12],"damage_taken":[{"damage":4,"enemies":"Cultist","floor":1,"turns":4},{"damage":0,"enemies":"Blue Slaver","floor":4,"turns":3},{"damage":4,"enemies":"Small Slimes","floor":5,"turns":4},{"damage":27,"enemies":"Lagavulin","floor":6,"turns":9},{"damage":3,"enemies":"2 Fungi Beasts","floor":7,"turns":3},{"damage":2,"enemies":"Lots of Slimes","floor":11,"turns":5},{"damage":32,"enemies":"Lagavulin Event","floor":12,"turns":7},{"damage":3,"enemies":"Large Slime","floor":14,"turns":6},{"damage":76,"enemies":"Hexaghost","floor":16,"turns":13}],"event_choices":[{"event_name":"Liars Game","player_choice":"agreed","floor":2,"damage_taken":0},{"event_name":"The Cleric","player_choice":"Card Removal","floor":10,"damage_taken":0},{"event_name":"Dead Adventurer","player_choice":"Searched \u00272\u0027 times","floor":12,"damage_taken":0}],"boss_relics":[],"potions_floor_spawned":[4,6,7],"seed_played":"-6495547211458791660","killed_by":"Hexaghost","is_trial":false}