{"path_per_floor":["M","M","?","?","?","R","E","?","T","R","M","$","?","M","R","B",null,"M","M","$","?","?","R","M","E","T","M","E","M","M","?","R"],"character_chosen":"THE_SILENT","items_purchased":["Vajra","Noxious Fumes","Pantograph","Mercury Hourglass","Regen Potion"],"gold_per_floor":[110,121,196,196,446,446,479,579,651,651,671,151,151,169,169,267,267,285,297,4,4,4,4,21,55,80,99,124,138,158,158,158],"floor_reached":33,"campfire_rested":3,"playtime":2099,"current_hp_per_floor":[67,67,56,56,56,56,38,38,38,59,61,61,61,63,63,51,70,51,42,42,42,42,63,62,56,56,59,53,52,43,27,48],"items_purged":["Regret"],"gold":158,"play_id":"e4c313c5-78ab-4047-867f-11ebcde06491","is_prod":false,"is_daily":false,"campfire_rituals":0,"campfire_upgraded":2,"is_hardmode":false,"path_taken":["M","M","?","?","?","R","E","?","T","R","M","?","?","?","R","BOSS","M","?","$","?","?","R","M","E","T","?","E","M","M","?","R","BOSS"],"build_version":"2018-01-11-PROD2","purchased_purges":1,"victory":false,"master_deck":["Defend_G","Defend_G","Defend_G","Survivor","Neutralize","Predator","Prepared","Footwork","Quick Slash","Calculated Gamble","Noxious Fumes","Leg Sweep","Underhanded Strike","Die Die Die","Pain","Writhe","Doubt","Dagger Throw","Cloak And Dagger","Bite_G","Bite_G","Bite_G","Bite_G","Bite_G","Calculated Gamble","Bullet Time","Dagger Throw","Acrobatics","Calculated Gamble","Necronomicurse"],"max_hp_per_floor":[70,70,70,70,70,70,70,70,70,70,70,70,70,70,70,70,70,70,70,70,70,70,70,70,70,70,70,70,70,70,70,70],"relics":["Ring of the Snake","Meat on the Bone","Vajra","Pantograph","Calling Bell","Pen Nib","Tingsha","Mummified Hand","Mercury Hourglass","Letter Opener","Bag of Preparation","Lantern","Necronomicon"],"campfire_meditates":0,"card_choices":[{"not_picked":["Skewer","Choke"],"picked":"Prepared"},{"not_picked":["Catalyst","Crippling Poison"],"picked":"Footwork"},{"not_picked":["Deadly Poison","Dagger Spray"],"picked":"Quick Slash"},{"not_picked":["Malaise","Endless Agony"],"picked":"Calculated Gamble"},{"not_picked":["Crippling Poison","Prepared"],"picked":"Underhanded Strike"},{"not_picked":["Unload","Storm of Steel"],"picked":"Die Die Die"},{"not_picked":["Poisoned Stab","Outmaneuver"],"picked":"Dagger Throw"},{"not_picked":["Crippling Poison","Poisoned Stab"],"picked":"Cloak And Dagger"},{"not_picked":["Prepared","Poisoned Stab"],"picked":"Calculated Gamble"},{"not_picked":["Quick Slash","Bouncing Flask"],"picked":"Bullet Time"},{"not_picked":["Dagger Spray","Blade Dance"],"picked":"Dagger Throw"},{"not_picked":["Adrenaline","Escape Plan"],"picked":"Acrobatics"},{"not_picked":["Finisher","Backflip"],"picked":"Calculated Gamble"}],"player_experience":98607,"potions_floor_usage":[7,16,16,18,24,25,29,33],"damage_taken":[{"damage":3,"enemies":"Jaw Worm","floor":1,"turns":3},{"damage":0,"enemies":"Small Slimes","floor":2,"turns":3},{"damage":18,"enemies":"Gremlin Nob","floor":7,"turns":4},{"damage":0,"enemies":"2 Louse","floor":11,"turns":3},{"damage":0,"enemies":"Large Slime","floor":14,"turns":7},{"damage":19,"enemies":"Hexaghost","floor":16,"turns":9},{"damage":19,"enemies":"3 Byrds","floor":18,"turns":5},{"damage":11,"enemies":"Chosen","floor":19,"turns":5},{"damage":17,"enemies":"Centurion and Healer","floor":24,"turns":7},{"damage":18,"enemies":"Slavers","floor":25,"turns":4},{"damage":3,"enemies":"Snecko","floor":27,"turns":3},{"damage":16,"enemies":"Gremlin Leader","floor":28,"turns":4},{"damage":3,"enemies":"Snake Plant","floor":29,"turns":2},{"damage":11,"enemies":"Centurion and Healer","floor":30,"turns":3},{"damage":74,"enemies":"Champ","floor":33,"turns":7}],"event_choices":[{"event_name":"World of Goop","player_choice":"Gather Gold","floor":3,"damage_taken":0},{"event_name":"The Cleric","player_choice":"Leave","floor":4,"damage_taken":0},{"event_name":"Golden Shrine","player_choice":"Desecrate","floor":5,"damage_taken":0},{"event_name":"Wheel of Change","player_choice":"Gold","floor":8,"damage_taken":0},{"event_name":"Transmorgrifier","player_choice":"Transform","floor":13,"damage_taken":0},{"event_name":"Vampires","player_choice":"Became a vampire (Vial)","floor":21,"damage_taken":0},{"event_name":"Drug Dealer","player_choice":"Ignored","floor":22,"damage_taken":0},{"event_name":"Cursed Tome","player_choice":"Obtained Book","floor":31,"damage_taken":0}],"boss_relics":[{"not_picked":["Sozu","Question Card"],"picked":"Calling Bell"}],"potions_floor_spawned":[2,7,11,16,18,27,29],"seed_played":"7471580156115453059","killed_by":"Champ","is_trial":false}