{"path_per_floor":["M","?","?","?","$","R","M","R","T","E","$","M","M","E","R","B",null,"M","?","?","M","M","R","$","R","T","$","E","M","M"],"character_chosen":"THE_SILENT","items_purchased":["Darkstone Periapt","Jack Of All Trades","Blood Vial","Regen Potion","Energy Potion","Footwork"],"gold_per_floor":[116,116,291,291,34,34,50,50,77,115,25,40,63,94,94,223,223,241,241,241,265,290,290,37,37,37,1,44,59,83],"floor_reached":31,"campfire_rested":2,"playtime":1754,"current_hp_per_floor":[70,70,70,70,70,70,70,70,70,70,70,67,66,63,63,29,70,52,36,36,15,4,25,25,46,46,46,56,41,18],"items_purged":[],"gold":83,"play_id":"ca8623c8-3156-406a-a971-2075eed9d5e3","is_prod":false,"is_daily":false,"campfire_rituals":0,"campfire_upgraded":3,"is_hardmode":false,"path_taken":["M","?","?","?","$","R","M","R","T","E","?","M","M","E","R","BOSS","M","?","?","M","M","R","$","R","T","$","E","?","M","E"],"build_version":"2018-01-11-PROD2","purchased_purges":0,"victory":false,"master_deck":["Defend_G","Defend_G","Defend_G","Defend_G","Strike_G","Strike_G","Strike_G","Strike_G","Strike_G","Survivor","Neutralize","Acrobatics","Regret","Doubt","Injury","Dagger Throw","Quick Slash","Jack Of All Trades","Noxious Fumes","Outmaneuver","Catalyst","Burst","Bouncing Flask","Slice","Bouncing Flask","PiercingWail","Footwork","Distraction","Deflect","Blur"],"max_hp_per_floor":[70,70,70,70,70,70,70,70,70,70,70,70,70,70,70,70,70,70,70,70,70,70,70,70,70,70,70,70,70,70],"relics":["Ring of the Snake","NeowsBlessing","Happy Flower","Golden Idol","Darkstone Periapt","Snake Skull","Centennial Puzzle","Ninja Scroll","The Specimen","Enchiridion","Blood Vial","Mercury Hourglass","Oddly Smooth Stone"],"campfire_meditates":0,"card_choices":[{"not_picked":["Calculated Gamble","Cloak And Dagger"],"picked":"Acrobatics"},{"not_picked":["Poisoned Stab","PiercingWail"],"picked":"Dagger Throw"},{"not_picked":["Poisoned Stab","All Out Attack"],"picked":"Quick Slash"},{"not_picked":["Caltrops","Underhanded Strike"],"picked":"Noxious Fumes"},{"not_picked":["Bane","All Out Attack"],"picked":"Outmaneuver"},{"not_picked":["Endless Agony","Calculated Gamble"],"picked":"Catalyst"},{"not_picked":["Tools of the Trade","Unload"],"picked":"Burst"},{"not_picked":["Poisoned Stab","Prepared"],"picked":"Bouncing Flask"},{"not_picked":["PiercingWail","Calculated Gamble"],"picked":"Bouncing Flask"},{"not_picked":["Poisoned Stab","Acrobatics"],"picked":"PiercingWail"},{"not_picked":["Well Laid Plans","Dagger Throw"],"picked":"Distraction"},{"not_picked":["Backstab","Deadly Poison"],"picked":"Deflect"},{"not_picked":["Flechettes","Wraith Form"],"picked":"Blur"}],"player_experience":96853,"potions_floor_usage":[14,18,22,28,28,29,30],"damage_taken":[{"damage":0,"enemies":"Blue Slaver","floor":1,"turns":1},{"damage":0,"enemies":"Jaw Worm","floor":7,"turns":1},{"damage":0,"enemies":"Gremlin Nob","floor":10,"turns":1},{"damage":3,"enemies":"Cultist","floor":12,"turns":3},{"damage":1,"enemies":"2 Fungi Beasts","floor":13,"turns":4},{"damage":3,"enemies":"Lagavulin","floor":14,"turns":7},{"damage":38,"enemies":"Hexaghost","floor":16,"turns":10},{"damage":18,"enemies":"Shell Parasite","floor":18,"turns":4},{"damage":21,"enemies":"Spheric Guardian","floor":21,"turns":4},{"damage":11,"enemies":"3 Cultists","floor":22,"turns":3},{"damage":1,"enemies":"Book of Stabbing","floor":28,"turns":3},{"damage":17,"enemies":"Slaver and Parasite","floor":29,"turns":5},{"damage":25,"enemies":"Snake Plant","floor":30,"turns":4},{"damage":25,"enemies":"Gremlin Leader","floor":31,"turns":5}],"event_choices":[{"event_name":"Big Fish","player_choice":"Box","floor":2,"damage_taken":0},{"event_name":"Liars Game","player_choice":"agreed","floor":3,"damage_taken":0},{"event_name":"Golden Idol","player_choice":"Take Wound","floor":4,"damage_taken":0},{"event_name":"Cursed Tome","player_choice":"Obtained Book","floor":19,"damage_taken":0},{"event_name":"Transmorgrifier","player_choice":"Transform","floor":20,"damage_taken":0}],"boss_relics":[{"not_picked":["Eternal Feather","Ectoplasm"],"picked":"The Specimen"}],"potions_floor_spawned":[1,14,16,22,28,29],"seed_played":"883344118981746906","killed_by":"Gremlin Leader","is_trial":false}