{"path_per_floor":["M","M","?","T","$","E","R","E","T","M","?","R","$","M","R","B",null,"M","?","M","?","M"],"character_chosen":"THE_SILENT","items_purchased":["Vajra","Panache","Noxious Fumes","Blind"],"gold_per_floor":[218,235,315,342,4,34,34,66,91,103,178,178,8,20,20,118,118,135,135,146,146,164],"floor_reached":23,"campfire_rested":2,"playtime":1413,"current_hp_per_floor":[67,67,67,67,67,60,60,46,46,46,35,56,56,45,66,50,70,56,56,40,24,36],"items_purged":[],"gold":164,"play_id":"da278554-4754-4eb3-aecc-5fb90922ae29","is_prod":false,"is_daily":false,"campfire_rituals":0,"campfire_upgraded":1,"is_hardmode":false,"path_taken":["M","M","?","?","?","E","R","E","T","M","?","R","$","M","R","BOSS","M","?","M","?","M","E"],"build_version":"2018-01-11-PROD2","purchased_purges":0,"victory":false,"master_deck":["Defend_G","Defend_G","Defend_G","Defend_G","Defend_G","Strike_G","Strike_G","Strike_G","Strike_G","Strike_G","Survivor","Neutralize","Predator","Poisoned Stab","Panache","Noxious Fumes","Dagger Spray","Flying Knee","Noxious Fumes","Blind","Quick Slash","Envenom","Injury","Injury","Writhe","Infinite Blades","Quick Slash","Necronomicurse","Predator"],"max_hp_per_floor":[70,70,70,70,70,70,70,70,70,70,70,70,70,70,70,70,70,70,70,70,70,70],"relics":["Ring of the Snake","Lantern","Vajra","Smiling Mask","Whetstone","War Paint","Calling Bell","Blood Vial","Meat on the Bone","Centennial Puzzle","Necronomicon"],"campfire_meditates":0,"card_choices":[{"not_picked":["Masterful Stab","Riddle With Holes"],"picked":"Predator"},{"not_picked":["PiercingWail","Choke"],"picked":"Poisoned Stab"},{"not_picked":["Backflip","Skewer"],"picked":"Noxious Fumes"},{"not_picked":["PiercingWail","Sucker Punch"],"picked":"Dagger Spray"},{"not_picked":["Deadly Poison","Doppelganger"],"picked":"Flying Knee"},{"not_picked":["Acrobatics","Bouncing Flask"],"picked":"Quick Slash"},{"not_picked":["Glass Knife","Die Die Die"],"picked":"Envenom"},{"not_picked":["Eviscerate","Footwork"],"picked":"Infinite Blades"},{"not_picked":["Acrobatics","Terror"],"picked":"Quick Slash"},{"not_picked":["Terror","Deflect"],"picked":"Predator"}],"player_experience":77751,"potions_floor_usage":[6,6,8,22,22],"damage_taken":[{"damage":3,"enemies":"Small Slimes","floor":1,"turns":4},{"damage":0,"enemies":"Jaw Worm","floor":2,"turns":4},{"damage":22,"enemies":"Lagavulin","floor":6,"turns":8},{"damage":14,"enemies":"Gremlin Nob","floor":8,"turns":5},{"damage":0,"enemies":"Cultist","floor":10,"turns":3},{"damage":11,"enemies":"Exordium Thugs","floor":14,"turns":4},{"damage":16,"enemies":"Slime Boss","floor":16,"turns":6},{"damage":14,"enemies":"Spheric Guardian","floor":18,"turns":5},{"damage":18,"enemies":"Shell Parasite","floor":20,"turns":6},{"damage":2,"enemies":"Centurion and Healer","floor":22,"turns":4},{"damage":38,"enemies":"Book of Stabbing","floor":23,"turns":5}],"event_choices":[{"event_name":"Golden Wing","player_choice":"Gained Gold","floor":3,"damage_taken":0},{"event_name":"World of Goop","player_choice":"Gather Gold","floor":11,"damage_taken":0},{"event_name":"Back to Basics","player_choice":"Simplicity","floor":19,"damage_taken":0},{"event_name":"Cursed Tome","player_choice":"Obtained Book","floor":21,"damage_taken":0}],"boss_relics":[{"not_picked":["Snecko Eye","Orrery"],"picked":"Calling Bell"}],"potions_floor_spawned":[1,2,6,16,18],"seed_played":"4975259298872580240","killed_by":"Book of Stabbing","is_trial":false}