{"path_per_floor":["M","M","?","?","M","E","R","M","T","$","M","M","M","E","R","B",null,"M","M","?","$","M"],"character_chosen":"THE_SILENT","items_purchased":["A Thousand Cuts","Poisoned Stab","Jack Of All Trades"],"gold_per_floor":[109,123,123,123,143,176,176,193,193,10,26,45,59,85,85,188,188,200,217,217,116,135],"floor_reached":23,"campfire_rested":1,"playtime":2023,"current_hp_per_floor":[70,70,70,70,70,50,50,43,57,57,57,47,54,33,58,46,84,84,67,58,58,36],"items_purged":[],"gold":135,"play_id":"3a6166a1-2cc2-4884-874e-cb7aeac6530b","is_prod":false,"is_daily":false,"campfire_rituals":0,"campfire_upgraded":1,"is_hardmode":false,"path_taken":["M","M","?","?","M","E","R","M","T","$","M","M","M","E","R","BOSS","M","M","?","$","M","E"],"build_version":"2018-01-11-PROD2","purchased_purges":0,"victory":false,"master_deck":["Defend_G","Defend_G","Defend_G","Defend_G","Defend_G","Survivor","Neutralize","Backflip","Predator","Tools of the Trade","Flying Knee","A Thousand Cuts","Poisoned Stab","Distraction","Slice","Noxious Fumes","Deadly Poison","Adrenaline","Eviscerate","Dagger Throw","Bite_G","Bite_G","Bite_G","Bite_G","Bite_G","Jack Of All Trades","Quick Slash"],"max_hp_per_floor":[70,70,70,70,70,70,70,70,84,84,84,84,84,84,84,84,84,84,84,58,58,58],"relics":["Ring of the Snake","Meat on the Bone","Mango","Gremlin Horn","The Specimen"],"campfire_meditates":0,"card_choices":[{"not_picked":["Calculated Gamble","Dodge and Roll"],"picked":"Backflip"},{"not_picked":["Masterful Stab","Choke"],"picked":"All Out Attack"},{"not_picked":["Dodge and Roll","Prepared"],"picked":"Predator"},{"not_picked":["Blur","Leg Sweep"],"picked":"Tools of the Trade"},{"not_picked":["Backflip","Outmaneuver"],"picked":"Flying Knee"},{"not_picked":["Quick Slash","Deflect"],"picked":"Distraction"},{"not_picked":["Deflect","Dodge and Roll"],"picked":"Slice"},{"not_picked":["Crippling Poison","Deflect"],"picked":"Noxious Fumes"},{"not_picked":["Well Laid Plans","Crippling Poison"],"picked":"Deadly Poison"},{"not_picked":["Wraith Form","Unload"],"picked":"Adrenaline"},{"not_picked":["Deflect","Leg Sweep"],"picked":"Eviscerate"},{"not_picked":["Footwork","Calculated Gamble"],"picked":"Dagger Throw"},{"not_picked":["Dagger Throw","Caltrops"],"picked":"Quick Slash"}],"player_experience":67395,"potions_floor_usage":[6,6,16,19,23],"damage_taken":[{"damage":0,"enemies":"Cultist","floor":1,"turns":5},{"damage":0,"enemies":"Blue Slaver","floor":2,"turns":8},{"damage":0,"enemies":"Small Slimes","floor":5,"turns":4},{"damage":20,"enemies":"Gremlin Nob","floor":6,"turns":5},{"damage":7,"enemies":"2 Fungi Beasts","floor":8,"turns":4},{"damage":0,"enemies":"Red Slaver","floor":11,"turns":3},{"damage":10,"enemies":"3 Louse","floor":12,"turns":3},{"damage":5,"enemies":"Exordium Wildlife","floor":13,"turns":3},{"damage":33,"enemies":"3 Sentries","floor":14,"turns":5},{"damage":12,"enemies":"The Guardian","floor":16,"turns":8},{"damage":0,"enemies":"Chosen","floor":18,"turns":5},{"damage":26,"enemies":"Spheric Guardian","floor":19,"turns":6},{"damage":30,"enemies":"Snecko","floor":22,"turns":4},{"damage":45,"enemies":"Book of Stabbing","floor":23,"turns":4}],"event_choices":[{"event_name":"Bonfire Elementals","player_choice":"UNCOMMON","floor":3,"damage_taken":0},{"event_name":"The Cleric","player_choice":"Leave","floor":4,"damage_taken":0},{"event_name":"Vampires","player_choice":"Became a vampire","floor":20,"damage_taken":0}],"boss_relics":[{"not_picked":["Lizard Tail","Eternal Feather"],"picked":"The Specimen"}],"potions_floor_spawned":[1,5,6,12,16,18],"seed_played":"-4619405518895300033","killed_by":"Book of Stabbing","is_trial":false}