{"path_per_floor":["M","?","M","M","M","R","M","R","T","R","?","E","R","M","R","B",null,"M","M","?","?","M","R","M","M","T","M","R","E","?","M","R","B",null,"M","M","M","?","?","R","E","R","T","M","E","M","$","?","R","B"],"character_chosen":"THE_SILENT","items_purchased":["Ornamental Fan"],"gold_per_floor":[109,109,126,138,153,153,168,168,168,168,118,152,152,171,171,272,272,292,308,308,308,326,326,343,360,360,379,379,410,410,425,425,530,530,544,563,577,577,577,577,610,610,610,626,653,668,342,342,342,342],"floor_reached":51,"campfire_rested":4,"playtime":10495,"current_hp_per_floor":[69,69,67,65,50,50,50,50,50,50,50,18,18,18,18,18,70,70,70,70,70,52,52,50,43,43,43,43,23,7,3,24,18,70,61,47,27,27,27,48,37,58,58,33,22,22,22,22,43,22],"items_purged":["Flying Knee"],"gold":342,"play_id":"52fdb016-2b80-474e-9803-b66ea9bbec66","is_prod":false,"is_daily":false,"campfire_rituals":0,"campfire_upgraded":7,"is_hardmode":false,"path_taken":["M","?","?","M","?","R","M","R","T","R","?","E","R","M","R","BOSS","M","M","?","?","M","R","M","M","T","?","R","E","?","M","R","BOSS","M","M","M","?","?","R","E","R","T","M","E","M","$","?","R","BOSS"],"build_version":"2018-01-18-PROD4","purchased_purges":1,"victory":true,"master_deck":["Defend_G","Defend_G","Defend_G","Defend_G","Survivor","Neutralize","Calculated Gamble","Caltrops","After Image","Distraction","Eviscerate","Backflip","Wraith Form","Venomology","Adrenaline","Dagger Spray","Calculated Gamble","Calculated Gamble","Phantasmal Killer","Escape Plan","Outmaneuver","Prepared","After Image","Malaise","Sucker Punch","Acrobatics","Backflip","Burst","Blur"],"max_hp_per_floor":[70,70,70,70,70,70,70,70,70,70,70,70,70,70,70,70,70,70,70,70,70,70,70,70,70,70,70,70,70,70,70,70,70,70,70,70,70,70,70,70,70,70,70,70,70,70,70,70,70,70],"relics":["Ring of the Snake","Ginger","Kunai","Astrolabe","Calipers","Vajra","Enchiridion","Velvet Choker","Unceasing Top","Bag of Preparation","Juzu Bracelet","Ornamental Fan"],"campfire_meditates":0,"card_choices":[{"not_picked":["Masterful Stab","Terror"],"picked":"Calculated Gamble"},{"not_picked":["Skewer","Backstab"],"picked":"Caltrops"},{"not_picked":["Slice","Dagger Throw"],"picked":"After Image"},{"not_picked":["All Out Attack","Blade Dance"],"picked":"Distraction"},{"not_picked":["Infinite Blades","Finisher"],"picked":"Eviscerate"},{"not_picked":["Sucker Punch","Caltrops"],"picked":"Backflip"},{"not_picked":["Noxious Fumes","Deadly Poison"],"picked":"Flying Knee"},{"not_picked":["Die Die Die","Phantasmal Killer"],"picked":"Wraith Form"},{"not_picked":["Dagger Spray","Bouncing Flask"],"picked":"Calculated Gamble"},{"not_picked":["Dagger Throw","Quick Slash"],"picked":"Calculated Gamble"},{"not_picked":["Well Laid Plans","Prepared"],"picked":"Escape Plan"},{"not_picked":["Masterful Stab","Deflect"],"picked":"Outmaneuver"},{"not_picked":["Leg Sweep","Dodge and Roll"],"picked":"Prepared"},{"not_picked":["Die Die Die","Unload"],"picked":"After Image"},{"not_picked":["Crippling Poison","Backstab"],"picked":"Malaise"},{"not_picked":["Flying Knee","Dodge and Roll"],"picked":"Sucker Punch"},{"not_picked":["Flying Knee","Slice"],"picked":"Backflip"},{"not_picked":["Dodge and Roll","Dash"],"picked":"Burst"},{"not_picked":["PiercingWail","Deflect"],"picked":"Blur"}],"player_experience":8220,"potions_floor_usage":[18,18,19,22,22,25,27,29,29,29,31,33,33,35,35,36,37,41,41,41,44,45,46,50,50,50],"damage_taken":[{"damage":1,"enemies":"Cultist","floor":1,"turns":4},{"damage":2,"enemies":"Blue Slaver","floor":3,"turns":8},{"damage":2,"enemies":"Small Slimes","floor":4,"turns":5},{"damage":15,"enemies":"3 Louse","floor":5,"turns":7},{"damage":0,"enemies":"2 Fungi Beasts","floor":7,"turns":7},{"damage":32,"enemies":"3 Sentries","floor":12,"turns":7},{"damage":0,"enemies":"Exordium Thugs","floor":14,"turns":4},{"damage":0,"enemies":"Hexaghost","floor":16,"turns":12},{"damage":0,"enemies":"3 Byrds","floor":18,"turns":3},{"damage":0,"enemies":"Shell Parasite","floor":19,"turns":4},{"damage":18,"enemies":"Snecko","floor":22,"turns":7},{"damage":2,"enemies":"Centurion and Healer","floor":24,"turns":10},{"damage":7,"enemies":"Snake Plant","floor":25,"turns":5},{"damage":0,"enemies":"Sentry and Sphere","floor":27,"turns":3},{"damage":20,"enemies":"Slavers","floor":29,"turns":4},{"damage":4,"enemies":"Slaver and Parasite","floor":31,"turns":5},{"damage":6,"enemies":"Champ","floor":33,"turns":8},{"damage":9,"enemies":"Orb Walker","floor":35,"turns":4},{"damage":14,"enemies":"3 Darklings","floor":36,"turns":7},{"damage":20,"enemies":"Sphere and 2 Shapes","floor":37,"turns":7},{"damage":26,"enemies":"2 Orb Walkers","floor":41,"turns":5},{"damage":25,"enemies":"4 Shapes","floor":44,"turns":6},{"damage":11,"enemies":"Giant Head","floor":45,"turns":11},{"damage":0,"enemies":"3 Darklings","floor":46,"turns":5},{"damage":36,"enemies":"Awakened One","floor":50,"turns":18}],"event_choices":[{"event_name":"Bonfire Elementals","player_choice":"BASIC","floor":2,"damage_taken":0},{"event_name":"The Cleric","player_choice":"Card Removal","floor":11,"damage_taken":0},{"event_name":"The Mausoleum","player_choice":"No","floor":20,"damage_taken":0},{"event_name":"Transmorgrifier","player_choice":"Transform","floor":21,"damage_taken":0},{"event_name":"Cursed Tome","player_choice":"Obtained Book","floor":30,"damage_taken":0},{"event_name":"Match and Keep!","player_choice":"1 cards matched","floor":38,"damage_taken":0},{"event_name":"Upgrade Shrine","player_choice":"Upgraded","floor":39,"damage_taken":0},{"event_name":"The Moai Head","player_choice":"Ignored","floor":48,"damage_taken":0}],"boss_relics":[{"not_picked":["Snecko Eye","Runic Pyramid"],"picked":"Astrolabe"},{"not_picked":["The Specimen","Orrery"],"picked":"Velvet Choker"}],"potions_floor_spawned":[1,3,14,16,18,25,29,31,33,41,44,45],"seed_played":"5764798519079998877","is_trial":false}