{"path_per_floor":["M","M","M","$","?","M","M","R","T","?","R","M","R","M","R","B",null,"M","M","?","M","M","R","E","R","T","$","M","M","R","$","R","B",null,"M","M","$","?","M","R","E","R","T","?","$","?","R","M","R"],"character_chosen":"THE_SILENT","items_purchased":["Predator","Noxious Fumes","Acrobatics"],"gold_per_floor":[115,133,149,81,81,101,121,121,121,143,143,160,160,180,180,282,282,207,207,207,207,207,207,207,207,207,9,9,9,9,9,9,9,9,9,9,9,9,9,9,9,9,9,9,9,0,0,0,0],"floor_reached":50,"campfire_rested":1,"playtime":8774,"current_hp_per_floor":[68,64,64,64,64,64,54,54,54,30,30,28,28,26,26,35,70,53,48,48,33,31,31,33,33,33,33,31,49,49,49,49,49,49,26,31,31,31,45,45,49,49,49,49,49,49,49,38,49],"items_purged":["Defend_G"],"gold":0,"play_id":"cdcad957-42b7-4fbf-a043-416e77e7681c","is_prod":false,"is_daily":false,"is_ascension_mode":false,"campfire_upgraded":11,"path_taken":["M","M","M","$","?","M","M","R","T","?","R","?","R","M","R","BOSS","M","M","?","M","M","R","E","R","T","?","M","?","R","$","R","BOSS","M","M","$","?","M","R","E","R","T","?","$","?","R","M","R","BOSS"],"build_version":"2018-01-25-PROD2","purchased_purges":1,"victory":false,"master_deck":["Defend_G","Defend_G","Defend_G","Defend_G","Survivor","Neutralize+1","Flying Knee","Blade Dance","Quick Slash","Doppelganger+1","Predator","Wraith Form+1","Deflect","Backflip+1","Backstab","Footwork+1","Escape Plan","A Thousand Cuts+1","Well Laid Plans","PiercingWail+1","Bite_G+1","Bite_G+1","Bite_G","Bite_G","Bite_G","Well Laid Plans","Dodge and Roll+1","Noxious Fumes+1","Escape Plan+1","Envenom+1","Infinite Blades+1","Choke+1","Acrobatics+1","Infinite Blades+1","Outmaneuver+1"],"max_hp_per_floor":[70,70,70,70,70,70,70,70,70,70,70,70,70,70,70,70,70,70,70,49,49,49,49,49,49,49,49,49,49,49,49,49,49,49,49,49,49,49,49,49,49,49,49,49,49,49,49,49,49],"relics":["Ring of the Snake","Odd Mushroom","Ectoplasm","Anchor","Blood Vial","Sozu","Bottled Lightning","Pen Nib","Calipers","Red Mask"],"card_choices":[{"not_picked":["Dodge and Roll","Riddle With Holes"],"picked":"Blade Dance"},{"not_picked":["Bane","Deadly Poison"],"picked":"Quick Slash"},{"not_picked":["Distraction","Catalyst"],"picked":"Doppelganger"},{"not_picked":["Leg Sweep","Flechettes"],"picked":"Deflect"},{"not_picked":["Bane","Acrobatics"],"picked":"Backflip"},{"not_picked":["Malaise","Deadly Poison"],"picked":"Backstab"},{"not_picked":["PiercingWail","Outmaneuver"],"picked":"Footwork"},{"not_picked":["Skewer","Sucker Punch"],"picked":"Escape Plan"},{"not_picked":["Phantasmal Killer","Burst"],"picked":"A Thousand Cuts"},{"not_picked":["PiercingWail","Bane"],"picked":"Well Laid Plans"},{"not_picked":["Heel Hook","Sucker Punch"],"picked":"PiercingWail"},{"not_picked":["Dagger Throw","Outmaneuver"],"picked":"Well Laid Plans"},{"not_picked":["Choke","Well Laid Plans"],"picked":"Dodge and Roll"},{"not_picked":["Deflect","Blur"],"picked":"Escape Plan"},{"not_picked":["After Image","Phantasmal Killer"],"picked":"Envenom"},{"not_picked":["Deadly Poison","Quick Slash"],"picked":"Infinite Blades"},{"not_picked":["Deadly Poison","Sucker Punch"],"picked":"Choke"},{"not_picked":["Flechettes","Choke"],"picked":"Acrobatics"},{"not_picked":["Poisoned Stab","Malaise"],"picked":"Infinite Blades"},{"not_picked":["Dash","Venomology"],"picked":"Outmaneuver"}],"player_experience":31101,"potions_floor_usage":[16,16,19],"damage_taken":[{"damage":2,"enemies":"Small Slimes","floor":1,"turns":5},{"damage":4,"enemies":"Blue Slaver","floor":2,"turns":6},{"damage":0,"enemies":"2 Louse","floor":3,"turns":3},{"damage":0,"enemies":"Looter","floor":6,"turns":5},{"damage":10,"enemies":"Large Slime","floor":7,"turns":7},{"damage":24,"enemies":"The Mushroom Lair","floor":10,"turns":4},{"damage":2,"enemies":"Exordium Wildlife","floor":12,"turns":3},{"damage":2,"enemies":"3 Louse","floor":14,"turns":4},{"damage":6,"enemies":"The Guardian","floor":16,"turns":9},{"damage":17,"enemies":"2 Thieves","floor":18,"turns":5},{"damage":20,"enemies":"Shell Parasite","floor":19,"turns":7},{"damage":22,"enemies":"Snake Plant","floor":21,"turns":5},{"damage":14,"enemies":"3 Cultists","floor":22,"turns":7},{"damage":20,"enemies":"Slavers","floor":24,"turns":8},{"damage":23,"enemies":"Sentry and Sphere","floor":28,"turns":7},{"damage":2,"enemies":"Centurion and Healer","floor":29,"turns":7},{"damage":28,"enemies":"Collector","floor":33,"turns":11},{"damage":35,"enemies":"3 Darklings","floor":35,"turns":5},{"damage":7,"enemies":"3 Shapes","floor":36,"turns":5},{"damage":39,"enemies":"3 Darklings","floor":39,"turns":16},{"damage":14,"enemies":"Nemesis","floor":41,"turns":8},{"damage":3,"enemies":"Mysterious Sphere","floor":44,"turns":5},{"damage":19,"enemies":"Sphere and 2 Shapes","floor":48,"turns":5},{"damage":74,"enemies":"Donu and Deca","floor":50,"turns":7}],"event_choices":[{"event_name":"Transmorgrifier","player_choice":"Transform","floor":5,"damage_taken":0},{"event_name":"Mushrooms","player_choice":"Fought Mushrooms","floor":10,"damage_taken":0},{"event_name":"Vampires","player_choice":"Became a vampire","floor":20,"damage_taken":0},{"event_name":"Mysterious Sphere","player_choice":"Fight","floor":44,"damage_taken":0},{"event_name":"Tomb of Lord Red Mask","player_choice":"Paid","floor":46,"damage_taken":0}],"boss_relics":[{"not_picked":["Snecko Eye","Runic Pyramid"],"picked":"Ectoplasm"},{"not_picked":["Runic Dome","Question Card"],"picked":"Sozu"}],"potions_floor_spawned":[3,14,16,18,21,22,24,36,39,41],"seed_played":"7244799119834793930","killed_by":"Donu and Deca","ascension_level":0,"is_trial":false}