{"path_per_floor":["M","?","M","$","M","E","?","$","T","M","R","E","M","M","R","B",null,"M","M","M","?","M","E","?","R","T","M","E","M","M","$","R","B",null,"M","$","M","M","$","E","M","?","T","?","M","R","E","M","R"],"character_chosen":"THE_SILENT","items_purchased":["Envenom","Footwork","Apotheosis","War Paint","Fire Potion","Cloak And Dagger"],"gold_per_floor":[116,116,131,60,71,106,128,56,130,147,147,174,189,201,201,303,303,323,339,353,253,266,296,296,296,322,336,368,383,399,10,10,108,108,121,22,33,46,46,79,99,99,99,99,116,116,149,168,168],"floor_reached":50,"campfire_rested":5,"playtime":3774,"current_hp_per_floor":[62,55,53,53,52,42,39,39,39,34,55,47,36,38,38,37,70,60,57,46,46,41,21,21,35,42,46,50,38,33,33,49,55,56,46,46,47,39,39,39,23,37,51,51,51,70,34,41,62],"items_purged":["Pain"],"gold":168,"play_id":"ba71da89-cc99-474b-af8d-da68a9839a0b","is_prod":false,"is_daily":false,"campfire_rituals":0,"campfire_upgraded":1,"is_hardmode":false,"path_taken":["M","?","M","$","?","E","?","$","T","?","R","E","M","M","R","BOSS","M","M","?","?","M","E","?","R","T","M","E","M","?","$","R","BOSS","M","$","M","M","$","E","M","?","T","?","M","R","E","M","R","BOSS"],"build_version":"2018-01-18-PROD3","purchased_purges":1,"victory":false,"master_deck":["Defend_G","Defend_G","Survivor","Neutralize","Calculated Gamble","Corpse Explosion","Noxious Fumes","Sucker Punch","Dagger Throw","Envenom","Bane","Cloak And Dagger","Dagger Spray","Footwork","Heel Hook","Venomology","Flying Knee","Dagger Spray","Envenom","Cloak And Dagger","Backflip","Cloak And Dagger","J.A.X.","All Out Attack","After Image","Bite_G","Bite_G","Bite_G","Bite_G","Bite_G","Injury","Dagger Spray","Noxious Fumes","Apotheosis","Burst","Parasite","Regret","Cloak And Dagger","Cloak And Dagger","Cloak And Dagger","Catalyst","Cloak And Dagger","Writhe","Parasite","Catalyst","Prepared","Noxious Fumes","Footwork","Outmaneuver"],"max_hp_per_floor":[70,70,70,70,70,70,70,70,70,70,70,70,70,70,70,70,70,70,70,70,70,70,70,49,49,56,56,56,56,56,56,56,56,56,56,56,56,56,56,56,56,56,70,70,70,70,70,70,70],"relics":["Astrolabe","Meat on the Bone","Odd Mushroom","Mummified Hand","Happy Flower","Cursed Key","Mercury Hourglass","Strawberry","Anchor","War Paint","Calling Bell","Dream Catcher","Shuriken","Toolbox","Bottled Flame","Mango","Whetstone"],"campfire_meditates":0,"card_choices":[{"not_picked":["Deadly Poison","Backstab"],"picked":"Sucker Punch"},{"not_picked":["Acrobatics","Backstab"],"picked":"Dagger Throw"},{"not_picked":["Slice","Blur"],"picked":"Bane"},{"not_picked":["Sucker Punch","Underhanded Strike"],"picked":"Cloak And Dagger"},{"not_picked":["Outmaneuver","Choke"],"picked":"Dagger Spray"},{"not_picked":["Finisher","Tactician"],"picked":"Heel Hook"},{"not_picked":["Deadly Poison","Poisoned Stab"],"picked":"Venomology"},{"not_picked":["Dodge and Roll","Deadly Poison"],"picked":"Flying Knee"},{"not_picked":["Eviscerate","PiercingWail"],"picked":"Dagger Spray"},{"not_picked":["Bullet Time","Storm of Steel"],"picked":"Envenom"},{"not_picked":["Sucker Punch","Deflect"],"picked":"Cloak And Dagger"},{"not_picked":["Acrobatics","Bane"],"picked":"Backflip"},{"not_picked":["Malaise","Leg Sweep"],"picked":"Cloak And Dagger"},{"not_picked":["Acrobatics","Prepared"],"picked":"All Out Attack"},{"not_picked":["Doppelganger","Prepared"],"picked":"After Image"},{"not_picked":["Poisoned Stab","Deflect"],"picked":"Dagger Spray"},{"not_picked":["Masterful Stab","Blade Dance"],"picked":"Noxious Fumes"},{"not_picked":["Doppelganger","Die Die Die"],"picked":"Burst"},{"not_picked":["Prepared","Leg Sweep"],"picked":"Cloak And Dagger"},{"not_picked":["Setup","Slice"],"picked":"Cloak And Dagger"},{"not_picked":["Bouncing Flask","Dagger Spray"],"picked":"Catalyst"},{"not_picked":["Concentrate","Backstab"],"picked":"Cloak And Dagger"},{"not_picked":["Bane","Deadly Poison"],"picked":"Catalyst"},{"not_picked":["PiercingWail","Flying Knee"],"picked":"Prepared"},{"not_picked":["Deflect","Poisoned Stab"],"picked":"Noxious Fumes"},{"not_picked":["Night Terror","Sucker Punch"],"picked":"Footwork"},{"not_picked":["Slice","Terror"],"picked":"Outmaneuver"}],"player_experience":122880,"potions_floor_usage":[5,6,7,16,16,16,18,18,19,20,22,23,27,28,30,33,33,35,38,40,40,40,40,41,45,45,47,47],"damage_taken":[{"damage":8,"enemies":"Jaw Worm","floor":1,"turns":4},{"damage":2,"enemies":"2 Louse","floor":3,"turns":3},{"damage":1,"enemies":"Blue Slaver","floor":5,"turns":5},{"damage":10,"enemies":"Gremlin Nob","floor":6,"turns":4},{"damage":15,"enemies":"The Mushroom Lair","floor":7,"turns":5},{"damage":17,"enemies":"Large Slime","floor":10,"turns":4},{"damage":20,"enemies":"3 Sentries","floor":12,"turns":3},{"damage":11,"enemies":"Exordium Thugs","floor":13,"turns":5},{"damage":10,"enemies":"Gremlin Gang","floor":14,"turns":3},{"damage":28,"enemies":"Slime Boss","floor":16,"turns":7},{"damage":10,"enemies":"2 Thieves","floor":18,"turns":3},{"damage":3,"enemies":"Shell Parasite","floor":19,"turns":5},{"damage":11,"enemies":"Centurion and Healer","floor":20,"turns":6},{"damage":26,"enemies":"Snake Plant","floor":22,"turns":5},{"damage":32,"enemies":"Slavers","floor":23,"turns":5},{"damage":14,"enemies":"Snecko","floor":27,"turns":4},{"damage":8,"enemies":"Gremlin Leader","floor":28,"turns":6},{"damage":20,"enemies":"Slaver and Parasite","floor":29,"turns":6},{"damage":13,"enemies":"Snake Plant","floor":30,"turns":4},{"damage":13,"enemies":"Collector","floor":33,"turns":7},{"damage":14,"enemies":"Orb Walker","floor":35,"turns":3},{"damage":1,"enemies":"3 Darklings","floor":37,"turns":2},{"damage":19,"enemies":"Sphere and 2 Shapes","floor":38,"turns":5},{"damage":21,"enemies":"Giant Head","floor":40,"turns":7},{"damage":28,"enemies":"4 Shapes","floor":41,"turns":2},{"damage":10,"enemies":"Maw","floor":45,"turns":7},{"damage":51,"enemies":"Nemesis","floor":47,"turns":7},{"damage":10,"enemies":"Sphere and 2 Shapes","floor":48,"turns":3},{"damage":84,"enemies":"Donu and Deca","floor":50,"turns":5}],"event_choices":[{"event_name":"Golden Wing","player_choice":"Card Removal","floor":2,"damage_taken":0},{"event_name":"Mushrooms","player_choice":"Fought Mushrooms","floor":7,"damage_taken":0},{"event_name":"Drug Dealer","player_choice":"Got JAXXED","floor":21,"damage_taken":0},{"event_name":"Vampires","player_choice":"Became a vampire","floor":24,"damage_taken":0},{"event_name":"Winding Halls","player_choice":"Writhe","floor":42,"damage_taken":0},{"event_name":"The Lab","player_choice":"Got Potions","floor":44,"damage_taken":0}],"boss_relics":[{"not_picked":["Runic Dome","Pandora\u0027s Box"],"picked":"Cursed Key"},{"not_picked":["Snecko Eye","Eternal Feather"],"picked":"Calling Bell"}],"potions_floor_spawned":[3,5,6,13,14,16,19,22,23,29,33,35,40,45],"seed_played":"-4228120987743592358","killed_by":"Donu and Deca","is_trial":false}