{"path_per_floor":["M","M","?","?","?","M","R","E","T","R","M","R","$","E","R","B",null,"M","?","M","M","$"],"character_chosen":"THE_SILENT","items_purchased":["Prayer Wheel"],"gold_per_floor":[116,126,126,126,126,151,151,190,213,213,229,229,0,33,33,159,159,182,107,121,137,87],"floor_reached":23,"campfire_rested":3,"playtime":1411,"current_hp_per_floor":[55,55,55,55,55,54,54,33,33,54,44,65,65,24,45,21,70,53,53,23,20,20],"items_purged":["Injury","Doubt"],"gold":87,"play_id":"38b3ec68-849a-408f-994c-7b3defe3b147","is_prod":false,"is_daily":false,"campfire_rituals":0,"campfire_upgraded":1,"is_hardmode":false,"path_taken":["M","M","?","?","?","M","R","E","T","R","M","R","$","E","R","BOSS","M","?","M","?","$","E"],"build_version":"2018-01-11-PROD2","purchased_purges":2,"victory":false,"master_deck":["Defend_G","Defend_G","Defend_G","Defend_G","Defend_G","Strike_G","Strike_G","Strike_G","Strike_G","Strike_G","Survivor","Neutralize","Dagger Throw","Dagger Throw","Prepared","Acrobatics","Distraction","Venomology","A Thousand Cuts","Decay","Flying Knee","Dagger Throw","Escape Plan"],"max_hp_per_floor":[70,70,70,70,70,70,70,70,70,70,70,70,70,70,70,70,70,70,70,70,70,70],"relics":["The Specimen","Golden Idol","Happy Flower","Bronze Scales","Prayer Wheel","Smiling Mask","Calling Bell","Darkstone Periapt","Girya","Dodecahedron"],"campfire_meditates":0,"card_choices":[{"not_picked":["Quick Slash","Calculated Gamble"],"picked":"Dagger Throw"},{"not_picked":["Deadly Poison","Cloak And Dagger"],"picked":"Dagger Throw"},{"not_picked":["Dodge and Roll","Flechettes"],"picked":"Prepared"},{"not_picked":["PiercingWail","Dagger Spray"],"picked":"Acrobatics"},{"not_picked":["Cloak And Dagger","Terror"],"picked":"Distraction"},{"not_picked":["Malaise","Deadly Poison"],"picked":"Venomology"},{"not_picked":["Venomology","Corpse Explosion"],"picked":"A Thousand Cuts"},{"not_picked":["PiercingWail","Bane"],"picked":"Flying Knee"},{"not_picked":["Bane","Sucker Punch"],"picked":"Dagger Throw"},{"not_picked":["Storm of Steel","Dodge and Roll"],"picked":"Escape Plan"}],"player_experience":114294,"potions_floor_usage":[8,8,11,16,20,20,21,23],"damage_taken":[{"damage":15,"enemies":"Jaw Worm","floor":1,"turns":5},{"damage":0,"enemies":"Small Slimes","floor":2,"turns":3},{"damage":1,"enemies":"2 Louse","floor":6,"turns":3},{"damage":21,"enemies":"3 Sentries","floor":8,"turns":7},{"damage":10,"enemies":"Large Slime","floor":11,"turns":7},{"damage":41,"enemies":"Gremlin Nob","floor":14,"turns":5},{"damage":24,"enemies":"Hexaghost","floor":16,"turns":13},{"damage":17,"enemies":"3 Byrds","floor":18,"turns":3},{"damage":30,"enemies":"Chosen","floor":20,"turns":9},{"damage":3,"enemies":"Snecko","floor":21,"turns":4},{"damage":20,"enemies":"Book of Stabbing","floor":23,"turns":4}],"event_choices":[{"event_name":"Golden Wing","player_choice":"Ignored","floor":3,"damage_taken":0},{"event_name":"Living Wall","player_choice":"Grow","floor":4,"damage_taken":0},{"event_name":"Golden Idol","player_choice":"Take Wound","floor":5,"damage_taken":0},{"event_name":"Beggar","player_choice":"Gave Gold","floor":19,"damage_taken":0}],"boss_relics":[{"not_picked":["Orrery","Black Star"],"picked":"Calling Bell"}],"potions_floor_spawned":[2,6,8,18,21],"seed_played":"-3805574656702149798","killed_by":"Book of Stabbing","is_trial":false}