{"path_per_floor":["M","?","?","?","M","E","R","M","T","M","?","R","T","?","R","B",null,"M","?","$","?","M","E","M","R","T","R","?","R","?","M","R","B",null,"M","?","?","?","M","R","E","?","T","?","?","$","M"],"character_chosen":"THE_SILENT","items_purchased":["Mummified Hand","Accuracy","Distraction"],"gold_per_floor":[113,113,113,113,125,155,155,170,219,232,232,232,232,232,232,327,327,347,347,0,0,18,43,56,56,82,82,82,82,7,21,21,123,123,140,140,140,188,199,199,228,208,260,0,0,0,11],"floor_reached":48,"campfire_rested":5,"playtime":2794,"current_hp_per_floor":[66,59,59,47,45,6,42,39,39,27,27,63,63,63,63,19,70,60,51,51,51,34,13,3,40,40,40,45,45,45,34,71,30,75,56,56,49,33,19,66,6,6,6,6,24,24,4],"items_purged":[],"gold":11,"play_id":"20f5aa37-781d-42ee-bc23-40f58ebcb0a6","is_prod":false,"is_daily":false,"campfire_rituals":0,"campfire_upgraded":3,"is_hardmode":false,"path_taken":["M","?","?","?","M","E","R","M","T","M","?","R","?","?","R","BOSS","M","?","$","?","M","E","M","R","T","R","?","R","?","M","R","BOSS","M","?","?","?","M","R","E","?","T","?","?","$","M","M"],"build_version":"2018-01-18-PROD3","purchased_purges":0,"victory":false,"master_deck":["Neutralize","Cloak And Dagger","Dodge and Roll","Acrobatics","Slice","Predator","Envenom","Deflect","Flying Knee","Dagger Spray","Deflect","Deflect","Skewer","Slice","Flying Knee","Prepared","Accuracy","Distraction","Slice","Dagger Spray","Slice","Dash","Envenom","Outmaneuver","Quick Slash","Prepared","Writhe","Endless Agony"],"max_hp_per_floor":[70,70,70,70,70,70,70,70,70,70,70,70,70,70,70,70,70,70,75,75,75,75,75,75,75,75,75,75,75,75,75,75,75,75,75,75,75,75,75,75,75,75,75,75,75,75,75],"relics":["The Specimen","Regal Pillow","Shuriken","Art of War","Oddly Smooth Stone","Juzu Bracelet","Pandora\u0027s Box","Mummified Hand","Bottled Tornado","Whetstone","Eternal Feather","Ice Cream","Singing Bowl","Snake Skull","Red Mask"],"campfire_meditates":0,"card_choices":[{"not_picked":["Dodge and Roll","Slice"],"picked":"Cloak And Dagger"},{"not_picked":["PiercingWail","Terror"],"picked":"Dodge and Roll"},{"not_picked":["Bane","Reflex"],"picked":"Acrobatics"},{"not_picked":["Acrobatics","PiercingWail"],"picked":"Slice"},{"not_picked":["Quick Slash","Flying Knee"],"picked":"Predator"},{"not_picked":["Venomology","Storm of Steel"],"picked":"Envenom"},{"not_picked":["Backflip","Dodge and Roll"],"picked":"Prepared"},{"not_picked":["Acrobatics","Leg Sweep"],"picked":"Slice"},{"not_picked":["Bane","Calculated Gamble"],"picked":"Dagger Spray"},{"not_picked":["Well Laid Plans","Catalyst"],"picked":"Slice"},{"not_picked":["Acrobatics","Underhanded Strike"],"picked":"Dash"},{"not_picked":["Night Terror","Tactician"],"picked":"Envenom"},{"not_picked":["Caltrops","Backstab"],"picked":"Deadly Poison"},{"not_picked":["Skewer","Bane"],"picked":"Outmaneuver"},{"not_picked":["Prepared","Bane"],"picked":"Quick Slash"},{"not_picked":["Backstab","Backflip"],"picked":"Prepared"},{"not_picked":["Deflect","Bane"],"picked":"Endless Agony"}],"player_experience":120086,"potions_floor_usage":[6,10,23,31,38,47],"damage_taken":[{"damage":4,"enemies":"Cultist","floor":1,"turns":4},{"damage":2,"enemies":"Small Slimes","floor":5,"turns":4},{"damage":39,"enemies":"Lagavulin","floor":6,"turns":8},{"damage":3,"enemies":"Blue Slaver","floor":8,"turns":6},{"damage":12,"enemies":"Exordium Wildlife","floor":10,"turns":4},{"damage":44,"enemies":"The Guardian","floor":16,"turns":13},{"damage":10,"enemies":"2 Thieves","floor":18,"turns":4},{"damage":17,"enemies":"Spheric Guardian","floor":22,"turns":4},{"damage":21,"enemies":"Gremlin Leader","floor":23,"turns":7},{"damage":10,"enemies":"3 Cultists","floor":24,"turns":4},{"damage":11,"enemies":"Centurion and Healer","floor":31,"turns":5},{"damage":41,"enemies":"Collector","floor":33,"turns":8},{"damage":19,"enemies":"3 Shapes","floor":35,"turns":4},{"damage":16,"enemies":"Mysterious Sphere","floor":38,"turns":5},{"damage":14,"enemies":"3 Darklings","floor":39,"turns":4},{"damage":60,"enemies":"Nemesis","floor":41,"turns":7},{"damage":20,"enemies":"4 Shapes","floor":47,"turns":6},{"damage":17,"enemies":"Maw","floor":48,"turns":4}],"event_choices":[{"event_name":"Golden Wing","player_choice":"Card Removal","floor":2,"damage_taken":0},{"event_name":"Big Fish","player_choice":"Box","floor":3,"damage_taken":0},{"event_name":"Scrap Ooze","player_choice":"success","floor":4,"damage_taken":12},{"event_name":"Shining Light","player_choice":"Ignored","floor":11,"damage_taken":0},{"event_name":"Purifier","player_choice":"One Purge","floor":14,"damage_taken":0},{"event_name":"Forgotten Altar","player_choice":"Shed Blood","floor":19,"damage_taken":0},{"event_name":"Drug Dealer","player_choice":"Ignored","floor":21,"damage_taken":0},{"event_name":"Bonfire Elementals","player_choice":"COMMON","floor":28,"damage_taken":0},{"event_name":"Beggar","player_choice":"Gave Gold","floor":30,"damage_taken":0},{"event_name":"Wheel of Change","player_choice":"Damage","floor":37,"damage_taken":0},{"event_name":"Mysterious Sphere","player_choice":"Fight","floor":38,"damage_taken":0},{"event_name":"The Woman in Blue","player_choice":"Bought 1 Potion","floor":42,"damage_taken":0},{"event_name":"Tomb of Lord Red Mask","player_choice":"Paid","floor":44,"damage_taken":0},{"event_name":"Winding Halls","player_choice":"Writhe","floor":45,"damage_taken":0}],"boss_relics":[{"not_picked":["Black Star","Runic Pyramid"],"picked":"Pandora\u0027s Box"},{"not_picked":["Snecko Eye","Philosopher\u0027s Stone"],"picked":"Eternal Feather"}],"potions_floor_spawned":[5,8,16,22,24,35,39],"seed_played":"-6923664192762043993","killed_by":"Maw","is_trial":false}