{"path_per_floor":["M","M","M","?","?","R","M","M","T","R","M","$","?","M","R","B",null,"M","M","?","M"],"character_chosen":"THE_SILENT","items_purchased":["Dagger Spray","Bane"],"gold_per_floor":[115,132,145,145,145,145,157,171,171,171,182,105,70,85,85,184,184,156,176,176,191],"floor_reached":22,"campfire_rested":1,"playtime":1879,"current_hp_per_floor":[70,58,55,55,60,60,48,41,41,63,63,63,75,68,68,30,75,54,43,43,27],"items_purged":[],"gold":191,"play_id":"191dd298-1211-4f53-8cb4-f0c63d60ff34","is_prod":false,"is_daily":false,"is_ascension_mode":false,"campfire_upgraded":2,"path_taken":["M","M","M","?","?","R","M","M","T","R","?","$","?","M","R","BOSS","M","M","?","M","M"],"build_version":"2018-01-25-PROD3","purchased_purges":0,"victory":false,"master_deck":["Defend_G","Defend_G","Defend_G","Defend_G","Defend_G","Strike_G","Strike_G","Strike_G","Strike_G","Strike_G","Survivor","Neutralize+1","Finisher","Crippling Poison","Bane+1","Die Die Die","Purity","Neutralize","PiercingWail","After Image+1","Deadly Poison","Dagger Spray","Bane","Deflect","Wraith Form","Quick Slash+1","Catalyst","Writhe","Dodge and Roll"],"max_hp_per_floor":[70,70,70,70,75,75,75,75,75,75,75,75,75,75,75,75,75,75,75,75,75],"relics":["Ring of the Snake","Molten Egg","Torii","Lizard Tail","Letter Opener"],"card_choices":[{"not_picked":["Quick Slash","Bane"],"picked":"Finisher"},{"not_picked":["Dodge and Roll","Backflip"],"picked":"Crippling Poison"},{"not_picked":["Deadly Poison","Heel Hook"],"picked":"Bane"},{"not_picked":["Eviscerate","Prepared"],"picked":"PiercingWail"},{"not_picked":["Dagger Throw","Dodge and Roll"],"picked":"After Image"},{"not_picked":["Dodge and Roll","Bane"],"picked":"Deadly Poison"},{"not_picked":["Flying Knee","Backflip"],"picked":"Deflect"},{"not_picked":["After Image","Tools of the Trade"],"picked":"Wraith Form"},{"not_picked":["Dagger Throw","Prepared"],"picked":"Quick Slash"},{"not_picked":["Blade Dance","Phantasmal Killer"],"picked":"Catalyst"},{"not_picked":["Slice","Eviscerate"],"picked":"Dodge and Roll"}],"player_experience":14755,"potions_floor_usage":[16,18,21,21,21],"damage_taken":[{"damage":0,"enemies":"Small Slimes","floor":1,"turns":3},{"damage":12,"enemies":"Blue Slaver","floor":2,"turns":4},{"damage":3,"enemies":"Jaw Worm","floor":3,"turns":6},{"damage":12,"enemies":"2 Fungi Beasts","floor":7,"turns":4},{"damage":7,"enemies":"Exordium Thugs","floor":8,"turns":4},{"damage":0,"enemies":"Looter","floor":11,"turns":4},{"damage":7,"enemies":"Red Slaver","floor":14,"turns":3},{"damage":53,"enemies":"The Guardian","floor":16,"turns":11},{"damage":21,"enemies":"2 Thieves","floor":18,"turns":5},{"damage":11,"enemies":"Chosen","floor":19,"turns":6},{"damage":54,"enemies":"3 Cultists","floor":21,"turns":7},{"damage":36,"enemies":"Sentry and Sphere","floor":22,"turns":7}],"event_choices":[{"event_name":"Match and Keep!","player_choice":"3 cards matched","floor":4,"damage_taken":0},{"event_name":"Big Fish","player_choice":"Donut","floor":5,"damage_taken":0},{"event_name":"The Cleric","player_choice":"Healed","floor":13,"damage_taken":0},{"event_name":"The Mausoleum","player_choice":"Yes","floor":20,"damage_taken":0}],"boss_relics":[{"not_picked":["Velvet Choker","Tiny House"],"picked":"Lizard Tail"}],"potions_floor_spawned":[7,11,14,18,19],"seed_played":"3922141064696047538","killed_by":"Sentry and Sphere","ascension_level":0,"is_trial":false}