{"path_per_floor":["M","M","M","?","?","R","E","M","T","$","R","M","M","M","R","B",null,"M","M","?","M","M","R","?","R","T","M","R","M","M","M","R"],"character_chosen":"THE_SILENT","items_purchased":["Toy Ornithopter"],"gold_per_floor":[111,123,137,212,162,162,196,209,209,15,15,25,39,57,57,162,162,180,200,200,213,225,225,225,225,252,272,272,285,299,311,311],"floor_reached":33,"campfire_rested":3,"playtime":8525,"current_hp_per_floor":[70,65,65,54,54,54,24,24,24,24,24,20,19,14,37,22,77,48,51,42,43,36,60,60,60,60,45,45,44,18,19,43],"items_purged":[],"gold":311,"play_id":"961f77d2-3d79-420e-aa7a-4893f5f14d8b","is_prod":false,"is_daily":false,"is_ascension_mode":false,"campfire_upgraded":4,"path_taken":["M","M","M","?","?","R","E","M","T","$","R","M","?","?","R","BOSS","M","?","?","M","M","R","?","R","T","M","R","M","M","M","R","BOSS"],"build_version":"2018-01-25-PROD2","purchased_purges":0,"victory":false,"master_deck":["Defend_G","Defend_G","Defend_G","Defend_G","Defend_G","Strike_G","Strike_G","Strike_G","Survivor","Neutralize+1","Finisher","Infinite Blades+1","Finisher","Riddle With Holes","Acrobatics","Dagger Spray","Tools of the Trade+1","Quick Slash","Backflip","Venomology+1","Outmaneuver","Dagger Throw","Blade Dance","Choke+1","Parasite","Dagger Throw","Backflip","Backflip","Blur"],"max_hp_per_floor":[70,70,70,70,70,70,77,77,77,77,77,77,77,77,77,77,77,77,77,82,82,82,82,82,82,82,82,82,82,82,82,82],"relics":["Ring of the Snake","Strawberry","Sundial","Toy Ornithopter","Cursed Key","Vajra"],"card_choices":[{"not_picked":["Dash","Prepared"],"picked":"Finisher"},{"not_picked":["Slice","Leg Sweep"],"picked":"Infinite Blades"},{"not_picked":["Prepared","All Out Attack"],"picked":"Finisher"},{"not_picked":["Blade Dance","Prepared"],"picked":"Riddle With Holes"},{"not_picked":["Bane","Catalyst"],"picked":"Acrobatics"},{"not_picked":["Prepared","PiercingWail"],"picked":"Dagger Spray"},{"not_picked":["Flying Knee","Deadly Poison"],"picked":"Tools of the Trade"},{"not_picked":["Bouncing Flask","Flying Knee"],"picked":"Quick Slash"},{"not_picked":["Blur","Bouncing Flask"],"picked":"Backflip"},{"not_picked":["After Image","Burst"],"picked":"Venomology"},{"not_picked":["Deadly Poison","Eviscerate"],"picked":"Outmaneuver"},{"not_picked":["Catalyst","Bane"],"picked":"Dagger Throw"},{"not_picked":["Heel Hook","Outmaneuver"],"picked":"Blade Dance"},{"not_picked":["PiercingWail","Sucker Punch"],"picked":"Choke"},{"not_picked":["Sucker Punch","Dagger Spray"],"picked":"Dagger Throw"},{"not_picked":["Finisher","Masterful Stab"],"picked":"Backflip"},{"not_picked":["Prepared","Dagger Throw"],"picked":"Backflip"},{"not_picked":["Riddle With Holes","Tools of the Trade"],"picked":"Blur"}],"player_experience":22576,"potions_floor_usage":[13,16,16,16,18,19,21,21,29,29,30,31,31],"damage_taken":[{"damage":0,"enemies":"Jaw Worm","floor":1,"turns":6},{"damage":5,"enemies":"Small Slimes","floor":2,"turns":4},{"damage":0,"enemies":"Cultist","floor":3,"turns":4},{"damage":37,"enemies":"Lagavulin","floor":7,"turns":9},{"damage":0,"enemies":"Large Slime","floor":8,"turns":4},{"damage":4,"enemies":"2 Fungi Beasts","floor":12,"turns":4},{"damage":4,"enemies":"Gremlin Gang","floor":13,"turns":6},{"damage":5,"enemies":"Lots of Slimes","floor":14,"turns":3},{"damage":39,"enemies":"Slime Boss","floor":16,"turns":12},{"damage":29,"enemies":"Spheric Guardian","floor":18,"turns":6},{"damage":0,"enemies":"3 Byrds","floor":19,"turns":3},{"damage":5,"enemies":"3 Cultists","floor":21,"turns":5},{"damage":7,"enemies":"Centurion and Healer","floor":22,"turns":5},{"damage":15,"enemies":"Snecko","floor":27,"turns":4},{"damage":7,"enemies":"3 Cultists","floor":29,"turns":4},{"damage":29,"enemies":"Sentry and Sphere","floor":30,"turns":6},{"damage":5,"enemies":"Centurion and Healer","floor":31,"turns":4},{"damage":54,"enemies":"Automaton","floor":33,"turns":6}],"event_choices":[{"event_name":"World of Goop","player_choice":"Gather Gold","floor":4,"damage_taken":0},{"event_name":"The Cleric","player_choice":"Card Removal","floor":5,"damage_taken":0},{"event_name":"Forgotten Altar","player_choice":"Shed Blood","floor":20,"damage_taken":0},{"event_name":"Purifier","player_choice":"One Purge","floor":24,"damage_taken":0}],"boss_relics":[{"not_picked":["Snecko Eye","Astrolabe"],"picked":"Cursed Key"}],"potions_floor_spawned":[3,7,13,14,16,18,22,30],"seed_played":"-2026286055494795702","killed_by":"Automaton","ascension_level":0,"is_trial":false}