{"path_per_floor":["M","M","M","$","?","R","M","R","T","R","$","M","E","?","R","B",null,"M","?","$","?","$","E","R","?","T","?","R","M","R","M","R"],"character_chosen":"THE_SILENT","items_purchased":["Infinite Blades","Sucker Punch","Block Potion","Thread and Needle"],"gold_per_floor":[109,124,143,43,43,43,67,67,92,92,41,59,98,173,173,293,293,313,313,12,12,12,56,56,56,56,56,56,75,75,98,98],"floor_reached":33,"campfire_rested":5,"playtime":2399,"current_hp_per_floor":[68,68,62,62,62,62,47,68,68,68,68,64,55,44,65,35,70,42,65,65,65,65,27,48,48,48,48,69,60,60,51,70],"items_purged":[],"gold":98,"play_id":"3a983219-c976-429e-8b53-19cb107c7d00","is_prod":false,"is_daily":false,"is_ascension_mode":false,"campfire_upgraded":3,"path_taken":["M","M","M","$","?","R","?","R","T","R","$","M","E","?","R","BOSS","M","?","$","?","$","E","R","?","T","?","R","M","R","M","R","BOSS"],"build_version":"2018-01-25-PROD3","purchased_purges":0,"victory":false,"master_deck":["Defend_G","Defend_G","Defend_G","Defend_G","Defend_G","Strike_G","Strike_G","Strike_G","Strike_G","Strike_G","Survivor","Neutralize","Caltrops","Flying Knee","Slice","Infinite Blades+1","Sucker Punch+1","Injury","Distraction","Heel Hook","All Out Attack","A Thousand Cuts","Noxious Fumes+1","Leg Sweep","Dodge and Roll","Deflect"],"max_hp_per_floor":[70,70,70,70,70,70,70,70,70,70,70,70,70,70,70,70,70,70,70,70,70,70,70,70,70,70,70,70,70,70,70,70],"relics":["Lizard Tail","Golden Idol","Ancient Tea Set","Orichalcum","White Beast Statue","Thread and Needle","Nloth\u0027s Gift","Gambling Chip"],"card_choices":[{"not_picked":["Blade Dance","Escape Plan"],"picked":"Caltrops"},{"not_picked":["Prepared","Deflect"],"picked":"Flying Knee"},{"not_picked":["Finisher","Malaise"],"picked":"Slice"},{"not_picked":["Slice","Predator"],"picked":"Distraction"},{"not_picked":["Quick Slash","Dagger Throw"],"picked":"Heel Hook"},{"not_picked":["Flechettes","Well Laid Plans"],"picked":"All Out Attack"},{"not_picked":["Phantasmal Killer","Burst"],"picked":"A Thousand Cuts"},{"not_picked":["Prepared","Dodge and Roll"],"picked":"Noxious Fumes"},{"not_picked":["Flying Knee","Calculated Gamble"],"picked":"Leg Sweep"},{"not_picked":["Infinite Blades","Heel Hook"],"picked":"Dodge and Roll"},{"not_picked":["Flying Knee","Terror"],"picked":"Deflect"}],"player_experience":18501,"potions_floor_usage":[33,33,33],"damage_taken":[{"damage":2.0,"enemies":"2 Louse","floor":1.0,"turns":5.0},{"damage":0.0,"enemies":"Blue Slaver","floor":2.0,"turns":5.0},{"damage":6.0,"enemies":"Jaw Worm","floor":3.0,"turns":5.0},{"damage":15.0,"enemies":"Exordium Thugs","floor":7.0,"turns":5.0},{"damage":4.0,"enemies":"Looter","floor":12.0,"turns":3.0},{"damage":9.0,"enemies":"3 Sentries","floor":13.0,"turns":6.0},{"damage":71.0,"enemies":"Hexaghost","floor":16.0,"turns":13.0},{"damage":28.0,"enemies":"Shell Parasite","floor":18.0,"turns":6.0},{"damage":38.0,"enemies":"Gremlin Leader","floor":23.0,"turns":7.0},{"damage":9,"enemies":"3 Byrds","floor":29,"turns":4},{"damage":9,"enemies":"Snecko","floor":31,"turns":6},{"damage":78,"enemies":"Automaton","floor":33,"turns":12}],"event_choices":[{"event_name":"Golden Idol","player_choice":"Take Wound","floor":5.0,"damage_taken":0.0},{"event_name":"World of Goop","player_choice":"Gather Gold","floor":14.0,"damage_taken":0.0},{"event_name":"The Library","player_choice":"Heal","floor":19.0,"damage_taken":0.0},{"event_name":"Drug Dealer","player_choice":"Ignored","floor":21.0,"damage_taken":0.0},{"event_name":"N\u0027loth","player_choice":"Traded a Happy Flower","floor":25,"damage_taken":0},{"event_name":"Vampires","player_choice":"Ignored","floor":27,"damage_taken":0}],"boss_relics":[],"potions_floor_spawned":[1,2,18,23,29,31],"seed_played":"5728729264225183784","killed_by":"Automaton","ascension_level":0,"is_trial":false}