{"path_per_floor":["M","?","$","?","$","R","E","M","T","R","E","M","$","?","R","B",null,"M","M","?","M","M","R","$"],"character_chosen":"THE_SILENT","items_purchased":["Snake Skull"],"gold_per_floor":[114,114,39,69,69,69,98,113,113,113,142,154,54,54,54,150,150,161,172,172,189,209,209,54],"floor_reached":25,"campfire_rested":2,"playtime":2633,"current_hp_per_floor":[70,70,70,45,45,45,28,37,37,37,22,37,37,30,51,26,70,48,28,28,20,5,32,32],"items_purged":["Defend_G","Strike_G"],"gold":54,"play_id":"7639618e-305d-47ed-8bbe-7bfb9c3d39e9","is_prod":false,"is_daily":false,"is_ascension_mode":true,"campfire_upgraded":2,"path_taken":["M","?","$","?","?","R","E","?","T","R","E","M","$","?","R","BOSS","M","M","?","M","M","R","$","E"],"build_version":"2018-02-01-PROD3","purchased_purges":2,"victory":false,"master_deck":["Defend_G","Defend_G","Defend_G","Defend_G","Strike_G","Strike_G","Strike_G","Survivor","Neutralize+1","Venomology+1","Acrobatics","Backstab","Well Laid Plans","Malaise","Envenom","Poisoned Stab+1","Deadly Poison","Poisoned Stab+1","Slice"],"max_hp_per_floor":[70,70,70,70,70,70,70,70,70,70,70,70,70,70,70,70,70,70,70,70,70,70,70,70],"relics":["Ring of the Snake","Tiny Chest","Dream Catcher","Unceasing Top","Toolbox","Eternal Feather","Ornamental Fan","Snake Skull"],"card_choices":[{"not_picked":["Underhanded Strike","Dodge and Roll"],"picked":"Acrobatics"},{"not_picked":["Masterful Stab","All Out Attack"],"picked":"Backstab"},{"not_picked":["Bane","Backflip"],"picked":"Well Laid Plans"},{"not_picked":["Quick Slash","Acrobatics"],"picked":"Malaise"},{"not_picked":["Die Die Die","Corpse Explosion"],"picked":"Envenom"},{"not_picked":["Deflect","Riddle With Holes"],"picked":"Poisoned Stab"},{"not_picked":["Flying Knee","Dodge and Roll"],"picked":"Deadly Poison"},{"not_picked":["Caltrops","Well Laid Plans"],"picked":"Poisoned Stab"},{"not_picked":["Envenom","PiercingWail"],"picked":"Slice"}],"player_experience":269933,"potions_floor_usage":[7,7,8,11,11,12,16,16,18,19,19,19,22,22,22,25],"damage_taken":[{"damage":0,"enemies":"Small Slimes","floor":1,"turns":3},{"damage":17,"enemies":"Gremlin Nob","floor":7,"turns":4},{"damage":0,"enemies":"Cultist","floor":8,"turns":4},{"damage":30,"enemies":"Lagavulin","floor":11,"turns":8},{"damage":0,"enemies":"2 Louse","floor":12,"turns":6},{"damage":25,"enemies":"The Guardian","floor":16,"turns":15},{"damage":22,"enemies":"Shell Parasite","floor":18,"turns":21},{"damage":20,"enemies":"3 Byrds","floor":19,"turns":5},{"damage":12,"enemies":"Centurion and Healer","floor":21,"turns":9},{"damage":15,"enemies":"Slaver and Parasite","floor":22,"turns":8},{"damage":33,"enemies":"Slavers","floor":25,"turns":2}],"event_choices":[{"event_name":"The Lab","player_choice":"Got Potions","floor":2,"damage_taken":0},{"event_name":"Scrap Ooze","player_choice":"success","floor":4,"damage_taken":25},{"event_name":"Golden Wing","player_choice":"Card Removal","floor":14,"damage_taken":0},{"event_name":"The Mausoleum","player_choice":"Yes","floor":20,"damage_taken":0}],"boss_relics":[{"not_picked":["Snecko Eye","Calling Bell"],"picked":"Eternal Feather"}],"potions_floor_spawned":[7,8,11,18,19],"seed_played":"-2362503236774649730","killed_by":"Slavers","ascension_level":4,"is_trial":false}