{"path_per_floor":["M","?","M","?","$","E","M","M","T","R","M","R","E","M","R","B",null,"M","?","?","M","M","R","E","M","T","$","M","?","?","$","R"],"character_chosen":"THE_SILENT","items_purchased":["Snake Skull","Bouncing Flask","Poisoned Stab","Bottled Lightning","Regen Potion"],"gold_per_floor":[116,116,129,379,33,68,78,93,116,116,136,136,162,177,177,281,281,292,292,292,312,331,331,365,381,381,92,109,109,24,24,24],"floor_reached":33,"campfire_rested":4,"playtime":2103,"current_hp_per_floor":[67,49,49,49,49,38,38,34,34,55,50,70,68,61,61,29,70,63,47,47,51,29,50,13,4,4,4,4,4,4,4,25],"items_purged":["Regret"],"gold":24,"play_id":"53206a90-d60a-418e-8728-c7f296a5bede","is_prod":false,"is_daily":false,"is_ascension_mode":false,"campfire_upgraded":1,"path_taken":["M","?","M","?","$","E","M","?","T","R","M","R","E","M","R","BOSS","M","?","?","M","M","R","E","M","T","$","?","?","?","?","R","BOSS"],"build_version":"2018-02-01-PROD3","purchased_purges":2,"victory":false,"master_deck":["Defend_G","Defend_G","Defend_G","Defend_G","Defend_G","Strike_G","Strike_G","Strike_G","Strike_G","Strike_G","Survivor","Neutralize","Adrenaline","Heel Hook","Infinite Blades","Bouncing Flask","Poisoned Stab","Backstab","Predator","Dodge and Roll","Outmaneuver","Night Terror","Catalyst+1","Envenom","Calculated Gamble","Necronomicurse","Backflip","Endless Agony","Poisoned Stab+1","Deadly Poison","Endless Agony","Skewer+1"],"max_hp_per_floor":[70,70,70,70,70,70,70,70,70,70,70,70,70,70,70,70,70,70,70,70,70,70,70,70,70,70,70,70,70,70,70,70],"relics":["Ring of the Snake","Bag of Preparation","Snake Skull","Mummified Hand","Oddly Smooth Stone","Prayer Wheel","Velvet Choker","Necronomicon","Letter Opener","Toolbox","Bottled Lightning","Darkstone Periapt","Blue Candle"],"card_choices":[{"not_picked":["Poisoned Stab","Eviscerate"],"picked":"Heel Hook"},{"not_picked":["Acrobatics","Eviscerate"],"picked":"Infinite Blades"},{"not_picked":["Masterful Stab","PiercingWail"],"picked":"Backstab"},{"not_picked":["Footwork","Underhanded Strike"],"picked":"Predator"},{"not_picked":["Eviscerate","Underhanded Strike"],"picked":"Dodge and Roll"},{"not_picked":["Dodge and Roll","Slice"],"picked":"Outmaneuver"},{"not_picked":["Leg Sweep","PiercingWail"],"picked":"Night Terror"},{"not_picked":["Deflect","Sucker Punch"],"picked":"Catalyst"},{"not_picked":["Venomology","Die Die Die"],"picked":"Envenom"},{"not_picked":["Acrobatics","Deflect"],"picked":"Calculated Gamble"},{"not_picked":["Slice","Underhanded Strike"],"picked":"Backflip"},{"not_picked":["Sucker Punch","Distraction"],"picked":"Endless Agony"},{"not_picked":["Blur","PiercingWail"],"picked":"Poisoned Stab"},{"not_picked":["Backflip","Masterful Stab"],"picked":"Deadly Poison"},{"not_picked":["Tactician","Prepared"],"picked":"Endless Agony"},{"not_picked":["Acrobatics","Underhanded Strike"],"picked":"Skewer"}],"player_experience":111177,"potions_floor_usage":[6,16,21,24,24,28,33],"damage_taken":[{"damage":3,"enemies":"Jaw Worm","floor":1,"turns":6},{"damage":0,"enemies":"2 Louse","floor":3,"turns":3},{"damage":11,"enemies":"Lagavulin","floor":6,"turns":4},{"damage":0,"enemies":"Cultist","floor":7,"turns":2},{"damage":4,"enemies":"Red Slaver","floor":8,"turns":2},{"damage":5,"enemies":"Looter","floor":11,"turns":3},{"damage":2,"enemies":"Gremlin Nob","floor":13,"turns":3},{"damage":7,"enemies":"Exordium Wildlife","floor":14,"turns":4},{"damage":32,"enemies":"Hexaghost","floor":16,"turns":6},{"damage":7,"enemies":"Chosen","floor":18,"turns":4},{"damage":8,"enemies":"Spheric Guardian","floor":21,"turns":4},{"damage":22,"enemies":"Snecko","floor":22,"turns":5},{"damage":37,"enemies":"Slavers","floor":24,"turns":4},{"damage":9,"enemies":"Sentry and Sphere","floor":25,"turns":5},{"damage":0,"enemies":"Snake Plant","floor":28,"turns":1},{"damage":64,"enemies":"Automaton","floor":33,"turns":6}],"event_choices":[{"event_name":"Scrap Ooze","player_choice":"success","floor":2,"damage_taken":18},{"event_name":"Golden Shrine","player_choice":"Desecrate","floor":4,"damage_taken":0},{"event_name":"Cursed Tome","player_choice":"Obtained Book","floor":19,"damage_taken":0},{"event_name":"Vampires","player_choice":"Ignored","floor":20,"damage_taken":0},{"event_name":"The Mausoleum","player_choice":"Yes","floor":29,"damage_taken":0},{"event_name":"Addict","player_choice":"Obtained Relic","floor":30,"damage_taken":0}],"boss_relics":[{"not_picked":["Runic Dome","Tiny House"],"picked":"Velvet Choker"}],"potions_floor_spawned":[1,7,13,14,16,18,25],"seed_played":"6623619565692691938","killed_by":"Automaton","ascension_level":0,"is_trial":false}