{"path_per_floor":["M","?","$","M","M","E","R","M","T","M","R","$","?","M","R","B",null,"M","M","?","M","$","R","M","R","T","M","M","M","$","M","R"],"character_chosen":"THE_SILENT","items_purchased":["Cloak And Dagger","Bouncing Flask","Infinite Blades","Endless Agony","Backflip","Accuracy","Weak Potion"],"gold_per_floor":[113,113,62,80,98,129,129,147,147,162,162,92,92,111,111,213,213,227,240,155,170,7,7,18,18,95,110,123,133,13,30,30],"floor_reached":33,"campfire_rested":6,"playtime":2164,"current_hp_per_floor":[70,56,56,56,56,38,59,56,56,48,69,69,36,36,57,57,70,68,64,64,43,43,64,40,61,61,44,40,47,47,33,54],"items_purged":[],"gold":30,"play_id":"b9f431ec-f5ae-46e2-90c0-5b35f3f3effa","is_prod":false,"is_daily":false,"is_ascension_mode":false,"campfire_upgraded":0,"path_taken":["M","?","$","M","?","E","R","M","T","M","R","$","?","M","R","BOSS","M","M","?","M","$","R","M","R","T","M","?","M","$","?","R","BOSS"],"build_version":"2018-01-25-PROD3","purchased_purges":0,"victory":false,"master_deck":["Defend_G","Defend_G","Defend_G","Defend_G","Defend_G","Strike_G","Strike_G+1","Strike_G","Strike_G","Strike_G","Survivor","Neutralize+1","Acrobatics","Cloak And Dagger","Infinite Blades","All Out Attack","Well Laid Plans","Poisoned Stab","Choke","Leg Sweep","Deflect","Bouncing Flask","Infinite Blades","Deflect","Phantasmal Killer","Dodge and Roll","Finisher","Phantasmal Killer","Infinite Blades","Endless Agony","Backflip","Choke","Flechettes","Blade Dance","Calculated Gamble+1","Burst","Distraction","Accuracy","Dash+1","Cloak And Dagger"],"max_hp_per_floor":[70,70,70,70,70,70,70,70,70,70,70,70,70,70,70,70,70,70,70,70,70,70,70,70,70,70,70,70,70,70,70,70],"relics":["Ring of the Snake","NeowsBlessing","Dream Catcher","Paper Crane","Toolbox","Philosopher\u0027s Stone","Shuriken","Tiny Chest"],"card_choices":[{"not_picked":["PiercingWail","Backstab"],"picked":"Acrobatics"},{"not_picked":["Poisoned Stab","Outmaneuver"],"picked":"Infinite Blades"},{"not_picked":["Dagger Spray","PiercingWail"],"picked":"All Out Attack"},{"not_picked":["Distraction","Flying Knee"],"picked":"Well Laid Plans"},{"not_picked":["Catalyst","Deadly Poison"],"picked":"Poisoned Stab"},{"not_picked":["Skewer","Backflip"],"picked":"Choke"},{"not_picked":["Dagger Spray","Unload"],"picked":"Leg Sweep"},{"not_picked":["Skewer","Footwork"],"picked":"Deflect"},{"not_picked":["Prepared","Flechettes"],"picked":"Infinite Blades"},{"not_picked":["All Out Attack","Flying Knee"],"picked":"Deflect"},{"not_picked":["Corpse Explosion","Wraith Form"],"picked":"Phantasmal Killer"},{"not_picked":["Backstab","Deflect"],"picked":"Dodge and Roll"},{"not_picked":["Sucker Punch","Flying Knee"],"picked":"Finisher"},{"not_picked":["PiercingWail","Heel Hook"],"picked":"Phantasmal Killer"},{"not_picked":["Heel Hook","Sucker Punch"],"picked":"Choke"},{"not_picked":["Well Laid Plans","Deadly Poison"],"picked":"Flechettes"},{"not_picked":["Skewer","Finisher"],"picked":"Blade Dance"},{"not_picked":["Eviscerate","Flying Knee"],"picked":"Calculated Gamble"},{"not_picked":["Poisoned Stab","Prepared"],"picked":"Burst"},{"not_picked":["Heel Hook","Dagger Throw"],"picked":"Distraction"},{"not_picked":["Bane","Crippling Poison"],"picked":"Dash"},{"not_picked":["Flying Knee","Skewer"],"picked":"Cloak And Dagger"}],"player_experience":57335,"potions_floor_usage":[14,16,18,19,29,29,33,33],"damage_taken":[{"damage":0,"enemies":"Cultist","floor":1,"turns":1},{"damage":0,"enemies":"Small Slimes","floor":4,"turns":1},{"damage":0,"enemies":"2 Louse","floor":5,"turns":1},{"damage":18,"enemies":"Gremlin Nob","floor":6,"turns":5},{"damage":3,"enemies":"Red Slaver","floor":8,"turns":4},{"damage":8,"enemies":"2 Fungi Beasts","floor":10,"turns":3},{"damage":0,"enemies":"Looter","floor":14,"turns":2},{"damage":0,"enemies":"Hexaghost","floor":16,"turns":8},{"damage":2,"enemies":"2 Thieves","floor":18,"turns":4},{"damage":4,"enemies":"Spheric Guardian","floor":19,"turns":4},{"damage":21,"enemies":"Centurion and Healer","floor":21,"turns":6},{"damage":24,"enemies":"Snake Plant","floor":24,"turns":5},{"damage":17,"enemies":"Sentry and Sphere","floor":27,"turns":5},{"damage":4,"enemies":"Centurion and Healer","floor":28,"turns":4},{"damage":5,"enemies":"3 Cultists","floor":29,"turns":5},{"damage":14,"enemies":"Sentry and Sphere","floor":31,"turns":5},{"damage":57,"enemies":"Collector","floor":33,"turns":5}],"event_choices":[{"event_name":"Shining Light","player_choice":"Entered Light","floor":2,"damage_taken":0},{"event_name":"Scrap Ooze","player_choice":"success","floor":13,"damage_taken":33},{"event_name":"Addict","player_choice":"Obtained Relic","floor":20,"damage_taken":0}],"boss_relics":[{"not_picked":["Calling Bell","Question Card"],"picked":"Philosopher\u0027s Stone"}],"potions_floor_spawned":[4,8,10,16,19,27,28],"seed_played":"1540962473671047360","killed_by":"Collector","ascension_level":0,"is_trial":false}