{"path_per_floor":["M","?","?","?","T","M","R","E","T","M","M","$","M","E","R"],"character_chosen":"THE_SILENT","items_purchased":["Snake Skull","Blur"],"gold_per_floor":[110,110,110,285,285,303,303,338,338,351,362,56,69,100,100],"floor_reached":16,"campfire_rested":1,"playtime":1082,"current_hp_per_floor":[67,53,53,53,53,51,51,37,37,37,13,13,12,1,22],"items_purged":["Regret"],"gold":100,"play_id":"81632f51-a0a7-4eac-aa25-715150576c22","is_prod":false,"is_daily":false,"is_ascension_mode":true,"campfire_upgraded":1,"path_taken":["M","?","?","?","?","M","R","E","T","?","M","$","M","E","R","BOSS"],"build_version":"2018-01-25-PROD3","purchased_purges":1,"victory":false,"master_deck":["Defend_G","Defend_G+1","Defend_G","Defend_G","Defend_G","Strike_G","Strike_G+1","Strike_G","Strike_G","Strike_G+1","Survivor","Neutralize+1","Noxious Fumes","Doubt","Deadly Poison","Poisoned Stab+1","Caltrops","Well Laid Plans","Blur","Dagger Spray","Tools of the Trade"],"max_hp_per_floor":[70,70,70,70,70,70,70,70,70,70,70,70,70,70,70],"relics":["Ring of the Snake","Pen Nib","Ginger","Torii","Oddly Smooth Stone","Snake Skull","Whetstone"],"card_choices":[{"not_picked":["All Out Attack","Dagger Throw"],"picked":"Noxious Fumes"},{"not_picked":["Unload","PiercingWail"],"picked":"Deadly Poison"},{"not_picked":["Deflect","Dodge and Roll"],"picked":"Poisoned Stab"},{"not_picked":["Poisoned Stab","Deadly Poison"],"picked":"Caltrops"},{"not_picked":["Sucker Punch","Bane"],"picked":"Well Laid Plans"},{"not_picked":["Skewer","Backstab"],"picked":"Dagger Spray"},{"not_picked":["Bane","Malaise"],"picked":"Tools of the Trade"}],"player_experience":108682,"potions_floor_usage":[14,16],"damage_taken":[{"damage":3,"enemies":"Small Slimes","floor":1,"turns":5},{"damage":2,"enemies":"2 Louse","floor":6,"turns":4},{"damage":14,"enemies":"Lagavulin","floor":8,"turns":6},{"damage":0,"enemies":"Blue Slaver","floor":10,"turns":3},{"damage":24,"enemies":"Large Slime","floor":11,"turns":6},{"damage":1,"enemies":"Red Slaver","floor":13,"turns":3},{"damage":11,"enemies":"3 Sentries","floor":14,"turns":8},{"damage":22,"enemies":"Slime Boss","floor":16,"turns":8}],"event_choices":[{"event_name":"Shining Light","player_choice":"Entered Light","floor":2,"damage_taken":0},{"event_name":"Big Fish","player_choice":"Box","floor":3,"damage_taken":0},{"event_name":"Liars Game","player_choice":"agreed","floor":4,"damage_taken":0}],"boss_relics":[],"potions_floor_spawned":[1,11,13],"seed_played":"1878617855139475518","killed_by":"Slime Boss","ascension_level":2,"is_trial":false}