{"path_per_floor":["M","M","?","M","?","R","$","M","T","M","R","E","M","M","R","B"],"character_chosen":"THE_SILENT","items_purchased":["Leg Sweep"],"gold_per_floor":[117,127,127,144,144,144,67,78,105,119,119,146,163,174,174,270],"floor_reached":17,"campfire_rested":0,"playtime":1097,"current_hp_per_floor":[67,67,67,66,66,66,66,60,60,58,58,40,41,39,39,34],"items_purged":[],"gold":270,"play_id":"0ea09b87-f555-4e05-a7cb-ae8068c2e9fd","is_prod":false,"is_daily":false,"is_ascension_mode":true,"campfire_upgraded":3,"path_taken":["M","M","?","M","?","R","$","M","T","?","R","E","M","M","R","BOSS"],"build_version":"2018-01-25-PROD3","purchased_purges":0,"victory":false,"master_deck":["Defend_G","Defend_G","Defend_G","Defend_G","Defend_G","Strike_G","Strike_G","Strike_G","Strike_G","Strike_G","Survivor","Neutralize","Deflect","Regret","Dodge and Roll+1","Leg Sweep","Infinite Blades+1","Venomology","Caltrops","Dodge and Roll","Poisoned Stab+1","Unload"],"max_hp_per_floor":[70,70,70,70,70,70,70,70,70,70,70,70,70,70,70,70],"relics":["Runic Dome","Ninja Scroll","Singing Bowl","Blood Vial","Cursed Key"],"card_choices":[{"not_picked":["Predator","Outmaneuver"],"picked":"Deflect"},{"not_picked":["Quick Slash","All Out Attack"],"picked":"Dodge and Roll"},{"not_picked":["Dagger Throw","Accuracy"],"picked":"Infinite Blades"},{"not_picked":["PiercingWail","Predator"],"picked":"Venomology"},{"not_picked":["All Out Attack","Crippling Poison"],"picked":"Caltrops"},{"not_picked":["PiercingWail","Finisher"],"picked":"Dodge and Roll"},{"not_picked":["Deflect","Dagger Throw"],"picked":"Poisoned Stab"},{"not_picked":["Wraith Form","Grand Finale"],"picked":"Unload"}],"player_experience":166913,"potions_floor_usage":[16,16],"damage_taken":[{"damage":3,"enemies":"Jaw Worm","floor":1,"turns":5},{"damage":0,"enemies":"Cultist","floor":2,"turns":4},{"damage":1,"enemies":"2 Louse","floor":4,"turns":3},{"damage":6,"enemies":"Large Slime","floor":8,"turns":9},{"damage":2,"enemies":"Exordium Thugs","floor":10,"turns":6},{"damage":18,"enemies":"Lagavulin","floor":12,"turns":10},{"damage":1,"enemies":"3 Louse","floor":13,"turns":4},{"damage":4,"enemies":"Lots of Slimes","floor":14,"turns":4},{"damage":22,"enemies":"The Guardian","floor":16,"turns":13}],"event_choices":[{"event_name":"Big Fish","player_choice":"Box","floor":3,"damage_taken":0},{"event_name":"Shining Light","player_choice":"Ignored","floor":5,"damage_taken":0}],"boss_relics":[{"not_picked":["Lizard Tail","White Beast Statue"],"picked":"Cursed Key"}],"potions_floor_spawned":[1,8,14],"seed_played":"5013205272977882824","ascension_level":2,"is_trial":false}