{"path_per_floor":["M","M","?","M","M","R","E","R","T","?","M","E","M","$","R"],"character_chosen":"THE_SILENT","items_purchased":["Footwork"],"gold_per_floor":[112,129,129,145,164,164,197,197,197,219,234,266,282,126,126],"floor_reached":16,"campfire_rested":1,"playtime":2370,"current_hp_per_floor":[35,33,21,21,15,15,4,25,25,25,25,24,24,24,24],"items_purged":["Strike_G"],"gold":126,"play_id":"e5050b7a-11b7-4060-ac6e-a38abd52a835","is_prod":false,"is_daily":false,"is_ascension_mode":true,"campfire_upgraded":2,"path_taken":["M","M","?","M","M","R","E","R","T","?","M","E","M","?","R","BOSS"],"build_version":"2018-01-25-PROD3","purchased_purges":1,"victory":false,"master_deck":["Defend_G","Defend_G","Defend_G","Defend_G+1","Defend_G","Strike_G","Strike_G","Strike_G","Strike_G","Survivor+1","Neutralize+1","Adrenaline","Heel Hook","Blur","Backflip","Backflip","Blur","Backflip","Dagger Throw","Backflip","Footwork+1"],"max_hp_per_floor":[70,70,70,70,70,70,70,70,70,70,70,70,70,70,70],"relics":["Ring of the Snake","Lantern","War Paint","Ice Cream","Odd Mushroom","Girya"],"card_choices":[{"not_picked":["Corpse Explosion","Bullet Time"],"picked":"Adrenaline"},{"not_picked":["All Out Attack","Dagger Spray"],"picked":"Heel Hook"},{"not_picked":["Malaise","Deflect"],"picked":"Blur"},{"not_picked":["Deflect","Backstab"],"picked":"Backflip"},{"not_picked":["Well Laid Plans","Doppelganger"],"picked":"Backflip"},{"not_picked":["Slice","Riddle With Holes"],"picked":"Blur"},{"not_picked":["Caltrops","Sucker Punch"],"picked":"Backflip"},{"not_picked":["Bullet Time","Flechettes"],"picked":"Dagger Throw"},{"not_picked":["Flying Knee","Caltrops"],"picked":"Backflip"}],"player_experience":59479,"potions_floor_usage":[5,12,12,16],"damage_taken":[{"damage":0,"enemies":"Cultist","floor":1,"turns":3},{"damage":2,"enemies":"2 Louse","floor":2,"turns":5},{"damage":0,"enemies":"Jaw Worm","floor":4,"turns":4},{"damage":6,"enemies":"Large Slime","floor":5,"turns":10},{"damage":11,"enemies":"Lagavulin","floor":7,"turns":11},{"damage":0,"enemies":"The Mushroom Lair","floor":10,"turns":8},{"damage":0,"enemies":"2 Fungi Beasts","floor":11,"turns":5},{"damage":1,"enemies":"3 Sentries","floor":12,"turns":12},{"damage":0,"enemies":"Lots of Slimes","floor":13,"turns":6},{"damage":30,"enemies":"Slime Boss","floor":16,"turns":27}],"event_choices":[{"event_name":"Scrap Ooze","player_choice":"success","floor":3,"damage_taken":12},{"event_name":"Mushrooms","player_choice":"Fought Mushrooms","floor":10,"damage_taken":0}],"boss_relics":[],"potions_floor_spawned":[1,5,7,10],"seed_played":"4114912442952019235","killed_by":"Slime Boss","ascension_level":1,"is_trial":false}