{"path_per_floor":["M","?","$","M","M","R","?","?","T","M","$","M","R","E","R","B",null,"M","?","M","?","$","R","E","M","T","E","M","R","M","M","R","B",null,"M","M","M","M","$","E","R","M","T","?","?","R","M","M","R","B"],"character_chosen":"THE_SILENT","items_purchased":["Lee\u0027s Waffle","Footwork","Footwork","Centennial Puzzle"],"gold_per_floor":[118,118,43,57,68,68,94,94,118,134,134,145,145,171,171,276,276,286,286,301,301,35,35,60,72,95,126,145,145,164,174,174,269,269,289,306,317,337,26,61,61,78,78,123,123,123,136,146,146,146],"floor_reached":51,"campfire_rested":1,"playtime":6171,"current_hp_per_floor":[63,68,68,68,68,68,66,66,66,68,68,68,68,54,54,27,68,44,38,32,32,54,54,54,53,53,33,42,42,54,54,54,51,54,54,54,54,44,44,54,54,36,36,18,18,34,54,54,54,54],"items_purged":["Defend_G"],"gold":146,"play_id":"2c005fc0-0dbd-4b21-9c63-0c364835674a","is_prod":false,"is_daily":false,"is_ascension_mode":true,"campfire_upgraded":8,"path_taken":["M","?","?","M","?","R","?","?","T","?","$","?","R","E","R","BOSS","M","?","?","?","?","R","E","M","T","E","M","R","M","M","R","BOSS","M","M","M","M","$","E","R","M","T","?","?","R","M","M","R","BOSS"],"build_version":"2018-02-01-PROD3","purchased_purges":2,"victory":true,"master_deck":["Defend_G","Defend_G+1","Defend_G","Survivor","Neutralize+1","Calculated Gamble","Dagger Spray+1","Well Laid Plans","Backflip","Calculated Gamble+1","Bandage Up+1","Footwork+1","Dagger Throw","Tools of the Trade+1","Tactician+1","Dodge and Roll+1","Sucker Punch","Bite","Bite","Bite","Bite","Bite","Footwork+1","Infinite Blades+1","Malaise","Bouncing Flask+1","Reflex","Footwork+1","Quick Slash+1","Blur+1","Distraction+1","Caltrops+1"],"max_hp_per_floor":[63,68,68,68,68,68,68,68,68,68,68,68,68,68,68,68,68,68,68,68,47,54,54,54,54,54,54,54,54,54,54,54,54,54,54,54,54,54,54,54,54,54,54,54,54,54,54,54,54,54],"relics":["Ring of the Snake","Odd Mushroom","Vajra","Bottled Tornado","Velvet Choker","Lee\u0027s Waffle","War Paint","Happy Flower","Juzu Bracelet","Sozu","Centennial Puzzle","Peace Pipe","Sundial","Calipers"],"card_choices":[{"not_picked":["Storm of Steel","Bane"],"picked":"Well Laid Plans"},{"not_picked":["Leg Sweep","Riddle With Holes"],"picked":"Backflip"},{"not_picked":["Poisoned Stab","Quick Slash"],"picked":"Calculated Gamble"},{"not_picked":["Choke","PiercingWail"],"picked":"Footwork"},{"not_picked":["Bane","All Out Attack"],"picked":"Dagger Throw"},{"not_picked":["All Out Attack","Unload"],"picked":"Tools of the Trade"},{"not_picked":["Glass Knife","Night Terror"],"picked":"Tactician"},{"not_picked":["Slice","Bouncing Flask"],"picked":"Dodge and Roll"},{"not_picked":["Poisoned Stab","Crippling Poison"],"picked":"Sucker Punch"},{"not_picked":["Riddle With Holes","Leg Sweep"],"picked":"Infinite Blades"},{"not_picked":["Cloak And Dagger","Acrobatics"],"picked":"Malaise"},{"not_picked":["PiercingWail","Bane"],"picked":"Bouncing Flask"},{"not_picked":["Setup","Acrobatics"],"picked":"Reflex"},{"not_picked":["Sucker Punch","Infinite Blades"],"picked":"Quick Slash"},{"not_picked":["Bane","Quick Slash"],"picked":"Blur"},{"not_picked":["Prepared","Cloak And Dagger"],"picked":"Distraction"},{"not_picked":["Backflip","PiercingWail"],"picked":"Caltrops"}],"player_experience":261351,"potions_floor_usage":[],"damage_taken":[{"damage":0.0,"enemies":"2 Louse","floor":1.0,"turns":3.0},{"damage":0.0,"enemies":"Cultist","floor":4.0,"turns":4.0},{"damage":0.0,"enemies":"Blue Slaver","floor":5.0,"turns":5.0},{"damage":2.0,"enemies":"The Mushroom Lair","floor":7.0,"turns":3.0},{"damage":1.0,"enemies":"Large Slime","floor":10.0,"turns":4.0},{"damage":4.0,"enemies":"Looter","floor":12.0,"turns":4.0},{"damage":18.0,"enemies":"3 Sentries","floor":14.0,"turns":5.0},{"damage":31.0,"enemies":"Hexaghost","floor":16.0,"turns":15.0},{"damage":28.0,"enemies":"2 Thieves","floor":18.0,"turns":4.0},{"damage":10.0,"enemies":"Spheric Guardian","floor":20.0,"turns":4.0},{"damage":12.0,"enemies":"Slavers","floor":24.0,"turns":10.0},{"damage":27.0,"enemies":"Slaver and Parasite","floor":25.0,"turns":8.0},{"damage":52.0,"enemies":"Gremlin Leader","floor":27.0,"turns":10.0},{"damage":15.0,"enemies":"Cultist and Chosen","floor":28.0,"turns":7.0},{"damage":0.0,"enemies":"3 Cultists","floor":30.0,"turns":6.0},{"damage":14.0,"enemies":"Centurion and Healer","floor":31.0,"turns":6.0},{"damage":31.0,"enemies":"Collector","floor":33.0,"turns":12.0},{"damage":13.0,"enemies":"Orb Walker","floor":35.0,"turns":5.0},{"damage":23.0,"enemies":"3 Darklings","floor":36.0,"turns":7.0},{"damage":14.0,"enemies":"Maw","floor":37.0,"turns":9.0},{"damage":25.0,"enemies":"4 Shapes","floor":38.0,"turns":8.0},{"damage":0.0,"enemies":"Nemesis","floor":40.0,"turns":10.0},{"damage":32.0,"enemies":"Sphere and 2 Shapes","floor":42.0,"turns":9.0},{"damage":42,"enemies":"Mysterious Sphere","floor":44,"turns":11},{"damage":9,"enemies":"Maw","floor":47,"turns":10},{"damage":8,"enemies":"3 Darklings","floor":48,"turns":8},{"damage":16,"enemies":"Time Eater","floor":50,"turns":17}],"event_choices":[{"event_name":"Big Fish","player_choice":"Donut","floor":2.0,"damage_taken":0.0},{"event_name":"Mushrooms","player_choice":"Fought Mushrooms","floor":7.0,"damage_taken":0.0},{"event_name":"Match and Keep!","player_choice":"1 cards matched","floor":8.0,"damage_taken":0.0},{"event_name":"Wheel of Change","player_choice":"Damage","floor":19.0,"damage_taken":0.0},{"event_name":"Vampires","player_choice":"Became a vampire","floor":21.0,"damage_taken":0.0},{"event_name":"Mysterious Sphere","player_choice":"Fight","floor":44,"damage_taken":0},{"event_name":"Upgrade Shrine","player_choice":"Upgraded","floor":45,"damage_taken":0}],"boss_relics":[],"potions_floor_spawned":[5,7,10,16,24,27,33,36,38,44,48],"seed_played":"-3715653211933662361","ascension_level":3,"is_trial":false}