{"path_per_floor":["M","$","M","?","M","R","E","R","T","?","$","M","T","M","R","B",null,"M","M","M","?","$","R","E","M","T","M","R","M","M"],"character_chosen":"THE_SILENT","items_purchased":["Prepared","Letter Opener"],"gold_per_floor":[214,214,225,400,411,411,436,436,460,483,360,371,397,408,408,503,503,523,536,546,576,221,221,255,269,269,283,283,301,318],"floor_reached":31,"campfire_rested":0,"playtime":6149,"current_hp_per_floor":[68,68,51,51,48,48,25,25,25,27,27,27,27,29,29,14,78,62,64,41,41,41,41,16,10,10,12,12,14,1],"items_purged":["Defend_G","Doubt"],"gold":318,"play_id":"a7a0249f-c504-4551-a8d1-140244b4a70a","is_prod":false,"is_daily":false,"is_ascension_mode":false,"campfire_upgraded":5,"path_taken":["M","$","M","?","?","R","E","R","T","?","$","M","?","M","R","BOSS","M","M","M","?","$","R","E","M","T","M","R","M","M","M"],"build_version":"2018-01-25-PROD3","purchased_purges":2,"victory":false,"master_deck":["Survivor","Neutralize+1","Acrobatics","Footwork+1","All Out Attack+1","Prepared","Sucker Punch+1","Setup","Infinite Blades","Dagger Throw","Dagger Spray","Finisher","PiercingWail","PiercingWail","Accuracy+1","Escape Plan","Escape Plan+1","Blur","Malaise+1"],"max_hp_per_floor":[70,70,70,70,70,70,70,70,70,72,72,74,74,76,76,78,78,80,82,84,84,84,84,86,86,86,86,86,86,86],"relics":["Ring of the Snake","Mercury Hourglass","Singing Bowl","Odd Mushroom","Ancient Tea Set","Pandora\u0027s Box","Tiny Chest","Letter Opener","Blood Vial","Girya"],"card_choices":[{"not_picked":["Distraction","Deflect"],"picked":"Acrobatics"},{"not_picked":["Tools of the Trade","Deadly Poison"],"picked":"Footwork"},{"not_picked":["Well Laid Plans","Distraction"],"picked":"All Out Attack"},{"not_picked":["Deflect","Endless Agony"],"picked":"Escape Plan"},{"not_picked":["Deflect","Crippling Poison"],"picked":"Escape Plan"},{"not_picked":["Sucker Punch","Well Laid Plans"],"picked":"Blur"},{"not_picked":["Dagger Throw","Catalyst"],"picked":"Malaise"}],"player_experience":202309,"potions_floor_usage":[7,7,16,18,24,25,27],"damage_taken":[{"damage":2,"enemies":"Small Slimes","floor":1,"turns":3},{"damage":17,"enemies":"Jaw Worm","floor":3,"turns":6},{"damage":3,"enemies":"Blue Slaver","floor":5,"turns":6},{"damage":23,"enemies":"Lagavulin","floor":7,"turns":12},{"damage":0,"enemies":"The Mushroom Lair","floor":10,"turns":4},{"damage":2,"enemies":"Large Slime","floor":12,"turns":6},{"damage":0,"enemies":"2 Fungi Beasts","floor":14,"turns":3},{"damage":17,"enemies":"The Guardian","floor":16,"turns":15},{"damage":18,"enemies":"2 Thieves","floor":18,"turns":3},{"damage":0,"enemies":"3 Byrds","floor":19,"turns":3},{"damage":25,"enemies":"Snake Plant","floor":20,"turns":6},{"damage":27,"enemies":"Book of Stabbing","floor":24,"turns":7},{"damage":8,"enemies":"Snecko","floor":25,"turns":5},{"damage":0,"enemies":"Centurion and Healer","floor":27,"turns":6},{"damage":0,"enemies":"3 Cultists","floor":29,"turns":4},{"damage":15,"enemies":"Snake Plant","floor":30,"turns":5},{"damage":3,"enemies":"Centurion and Healer","floor":31,"turns":2}],"event_choices":[{"event_name":"Liars Game","player_choice":"agreed","floor":4,"damage_taken":0},{"event_name":"Mushrooms","player_choice":"Fought Mushrooms","floor":10,"damage_taken":0},{"event_name":"The Mausoleum","player_choice":"Yes","floor":21,"damage_taken":0}],"boss_relics":[{"not_picked":["White Beast Statue","Snecko Eye"],"picked":"Pandora\u0027s Box"}],"potions_floor_spawned":[1,5,14,16,19,20,24,25,27],"seed_played":"8074796662504364420","killed_by":"Centurion and Healer","ascension_level":0,"is_trial":false}