{"path_per_floor":["M","?","M","?","M","E","R","E","T","E","?","R","$","M","R","B",null,"M","M","M","M","?","R","E","R","T","E","M","R","E","?","R","B",null,"M","?","?","?","M","R"],"character_chosen":"THE_SILENT","items_purchased":["Panache","Blur","Acrobatics","Mind Blast"],"gold_per_floor":[119,194,207,270,286,318,318,351,378,407,407,407,1,17,17,114,114,128,141,153,163,163,163,196,196,196,223,240,240,266,266,266,364,364,382,382,382,382,392,392],"floor_reached":41,"campfire_rested":6,"playtime":3248,"current_hp_per_floor":[70,59,59,59,59,46,46,15,22,20,20,46,46,40,66,26,89,71,69,62,57,57,57,33,60,60,36,17,44,6,6,33,10,91,40,40,40,30,3,30],"items_purged":[],"gold":392,"play_id":"93e47bbb-5c85-462b-bae4-2c77feaa7cac","is_prod":false,"is_daily":false,"is_ascension_mode":true,"campfire_upgraded":2,"path_taken":["M","?","M","?","?","E","R","E","T","E","?","R","$","M","R","BOSS","M","M","M","M","?","R","E","R","T","E","M","R","E","?","R","BOSS","M","?","?","?","M","R","M"],"build_version":"2018-01-25-PROD3","purchased_purges":0,"victory":false,"master_deck":["Survivor","Neutralize","Backflip","Noxious Fumes+1","Leg Sweep","Flying Knee","Dash","Malaise","Prepared","Dodge and Roll","Poisoned Stab","Blade Dance","Distraction","Neutralize","Panache","Blur","Acrobatics","Mind Blast","Unload","Flechettes","Backflip","PiercingWail","Flying Knee","Acrobatics","Dagger Throw","Endless Agony","Bouncing Flask","All Out Attack","Quick Slash","Catalyst","Outmaneuver+1","Footwork+1","Poisoned Stab+1","Decay","Leg Sweep+1","Escape Plan","Prepared","After Image","Noxious Fumes+1","Madness","Madness","Calculated Gamble+1"],"max_hp_per_floor":[70,70,70,70,70,80,80,80,87,87,87,87,87,89,89,89,89,89,89,89,89,89,89,91,91,91,91,91,91,91,91,91,91,91,93,93,93,93,93,93],"relics":["Orrery","Pear","Ornamental Fan","Strawberry","Singing Bowl","Pandora\u0027s Box","Blood Vial","Tingsha","Juzu Bracelet","Bronze Scales","The Specimen"],"card_choices":[{"not_picked":["Slice","Bane"],"picked":"Backflip"},{"not_picked":["Dodge and Roll","Doppelganger"],"picked":"Noxious Fumes"},{"not_picked":["Dagger Throw","Deadly Poison"],"picked":"Leg Sweep"},{"not_picked":["Bouncing Flask","Accuracy"],"picked":"Flying Knee"},{"not_picked":["Blade Dance","Flying Knee"],"picked":"Dash"},{"not_picked":["Sucker Punch","Slice"],"picked":"Malaise"},{"not_picked":["Bane","Choke"],"picked":"Prepared"},{"not_picked":["Predator","Cloak And Dagger"],"picked":"Dodge and Roll"},{"not_picked":["Bullet Time","PiercingWail"],"picked":"Poisoned Stab"},{"not_picked":["Storm of Steel","Setup"],"picked":"Blade Dance"},{"not_picked":["Skewer","Deflect"],"picked":"Distraction"},{"not_picked":["Glass Knife","Bullet Time"],"picked":"Unload"},{"not_picked":["Prepared","Outmaneuver"],"picked":"Catalyst"},{"not_picked":["Distraction","PiercingWail"],"picked":"Outmaneuver"},{"not_picked":["Calculated Gamble","Dagger Spray"],"picked":"Footwork"},{"not_picked":["Slice","Sucker Punch"],"picked":"Poisoned Stab"},{"not_picked":["Dodge and Roll","Storm of Steel"],"picked":"Leg Sweep"},{"not_picked":["Dodge and Roll","Sucker Punch"],"picked":"Escape Plan"},{"not_picked":["Skewer","Deflect"],"picked":"Prepared"},{"not_picked":["Night Terror","Wraith Form"],"picked":"After Image"},{"not_picked":["Acrobatics","PiercingWail"],"picked":"Calculated Gamble"}],"player_experience":158230,"potions_floor_usage":[6,8,16,20,20,24,24,28,30,33,33,41],"damage_taken":[{"damage":0,"enemies":"Cultist","floor":1,"turns":4},{"damage":0,"enemies":"Jaw Worm","floor":3,"turns":4},{"damage":0,"enemies":"Small Slimes","floor":5,"turns":4},{"damage":23,"enemies":"3 Sentries","floor":6,"turns":10},{"damage":31,"enemies":"Gremlin Nob","floor":8,"turns":7},{"damage":2,"enemies":"Lagavulin","floor":10,"turns":10},{"damage":8,"enemies":"Exordium Wildlife","floor":14,"turns":5},{"damage":40,"enemies":"The Guardian","floor":16,"turns":9},{"damage":18,"enemies":"2 Thieves","floor":18,"turns":3},{"damage":2,"enemies":"3 Byrds","floor":19,"turns":3},{"damage":7,"enemies":"Slaver and Parasite","floor":20,"turns":5},{"damage":5,"enemies":"Snecko","floor":21,"turns":7},{"damage":26,"enemies":"Slavers","floor":24,"turns":6},{"damage":26,"enemies":"Book of Stabbing","floor":27,"turns":6},{"damage":21,"enemies":"Centurion and Healer","floor":28,"turns":9},{"damage":40,"enemies":"Gremlin Leader","floor":30,"turns":9},{"damage":25,"enemies":"Collector","floor":33,"turns":10},{"damage":53,"enemies":"3 Darklings","floor":35,"turns":5},{"damage":29,"enemies":"3 Shapes","floor":39,"turns":4},{"damage":43,"enemies":"Sphere and 2 Shapes","floor":41,"turns":3}],"event_choices":[{"event_name":"World of Goop","player_choice":"Gather Gold","floor":2,"damage_taken":0},{"event_name":"Golden Wing","player_choice":"Gained Gold","floor":4,"damage_taken":0},{"event_name":"Match and Keep!","player_choice":"1 cards matched","floor":11,"damage_taken":0},{"event_name":"Forgotten Altar","player_choice":"Smashed Altar","floor":22,"damage_taken":0},{"event_name":"The Lab","player_choice":"Got Potions","floor":31,"damage_taken":0},{"event_name":"Duplicator","player_choice":"One dupe","floor":36,"damage_taken":0},{"event_name":"Tomb of Lord Red Mask","player_choice":"Ignored","floor":37,"damage_taken":0},{"event_name":"Winding Halls","player_choice":"Embrace Madness","floor":38,"damage_taken":0}],"boss_relics":[{"not_picked":["Tiny House","Astrolabe"],"picked":"Pandora\u0027s Box"},{"not_picked":["Lizard Tail","Black Star"],"picked":"The Specimen"}],"potions_floor_spawned":[1,3,10,14,16,18,19,20,27,30,35],"seed_played":"7120867341104204896","killed_by":"Sphere and 2 Shapes","ascension_level":2,"is_trial":false}