{"path_per_floor":["M","$","?","M","M","E","?","M","T","R","M","R","M","?","R","B",null,"M","$","M","?","$","R","M","M","T","M","R","M","R","M","R"],"character_chosen":"THE_SILENT","items_purchased":["Well Laid Plans","Dagger Spray","Enlightenment","Deadly Poison","Poisoned Stab"],"gold_per_floor":[118,25,25,37,57,86,66,81,127,127,141,141,159,159,159,262,262,279,58,70,70,47,47,61,80,80,99,99,113,113,129,129],"floor_reached":33,"campfire_rested":5,"playtime":2594,"current_hp_per_floor":[67,67,67,67,67,36,36,36,36,57,53,70,70,70,70,37,70,65,65,64,64,64,64,52,41,41,41,62,37,58,49,70],"items_purged":[],"gold":129,"play_id":"f4b2c2cd-62c4-4daa-8c75-e44ea35a16c3","is_prod":false,"is_daily":false,"is_ascension_mode":false,"campfire_upgraded":2,"path_taken":["M","$","?","M","M","E","?","M","T","R","M","R","?","?","R","BOSS","M","$","M","?","$","R","M","?","T","M","R","M","R","M","R","BOSS"],"build_version":"2018-01-25-PROD3","purchased_purges":0,"victory":false,"master_deck":["Defend_G+1","Defend_G+1","Defend_G+1","Defend_G+1","Defend_G+1","Strike_G+1","Strike_G+1","Strike_G+1","Strike_G+1","Strike_G+1","Survivor","Neutralize","Poisoned Stab","Well Laid Plans","Dagger Spray","Deflect","Flying Knee","Blur","Bouncing Flask+1","Deflect","Leg Sweep+1","A Thousand Cuts","Backstab","Enlightenment+1","Deadly Poison","Dash","Poisoned Stab","All Out Attack","Outmaneuver","Backflip+1","Catalyst","Dagger Throw+1"],"max_hp_per_floor":[70,70,70,70,70,70,70,70,70,70,70,70,70,70,70,70,70,70,70,70,70,70,70,70,70,70,70,70,70,70,70,70],"relics":["Ring of the Snake","Ice Cream","Orichalcum","Question Card","Calipers"],"card_choices":[{"not_picked":["Terror","PiercingWail"],"picked":"Poisoned Stab"},{"not_picked":["Dodge and Roll","Prepared"],"picked":"Deflect"},{"not_picked":["Dagger Throw","Well Laid Plans"],"picked":"Flying Knee"},{"not_picked":["Outmaneuver","Deflect"],"picked":"Blur"},{"not_picked":["Malaise","Backstab"],"picked":"Bouncing Flask"},{"not_picked":["Acrobatics","Sucker Punch"],"picked":"Deflect"},{"not_picked":["Bane","Tactician"],"picked":"Leg Sweep"},{"not_picked":["Unload","Tactician"],"picked":"A Thousand Cuts"},{"not_picked":["Riddle With Holes","Masterful Stab","Dagger Spray"],"picked":"Backstab"},{"not_picked":["Deflect","Prepared","Heel Hook"],"picked":"Dash"},{"not_picked":["Heel Hook","Malaise","Sucker Punch"],"picked":"All Out Attack"},{"not_picked":["Bane","Finisher","Dagger Spray"],"picked":"Outmaneuver"},{"not_picked":["Riddle With Holes","Slice","Flying Knee"],"picked":"Backflip"},{"not_picked":["Reflex","Underhanded Strike","Flying Knee"],"picked":"Catalyst"},{"not_picked":["Outmaneuver","Flying Knee","Poisoned Stab"],"picked":"Dagger Throw"}],"player_experience":40252,"potions_floor_usage":[25,29,31,33],"damage_taken":[{"damage":3,"enemies":"2 Louse","floor":1,"turns":4},{"damage":0,"enemies":"Blue Slaver","floor":4,"turns":5},{"damage":0,"enemies":"Cultist","floor":5,"turns":4},{"damage":31,"enemies":"3 Sentries","floor":6,"turns":8},{"damage":0,"enemies":"2 Fungi Beasts","floor":8,"turns":4},{"damage":4,"enemies":"Red Slaver","floor":11,"turns":4},{"damage":0,"enemies":"Looter","floor":13,"turns":4},{"damage":33,"enemies":"Hexaghost","floor":16,"turns":10},{"damage":5,"enemies":"Shell Parasite","floor":18,"turns":6},{"damage":1,"enemies":"3 Byrds","floor":20,"turns":6},{"damage":12,"enemies":"Snake Plant","floor":24,"turns":7},{"damage":11,"enemies":"Sentry and Sphere","floor":25,"turns":8},{"damage":0,"enemies":"Snecko","floor":27,"turns":4},{"damage":25,"enemies":"Chosen and Byrds","floor":29,"turns":8},{"damage":9,"enemies":"Centurion and Healer","floor":31,"turns":8},{"damage":101,"enemies":"Automaton","floor":33,"turns":12}],"event_choices":[{"event_name":"Purifier","player_choice":"Skipped","floor":3,"damage_taken":0},{"event_name":"The Woman in Blue","player_choice":"Bought 1 Potion","floor":7,"damage_taken":0},{"event_name":"Living Wall","player_choice":"Grow","floor":14,"damage_taken":0},{"event_name":"Back to Basics","player_choice":"Simplicity","floor":21,"damage_taken":0}],"boss_relics":[{"not_picked":["Runic Pyramid","Ectoplasm"],"picked":"Question Card"}],"potions_floor_spawned":[6,8,16,18,24,29],"seed_played":"-6849834026323039425","killed_by":"Automaton","ascension_level":0,"is_trial":false}