{"path_per_floor":["M","?","M","?","M","R","E","?","T","M","R","E","M","M","R","B",null,"M","$","M","M","?","R","E","?","T","R","M","E","$","M","R","B",null,"M","$","?","M","?","R","E","R","T","E","$","T","E","M","R"],"character_chosen":"THE_SILENT","items_purchased":["Apotheosis","Ornamental Fan","Accuracy","Madness","Infinite Blades","Cloak And Dagger","Swift Potion"],"gold_per_floor":[112,112,123,93,110,110,145,207,259,269,269,299,313,333,333,431,431,451,4,22,40,40,40,66,66,119,119,139,172,1,11,11,107,107,122,24,24,40,40,40,73,73,73,106,6,78,109,120,120],"floor_reached":50,"campfire_rested":6,"playtime":3444,"current_hp_per_floor":[70,70,70,70,70,70,56,50,50,50,70,54,54,54,54,16,70,60,60,60,45,45,66,56,40,40,61,55,42,42,34,55,55,70,70,70,70,66,66,66,48,69,69,61,61,61,39,39,60],"items_purged":["Doubt"],"gold":120,"play_id":"1efcd48e-851c-4193-b72d-2270da43c8b3","is_prod":false,"is_daily":false,"is_ascension_mode":false,"campfire_upgraded":1,"path_taken":["M","?","M","?","M","R","E","?","T","M","R","E","?","M","R","BOSS","M","$","M","M","?","R","E","?","T","R","M","E","$","M","R","BOSS","M","$","?","M","?","R","E","R","T","E","?","?","E","M","R","BOSS"],"build_version":"2018-02-01-PROD3","purchased_purges":1,"victory":false,"master_deck":["Defend_G","Defend_G","Defend_G","Defend_G","Defend_G","Strike_G","Strike_G","Strike_G","Strike_G","Survivor","Neutralize","Bullet Time","Cloak And Dagger+1","Backflip","Backstab+1","Dash","Die Die Die+1","Well Laid Plans","Dagger Spray","Footwork","Dagger Throw","Endless Agony","Envenom","Choke","Apotheosis","Acrobatics+1","Deflect","Cloak And Dagger","Dash","Dodge and Roll+1","Accuracy+1","Madness","Blade Dance","Envenom+1","Doubt","Predator+1","Infinite Blades+1","Cloak And Dagger","Wraith Form+1","Outmaneuver+1","Bullet Time","Slice+1","Slice","Regret","Prepared+1","Wraith Form+1","Regret","Cloak And Dagger+1","Finisher","Terror","Accuracy+1"],"max_hp_per_floor":[70,70,70,70,70,70,70,70,70,70,70,70,70,70,70,70,70,70,70,70,70,70,70,70,70,70,70,70,70,70,70,70,70,70,70,70,70,70,70,70,70,70,70,70,70,70,70,70,70],"relics":["Ring of the Snake","Bottled Flame","Shovel","Omamori","Pen Nib","Juzu Bracelet","Cursed Key","Ornamental Fan","Frozen Egg 2","Enchiridion","Whetstone","Smiling Mask","Calling Bell","Ninja Scroll","Bronze Scales","Prayer Wheel","Anchor","Dream Catcher","Calipers","Paper Crane","Dodecahedron","Ancient Tea Set"],"card_choices":[{"not_picked":["Dagger Throw","Deflect"],"picked":"Cloak And Dagger"},{"not_picked":["Dodge and Roll","Acrobatics"],"picked":"Backstab"},{"not_picked":["Dodge and Roll","Poisoned Stab"],"picked":"Dash"},{"not_picked":["Cloak And Dagger","Storm of Steel"],"picked":"Die Die Die"},{"not_picked":["Backflip","Blur"],"picked":"Well Laid Plans"},{"not_picked":["Bane","PiercingWail"],"picked":"Dagger Spray"},{"not_picked":["Sucker Punch","Poisoned Stab"],"picked":"Footwork"},{"not_picked":["Dagger Spray","Deflect"],"picked":"Dagger Throw"},{"not_picked":["Prepared","Backflip"],"picked":"Endless Agony"},{"not_picked":["Unload","Die Die Die"],"picked":"Envenom"},{"not_picked":["Footwork","Accuracy"],"picked":"Choke"},{"not_picked":["Choke","Deadly Poison"],"picked":"Acrobatics"},{"not_picked":["Distraction","Prepared"],"picked":"Deflect"},{"not_picked":["Dagger Spray","Dagger Throw"],"picked":"Cloak And Dagger"},{"not_picked":["Prepared","Sucker Punch"],"picked":"Dash"},{"not_picked":["Reflex","Acrobatics"],"picked":"Dodge and Roll"},{"not_picked":["Predator","Quick Slash"],"picked":"Blade Dance"},{"not_picked":["Corpse Explosion","Tactician"],"picked":"Envenom"},{"not_picked":["Dagger Spray","Poisoned Stab"],"picked":"Predator"},{"not_picked":["Deadly Poison","Crippling Poison"],"picked":"Outmaneuver"},{"not_picked":["Sucker Punch","Prepared"],"picked":"Slice"},{"not_picked":["PiercingWail","Dodge and Roll"],"picked":"Slice"},{"not_picked":["Riddle With Holes","Deadly Poison"],"picked":"Prepared"},{"not_picked":["Cloak And Dagger","Riddle With Holes"],"picked":"Wraith Form"},{"not_picked":["Deflect","Poisoned Stab"],"picked":"Cloak And Dagger"},{"not_picked":["Acrobatics","Backflip"],"picked":"Finisher"},{"not_picked":["Flying Knee","Cloak And Dagger"],"picked":"Terror"},{"not_picked":["Eviscerate","Dagger Throw"],"picked":"Accuracy"}],"player_experience":106249,"potions_floor_usage":[7,12,12,16,16,21,24,33,41,48,50,50],"damage_taken":[{"damage":0,"enemies":"2 Louse","floor":1,"turns":3},{"damage":0,"enemies":"Small Slimes","floor":3,"turns":3},{"damage":0,"enemies":"Cultist","floor":5,"turns":4},{"damage":14,"enemies":"Lagavulin","floor":7,"turns":8},{"damage":6,"enemies":"3 Sentries","floor":8,"turns":6},{"damage":0,"enemies":"Looter","floor":10,"turns":3},{"damage":16,"enemies":"Gremlin Nob","floor":12,"turns":4},{"damage":0,"enemies":"Lots of Slimes","floor":13,"turns":1},{"damage":0,"enemies":"3 Louse","floor":14,"turns":2},{"damage":38,"enemies":"Slime Boss","floor":16,"turns":10},{"damage":10,"enemies":"2 Thieves","floor":18,"turns":4},{"damage":0,"enemies":"Shell Parasite","floor":20,"turns":2},{"damage":15,"enemies":"Snecko","floor":21,"turns":4},{"damage":10,"enemies":"Book of Stabbing","floor":24,"turns":5},{"damage":6,"enemies":"Slaver and Parasite","floor":28,"turns":4},{"damage":13,"enemies":"Gremlin Leader","floor":29,"turns":5},{"damage":8,"enemies":"Centurion and Healer","floor":31,"turns":4},{"damage":0,"enemies":"Champ","floor":33,"turns":10},{"damage":0,"enemies":"Orb Walker","floor":35,"turns":2},{"damage":4,"enemies":"3 Shapes","floor":38,"turns":4},{"damage":18,"enemies":"Giant Head","floor":41,"turns":7},{"damage":8,"enemies":"2 Orb Walkers","floor":44,"turns":3},{"damage":22,"enemies":"Giant Head","floor":47,"turns":7},{"damage":0,"enemies":"Sphere and 2 Shapes","floor":48,"turns":2},{"damage":69,"enemies":"Time Eater","floor":50,"turns":5}],"event_choices":[{"event_name":"Living Wall","player_choice":"Change","floor":2,"damage_taken":0},{"event_name":"The Woman in Blue","player_choice":"Bought 2 Potions","floor":4,"damage_taken":0},{"event_name":"Dead Adventurer","player_choice":"Searched \u00272\u0027 times","floor":8,"damage_taken":0},{"event_name":"Drug Dealer","player_choice":"Ignored","floor":22,"damage_taken":0},{"event_name":"Cursed Tome","player_choice":"Obtained Book","floor":25,"damage_taken":0},{"event_name":"Match and Keep!","player_choice":"1 cards matched","floor":37,"damage_taken":0},{"event_name":"Match and Keep!","player_choice":"1 cards matched","floor":37,"damage_taken":0},{"event_name":"Duplicator","player_choice":"One dupe","floor":39,"damage_taken":0}],"boss_relics":[{"not_picked":["Question Card","Black Star"],"picked":"Cursed Key"},{"not_picked":["White Beast Statue","Pandora\u0027s Box"],"picked":"Calling Bell"}],"potions_floor_spawned":[3,8,12,13,14,16,18,20,21,28,29,33,35,47,48],"seed_played":"5266498568960891172","killed_by":"Time Eater","ascension_level":0,"is_trial":false}