{"path_per_floor":["M","?","M","?","?","R","M","R","T","$","R","M","M","M","R","B",null,"M","?","$","M","$","R","?","M","T","R","$","?","E","M","R"],"character_chosen":"THE_SILENT","items_purchased":["Panache","Finesse"],"gold_per_floor":[18,18,34,209,284,284,302,302,302,20,20,36,52,66,66,165,165,175,90,90,103,7,7,7,19,19,19,19,19,49,61,61],"floor_reached":33,"campfire_rested":0,"playtime":1890,"current_hp_per_floor":[66,59,57,57,46,46,46,46,46,46,46,46,37,37,37,44,70,70,70,70,53,53,53,53,51,58,58,58,42,26,26,26],"items_purged":["Doubt"],"gold":61,"play_id":"4773731d-6952-40ba-80e0-b29a7133fde4","is_prod":false,"is_daily":false,"is_ascension_mode":true,"campfire_upgraded":7,"path_taken":["M","?","M","?","?","R","M","R","T","$","R","M","?","M","R","BOSS","M","?","$","M","$","R","?","M","T","R","$","?","E","M","R","BOSS"],"build_version":"2018-02-01-PROD3","purchased_purges":1,"victory":false,"master_deck":["Defend_G","Defend_G","Defend_G","Strike_G","Strike_G","Strike_G","Strike_G","Survivor","Neutralize+1","Prepared+1","Backflip+1","Panache+1","Escape Plan+1","Eviscerate+1","Dodge and Roll+1","Finesse+1","Well Laid Plans+1","Escape Plan","Noxious Fumes+1"],"max_hp_per_floor":[70,70,70,70,70,70,70,70,70,70,70,70,70,70,70,70,70,70,70,70,70,70,70,70,70,77,77,77,77,77,77,77],"relics":["Ring of the Snake","Shovel","Philosopher\u0027s Stone","Matryoshka","Strawberry","Sundial","Enchiridion","Snake Skull"],"card_choices":[{"not_picked":["Masterful Stab","Acrobatics"],"picked":"Prepared"},{"not_picked":["Slice","Dagger Throw"],"picked":"Backflip"},{"not_picked":["Deflect","Cloak And Dagger"],"picked":"Escape Plan"},{"not_picked":["Backflip","Wraith Form"],"picked":"Eviscerate"},{"not_picked":["Poisoned Stab","Underhanded Strike"],"picked":"Dodge and Roll"},{"not_picked":["Underhanded Strike","Predator"],"picked":"Well Laid Plans"},{"not_picked":["Reflex","Dodge and Roll"],"picked":"Escape Plan"},{"not_picked":["Dodge and Roll","Cloak And Dagger"],"picked":"Noxious Fumes"}],"player_experience":272566,"potions_floor_usage":[16,21,21,31,33,33],"damage_taken":[{"damage":4,"enemies":"Small Slimes","floor":1,"turns":4},{"damage":2,"enemies":"2 Louse","floor":3,"turns":3},{"damage":0,"enemies":"Blue Slaver","floor":7,"turns":6},{"damage":0,"enemies":"3 Louse","floor":12,"turns":3},{"damage":9,"enemies":"Exordium Wildlife","floor":13,"turns":4},{"damage":0,"enemies":"2 Fungi Beasts","floor":14,"turns":2},{"damage":8,"enemies":"The Guardian","floor":16,"turns":9},{"damage":0,"enemies":"Shell Parasite","floor":18,"turns":4},{"damage":20,"enemies":"3 Byrds","floor":21,"turns":3},{"damage":2,"enemies":"Centurion and Healer","floor":25,"turns":5},{"damage":16,"enemies":"Gremlin Leader","floor":30,"turns":5},{"damage":0,"enemies":"Chosen and Byrds","floor":31,"turns":3},{"damage":41,"enemies":"Champ","floor":33,"turns":8}],"event_choices":[{"event_name":"Golden Wing","player_choice":"Card Removal","floor":2,"damage_taken":0},{"event_name":"Liars Game","player_choice":"agreed","floor":4,"damage_taken":0},{"event_name":"World of Goop","player_choice":"Gather Gold","floor":5,"damage_taken":0},{"event_name":"Addict","player_choice":"Obtained Relic","floor":19,"damage_taken":0},{"event_name":"Vampires","player_choice":"Ignored","floor":24,"damage_taken":0},{"event_name":"Cursed Tome","player_choice":"Obtained Book","floor":29,"damage_taken":0}],"boss_relics":[{"not_picked":["Question Card","Calling Bell"],"picked":"Philosopher\u0027s Stone"}],"potions_floor_spawned":[1,13,14,16,21,25,30],"seed_played":"-1850526032288310423","killed_by":"Champ","ascension_level":4,"is_trial":false}