{"path_per_floor":["M","$","M","?","M","M","$","?","T","?","?","E","M","E","R","B",null,"M","M","$","M","$","E","R","E","T","$","R","?","M","M","R","B",null,"M","?","$","?","?","E","R","M","T","?","$","E","?","M","R"],"character_chosen":"THE_SILENT","items_purchased":["Well Laid Plans","Infinite Blades","Bag of Marbles","Envenom"],"gold_per_floor":[114,39,55,55,65,80,3,3,49,49,49,84,94,120,120,222,222,241,256,136,150,2,30,30,60,60,60,60,60,77,91,91,191,191,204,204,154,154,154,154,154,173,173,173,34,89,89,108,108],"floor_reached":50,"campfire_rested":4,"playtime":4853,"current_hp_per_floor":[66,66,66,66,64,63,63,63,63,63,63,55,51,51,70,29,70,67,67,67,67,67,52,70,66,66,66,66,66,64,64,64,22,70,68,58,58,58,58,45,70,70,70,70,70,60,60,34,70],"items_purged":["Pain","Normality","Regret"],"gold":108,"play_id":"c7e802ee-1e57-4bfe-a282-b96cd9fd9db5","is_prod":false,"is_daily":false,"is_ascension_mode":false,"campfire_upgraded":2,"path_taken":["M","$","M","?","M","M","$","?","T","?","?","E","M","E","R","BOSS","M","M","$","?","$","E","R","E","T","$","R","?","M","M","R","BOSS","M","?","$","?","?","E","R","M","T","?","$","E","?","M","R","BOSS"],"build_version":"2018-02-01-PROD3","purchased_purges":4,"victory":false,"master_deck":["Defend_G","Defend_G","Defend_G","Defend_G","Defend_G","Strike_G","Strike_G","Strike_G","Strike_G","Strike_G","Survivor","Neutralize+1","Heel Hook","Sucker Punch","Predator","Dagger Throw","Well Laid Plans","Dagger Throw","Acrobatics","Leg Sweep","Backstab","Tactician+1","Dodge and Roll","Sucker Punch+1","Infinite Blades+1","Underhanded Strike+1","Endless Agony+1","Cloak And Dagger+1","All Out Attack+1","Leg Sweep","Concentrate","Underhanded Strike+1","A Thousand Cuts","Quick Slash","Madness","Skewer+1","Finisher","Blade Dance","Flying Knee+1","Envenom","Predator","Endless Agony+1","Infinite Blades"],"max_hp_per_floor":[70,70,70,70,70,70,70,70,70,70,70,70,70,70,70,70,70,70,70,70,70,70,70,70,70,70,70,70,70,70,70,70,70,70,70,70,70,70,70,70,70,70,70,70,70,70,70,70,70],"relics":["Ring of the Snake","Thread and Needle","Bag of Preparation","Dream Catcher","Kunai","Dead Branch","Smiling Mask","Sozu","Bag of Marbles","Prayer Wheel","Bottled Flame","Juzu Bracelet","Black Star","Regal Pillow","Snake Skull","Pantograph","Tiny Chest","Orichalcum"],"card_choices":[{"not_picked":["Bane","Flying Knee"],"picked":"Heel Hook"},{"not_picked":["Backflip","Masterful Stab"],"picked":"Sucker Punch"},{"not_picked":["Dagger Throw","Deflect"],"picked":"Predator"},{"not_picked":["Poisoned Stab","Masterful Stab"],"picked":"Dagger Throw"},{"not_picked":["Cloak And Dagger","Outmaneuver"],"picked":"Dagger Throw"},{"not_picked":["Venomology","Slice"],"picked":"Acrobatics"},{"not_picked":["Deflect","Concentrate"],"picked":"Leg Sweep"},{"not_picked":["Malaise","Flechettes"],"picked":"Backstab"},{"not_picked":["Storm of Steel","A Thousand Cuts"],"picked":"Tactician"},{"not_picked":["Calculated Gamble","Sucker Punch"],"picked":"Dodge and Roll"},{"not_picked":["PiercingWail","Calculated Gamble"],"picked":"Sucker Punch"},{"not_picked":["Flechettes","Accuracy"],"picked":"Underhanded Strike"},{"not_picked":["Flechettes","Reflex"],"picked":"Endless Agony"},{"not_picked":["Prepared","Choke"],"picked":"Cloak And Dagger"},{"not_picked":["Quick Slash","Backflip"],"picked":"All Out Attack"},{"not_picked":["Caltrops","Bane"],"picked":"Leg Sweep"},{"not_picked":["Dagger Spray","PiercingWail"],"picked":"Concentrate"},{"not_picked":["Predator","Storm of Steel"],"picked":"Underhanded Strike"},{"not_picked":["Phantasmal Killer","Corpse Explosion"],"picked":"A Thousand Cuts"},{"not_picked":["Deadly Poison","Slice"],"picked":"Quick Slash"},{"not_picked":["Underhanded Strike","Poisoned Stab"],"picked":"Skewer"},{"not_picked":["Dagger Spray","PiercingWail"],"picked":"Finisher"},{"not_picked":["Acrobatics","Leg Sweep"],"picked":"Blade Dance"},{"not_picked":["Crippling Poison","Acrobatics"],"picked":"Flying Knee"},{"not_picked":["Crippling Poison","Storm of Steel"],"picked":"Predator"},{"not_picked":["PiercingWail","Dodge and Roll"],"picked":"Endless Agony"},{"not_picked":["Sucker Punch","Backstab"],"picked":"Infinite Blades"}],"player_experience":120687,"potions_floor_usage":[],"damage_taken":[{"damage":4.0,"enemies":"Blue Slaver","floor":1.0,"turns":4.0},{"damage":0.0,"enemies":"Small Slimes","floor":3.0,"turns":3.0},{"damage":2.0,"enemies":"2 Louse","floor":5.0,"turns":2.0},{"damage":1.0,"enemies":"Exordium Thugs","floor":6.0,"turns":3.0},{"damage":8.0,"enemies":"Lagavulin","floor":12.0,"turns":8.0},{"damage":4.0,"enemies":"Large Slime","floor":13.0,"turns":6.0},{"damage":0.0,"enemies":"3 Sentries","floor":14.0,"turns":5.0},{"damage":41.0,"enemies":"The Guardian","floor":16.0,"turns":15.0},{"damage":3.0,"enemies":"Spheric Guardian","floor":18.0,"turns":4.0},{"damage":0.0,"enemies":"Chosen","floor":19.0,"turns":5.0},{"damage":0.0,"enemies":"Snecko","floor":21.0,"turns":3.0},{"damage":15.0,"enemies":"Slavers","floor":23.0,"turns":5.0},{"damage":4.0,"enemies":"Gremlin Leader","floor":25.0,"turns":6.0},{"damage":2.0,"enemies":"Snake Plant","floor":30.0,"turns":4.0},{"damage":0.0,"enemies":"Centurion and Healer","floor":31.0,"turns":4.0},{"damage":42,"enemies":"Champ","floor":33,"turns":10},{"damage":2,"enemies":"Orb Walker","floor":35,"turns":3},{"damage":13,"enemies":"Giant Head","floor":40,"turns":10},{"damage":0,"enemies":"3 Darklings","floor":42,"turns":2},{"damage":10,"enemies":"Nemesis","floor":46,"turns":5},{"damage":26,"enemies":"4 Shapes","floor":48,"turns":4},{"damage":76,"enemies":"Awakened One","floor":50,"turns":6}],"event_choices":[{"event_name":"Living Wall","player_choice":"Grow","floor":4.0,"damage_taken":0.0},{"event_name":"The Lab","player_choice":"Got Potions","floor":8.0,"damage_taken":0.0},{"event_name":"Accursed Blacksmith","player_choice":"Rummage","floor":10.0,"damage_taken":0.0},{"event_name":"Big Fish","player_choice":"Box","floor":11.0,"damage_taken":0.0},{"event_name":"Beggar","player_choice":"Ignored","floor":29.0,"damage_taken":0.0},{"event_name":"Winding Halls","player_choice":"Embrace Madness","floor":36,"damage_taken":0},{"event_name":"Tomb of Lord Red Mask","player_choice":"Ignored","floor":39,"damage_taken":0},{"event_name":"Mysterious Sphere","player_choice":"Ignore","floor":44,"damage_taken":0},{"event_name":"Purifier","player_choice":"Skipped","floor":47,"damage_taken":0}],"boss_relics":[{"not_picked":["Runic Pyramid","White Beast Statue"],"picked":"Black Star"}],"potions_floor_spawned":[5,13,14,18,21,25,33,35,42,46],"seed_played":"3620147011910433064","killed_by":"Awakened One","ascension_level":0,"is_trial":false}