{"path_per_floor":["M","M","M","M","M","R","$","R","T","M","?","M","R","M","R","B",null,"M","M","M","$","M","R","E","R","T","R","M","$","M","M","R","B",null,"M","?","$","?","$","R","M","R","T","M","M","M","E","?","R","B"],"character_chosen":"THE_SILENT","items_purchased":["Gambling Chip"],"gold_per_floor":[367,380,400,414,429,429,47,47,47,59,59,70,70,84,84,179,179,191,208,220,120,138,138,173,173,173,173,190,65,82,97,97,194,194,209,209,59,159,159,159,170,170,470,486,497,509,543,597,597,597],"floor_reached":51,"campfire_rested":0,"playtime":6194,"current_hp_per_floor":[59,59,57,41,35,35,35,35,35,35,35,35,35,35,35,1,63,46,41,41,41,41,41,31,31,31,31,31,31,31,31,31,31,63,57,57,57,57,57,57,57,57,57,51,51,51,42,42,42,10],"items_purged":["Defend_G","Defend_G","Strike_G","Strike_G"],"gold":597,"play_id":"0cbac1fc-b739-416b-b069-d1a9189bb7fa","is_prod":false,"is_daily":false,"is_ascension_mode":false,"campfire_upgraded":8,"path_taken":["M","M","M","M","M","R","$","R","T","?","?","M","R","?","R","BOSS","M","M","M","$","M","R","E","R","T","R","M","$","M","M","R","BOSS","M","?","$","?","?","R","M","R","T","M","M","?","E","?","R","BOSS"],"build_version":"2018-01-25-PROD3","purchased_purges":4,"victory":true,"master_deck":["Defend_G","Defend_G","Defend_G","Strike_G","Strike_G","Strike_G","Survivor","Neutralize+1","Prepared","Eviscerate+1","Calculated Gamble+1","After Image+1","Backflip","Quick Slash","Die Die Die","Backflip","Well Laid Plans","Backflip+1","Prepared+1","Caltrops+1","Reflex+1","After Image","Noxious Fumes","Catalyst+1","Poisoned Stab+1","Blur+1","Calculated Gamble+1","Wraith Form","Footwork+1","Prepared+1"],"max_hp_per_floor":[63,63,63,63,63,63,63,63,63,63,63,63,63,63,63,63,63,63,63,63,63,63,63,63,63,63,63,63,63,63,63,63,63,63,63,63,63,63,63,63,63,63,63,63,63,63,63,63,63,63],"relics":["Ring of the Snake","Gambling Chip","Girya","Question Card","Blue Candle","Thread and Needle","Orrery","Old Coin","Ninja Scroll","Tingsha"],"card_choices":[{"not_picked":["Outmaneuver","Sucker Punch"],"picked":"Prepared"},{"not_picked":["Backstab","Endless Agony"],"picked":"Eviscerate"},{"not_picked":["Choke","Dagger Throw"],"picked":"Calculated Gamble"},{"not_picked":["Sucker Punch","Poisoned Stab"],"picked":"After Image"},{"not_picked":["Cloak And Dagger","Caltrops"],"picked":"Backflip"},{"not_picked":["Accuracy","Malaise"],"picked":"Prepared"},{"not_picked":["Backstab","Endless Agony"],"picked":"Quick Slash"},{"not_picked":["Tools of the Trade","Venomology"],"picked":"Die Die Die"},{"not_picked":["Predator","Deflect","Eviscerate"],"picked":"Backflip"},{"not_picked":["Bane","Backflip","PiercingWail"],"picked":"Well Laid Plans"},{"not_picked":["Infinite Blades","Dagger Spray","Concentrate"],"picked":"Backflip"},{"not_picked":["Dash","Dagger Spray","Acrobatics"],"picked":"Prepared"},{"not_picked":["All Out Attack","Venomology","Dash"],"picked":"Caltrops"},{"not_picked":["Underhanded Strike","Footwork","Accuracy"],"picked":"Reflex"},{"not_picked":["Burst","Venomology","Tools of the Trade"],"picked":"After Image"},{"not_picked":["Malaise","Flechettes","Outmaneuver"],"picked":"Noxious Fumes"},{"not_picked":["Sucker Punch","Flying Knee","Dash"],"picked":"Catalyst"},{"not_picked":["Prepared","Flying Knee","Dagger Throw"],"picked":"Poisoned Stab"},{"not_picked":["Riddle With Holes","Finisher","Acrobatics"],"picked":"Blur"},{"not_picked":["Noxious Fumes","Dagger Spray","Backflip"],"picked":"Calculated Gamble"},{"not_picked":["Acrobatics","PiercingWail","Slice"],"picked":"Wraith Form"},{"not_picked":["Sucker Punch","Skewer","PiercingWail"],"picked":"Footwork"},{"not_picked":["Cloak And Dagger","Footwork","Malaise"],"picked":"Prepared"}],"player_experience":223585,"potions_floor_usage":[16,18,19,35,41,50],"damage_taken":[{"damage":4,"enemies":"Blue Slaver","floor":1,"turns":7},{"damage":0,"enemies":"2 Louse","floor":2,"turns":3},{"damage":2,"enemies":"Small Slimes","floor":3,"turns":5},{"damage":16,"enemies":"Gremlin Gang","floor":4,"turns":8},{"damage":6,"enemies":"Exordium Wildlife","floor":5,"turns":12},{"damage":0,"enemies":"Looter","floor":10,"turns":3},{"damage":0,"enemies":"3 Louse","floor":12,"turns":3},{"damage":0,"enemies":"Red Slaver","floor":14,"turns":4},{"damage":34,"enemies":"Slime Boss","floor":16,"turns":22},{"damage":17,"enemies":"Chosen","floor":18,"turns":6},{"damage":5,"enemies":"2 Thieves","floor":19,"turns":4},{"damage":0,"enemies":"Snake Plant","floor":20,"turns":4},{"damage":0,"enemies":"Chosen and Byrds","floor":22,"turns":7},{"damage":10,"enemies":"Slavers","floor":24,"turns":6},{"damage":0,"enemies":"3 Cultists","floor":28,"turns":3},{"damage":0,"enemies":"Snecko","floor":30,"turns":3},{"damage":0,"enemies":"Centurion and Healer","floor":31,"turns":5},{"damage":0,"enemies":"Champ","floor":33,"turns":9},{"damage":6,"enemies":"3 Darklings","floor":35,"turns":5},{"damage":0,"enemies":"Orb Walker","floor":41,"turns":3},{"damage":6,"enemies":"3 Darklings","floor":44,"turns":5},{"damage":0,"enemies":"Sphere and 2 Shapes","floor":45,"turns":7},{"damage":0,"enemies":"Maw","floor":46,"turns":8},{"damage":9,"enemies":"2 Orb Walkers","floor":47,"turns":8},{"damage":0,"enemies":"Mysterious Sphere","floor":48,"turns":7},{"damage":32,"enemies":"Time Eater","floor":50,"turns":10}],"event_choices":[{"event_name":"The Lab","player_choice":"Got Potions","floor":11,"damage_taken":0},{"event_name":"Golden Shrine","player_choice":"Pray","floor":38,"damage_taken":0},{"event_name":"Mysterious Sphere","player_choice":"Fight","floor":48,"damage_taken":0}],"boss_relics":[{"not_picked":["Snecko Eye","The Specimen"],"picked":"Question Card"},{"not_picked":["White Beast Statue","Pandora\u0027s Box"],"picked":"Orrery"}],"potions_floor_spawned":[10,12,16,19,22,28,30,41,44,48],"seed_played":"-5787208964769100479","ascension_level":0,"is_trial":false}