{"path_per_floor":["M","?","$","M","M","R","M","R","T","M","M","?","M","M","R","B",null,"M","M","$","M","?","R","M","R","T","R","?","M","?","?","R","B",null,"M","?","M","M","?","R","M","R","T","M","M","M","M","?","R","B"],"character_chosen":"THE_SILENT","items_purchased":["Distraction"],"gold_per_floor":[116,116,41,61,80,80,94,94,119,136,150,150,160,179,179,275,275,275,200,33,33,33,33,33,33,33,33,33,33,33,33,33,33,33,33,0,0,0,0,0,0,0,0,0,0,0,0,0,0,0],"floor_reached":51,"campfire_rested":5,"playtime":5763,"current_hp_per_floor":[68,61,61,60,60,60,60,60,60,48,46,69,63,56,56,2,70,62,31,31,19,19,40,10,31,31,52,52,52,52,36,57,12,70,49,49,49,36,36,57,57,57,57,66,58,48,34,60,60,41],"items_purged":["Strike_G","Strike_G"],"gold":0,"play_id":"71b1b1b9-dfe0-413d-b1db-5e7da96e2e3b","is_prod":false,"is_daily":false,"is_ascension_mode":false,"campfire_upgraded":5,"path_taken":["M","?","$","M","M","R","?","R","T","M","M","?","?","M","R","BOSS","M","M","$","M","?","R","M","R","T","R","?","M","?","?","R","BOSS","M","?","M","M","?","R","M","R","T","M","M","M","?","?","R","BOSS"],"build_version":"2018-02-01-PROD3","purchased_purges":3,"victory":true,"master_deck":["Defend_G","Defend_G","Defend_G","Defend_G","Defend_G","Strike_G","Strike_G","Survivor","Neutralize+1","A Thousand Cuts+1","Burst+1","Wraith Form+1","Acrobatics","Well Laid Plans","Distraction","Backflip+1","Leg Sweep","Adrenaline","Blur","Escape Plan","Escape Plan+1","Prepared+1"],"max_hp_per_floor":[70,70,70,70,70,70,70,70,70,70,70,70,70,70,70,70,70,70,70,70,70,70,70,70,70,70,70,70,70,70,70,70,70,70,70,70,70,70,70,70,70,70,70,70,70,70,70,60,60,60],"relics":["Ring of the Snake","Omamori","Ectoplasm","Oddly Smooth Stone","Nilry\u0027s Codex","Cursed Key","Red Mask","Shovel"],"card_choices":[{"not_picked":["Underhanded Strike","Prepared"],"picked":"A Thousand Cuts"},{"not_picked":["Deflect","Backflip"],"picked":"Burst"},{"not_picked":["Corpse Explosion","Burst"],"picked":"Wraith Form"},{"not_picked":["Backflip","Quick Slash"],"picked":"Acrobatics"},{"not_picked":["Distraction","Riddle With Holes"],"picked":"Well Laid Plans"},{"not_picked":["Dagger Throw","Sucker Punch"],"picked":"Backflip"},{"not_picked":["Quick Slash","Tactician"],"picked":"Leg Sweep"},{"not_picked":["Blade Dance","Bane"],"picked":"Calculated Gamble"},{"not_picked":["A Thousand Cuts","Phantasmal Killer"],"picked":"Adrenaline"},{"not_picked":["Prepared","Riddle With Holes"],"picked":"Blur"},{"not_picked":["Bane","Deadly Poison"],"picked":"Escape Plan"},{"not_picked":["Terror","Poisoned Stab"],"picked":"Escape Plan"},{"not_picked":["Dagger Spray","Bouncing Flask"],"picked":"Prepared"}],"player_experience":69749,"potions_floor_usage":[13,19,19,21,33,38,44,44,46,47,50,50],"damage_taken":[{"damage":2,"enemies":"Small Slimes","floor":1,"turns":5},{"damage":1,"enemies":"2 Louse","floor":4,"turns":5},{"damage":0,"enemies":"Blue Slaver","floor":5,"turns":6},{"damage":0,"enemies":"3 Louse","floor":7,"turns":5},{"damage":12,"enemies":"Exordium Wildlife","floor":10,"turns":4},{"damage":2,"enemies":"Looter","floor":11,"turns":4},{"damage":6,"enemies":"Lots of Slimes","floor":13,"turns":2},{"damage":7,"enemies":"Large Slime","floor":14,"turns":7},{"damage":54,"enemies":"The Guardian","floor":16,"turns":20},{"damage":8,"enemies":"Chosen","floor":18,"turns":7},{"damage":31,"enemies":"2 Thieves","floor":19,"turns":5},{"damage":12,"enemies":"Snake Plant","floor":21,"turns":5},{"damage":30,"enemies":"3 Cultists","floor":24,"turns":5},{"damage":0,"enemies":"Snecko","floor":29,"turns":6},{"damage":45,"enemies":"Champ","floor":33,"turns":14},{"damage":21,"enemies":"3 Shapes","floor":35,"turns":6},{"damage":0,"enemies":"3 Darklings","floor":37,"turns":5},{"damage":13,"enemies":"4 Shapes","floor":38,"turns":5},{"damage":0,"enemies":"Maw","floor":41,"turns":8},{"damage":0,"enemies":"3 Darklings","floor":44,"turns":4},{"damage":8,"enemies":"Sphere and 2 Shapes","floor":45,"turns":6},{"damage":10,"enemies":"Maw","floor":46,"turns":7},{"damage":14,"enemies":"3 Darklings","floor":47,"turns":5},{"damage":19,"enemies":"Time Eater","floor":50,"turns":13}],"event_choices":[{"event_name":"Golden Wing","player_choice":"Card Removal","floor":2,"damage_taken":0},{"event_name":"Big Fish","player_choice":"Banana","floor":12,"damage_taken":0},{"event_name":"Drug Dealer","player_choice":"Ignored","floor":22,"damage_taken":0},{"event_name":"Vampires","player_choice":"Ignored","floor":28,"damage_taken":0},{"event_name":"Beggar","player_choice":"Ignored","floor":30,"damage_taken":0},{"event_name":"Cursed Tome","player_choice":"Obtained Book","floor":31,"damage_taken":0},{"event_name":"Tomb of Lord Red Mask","player_choice":"Paid","floor":36,"damage_taken":0},{"event_name":"The Moai Head","player_choice":"Heal","floor":48,"damage_taken":0}],"boss_relics":[{"not_picked":["Philosopher\u0027s Stone","Runic Pyramid"],"picked":"Ectoplasm"},{"not_picked":["Question Card","The Specimen"],"picked":"Cursed Key"}],"potions_floor_spawned":[1,5,10,13,19,29,37,38,44,45],"seed_played":"2423303743255736264","ascension_level":0,"is_trial":false}