{"path_per_floor":["M","M","M","?","$","R","M","R","T","$","R","?","E","?","R","B",null,"M","M","M","M","?","R","$","?","T","$","M","?","R","M","R"],"character_chosen":"THE_SILENT","items_purchased":[],"gold_per_floor":[115,128,142,142,67,67,87,87,114,14,14,14,42,42,42,146,146,134,150,164,174,174,174,49,49,49,49,64,64,64,75,75],"floor_reached":33,"campfire_rested":1,"playtime":3726,"current_hp_per_floor":[70,70,70,56,56,56,54,54,54,54,54,70,39,32,32,4,77,69,53,53,30,30,30,30,30,30,30,21,21,21,21,44],"items_purged":["Defend_G","Strike_G","Defend_G"],"gold":75,"play_id":"a7e8b9d3-405e-42fe-b06e-a7ac18d1a5d5","is_prod":false,"is_daily":false,"is_ascension_mode":true,"campfire_upgraded":6,"path_taken":["M","M","M","?","$","R","M","R","T","$","R","?","E","?","R","BOSS","M","M","M","M","?","R","$","?","T","$","M","?","R","M","R","BOSS"],"build_version":"2018-01-25-PROD3","purchased_purges":3,"victory":false,"master_deck":["Defend_G+1","Strike_G","Strike_G+1","Strike_G+1","Survivor+1","Neutralize+1","Backflip+1","Prepared+1","Adrenaline+1","Masterful Stab+1","Acrobatics+1","Neutralize+1","Prepared"],"max_hp_per_floor":[70,70,70,70,70,70,70,70,70,70,70,70,77,77,77,77,77,77,77,77,77,77,77,77,77,77,77,77,77,77,77,77],"relics":["Ring of the Snake","Molten Egg","Strawberry","Black Star"],"card_choices":[{"not_picked":["Catalyst","Quick Slash"],"picked":"Backflip"},{"not_picked":["Dagger Throw","Underhanded Strike"],"picked":"Prepared"},{"not_picked":["Unload","Burst"],"picked":"Adrenaline"},{"not_picked":["Backflip","Bane"],"picked":"Masterful Stab"},{"not_picked":["Bane","Blur"],"picked":"Acrobatics"},{"not_picked":["Dodge and Roll","PiercingWail"],"picked":"Prepared"}],"player_experience":61849,"potions_floor_usage":[7,18,28,33],"damage_taken":[{"damage":0.0,"enemies":"Cultist","floor":1.0,"turns":5.0},{"damage":0.0,"enemies":"2 Louse","floor":2.0,"turns":4.0},{"damage":0.0,"enemies":"Jaw Worm","floor":3.0,"turns":5.0},{"damage":17,"enemies":"Gremlin Gang","floor":7,"turns":7},{"damage":38,"enemies":"3 Sentries","floor":13,"turns":10},{"damage":28,"enemies":"The Guardian","floor":16,"turns":18},{"damage":8,"enemies":"2 Thieves","floor":18,"turns":4},{"damage":16,"enemies":"Chosen","floor":19,"turns":8},{"damage":0,"enemies":"Slaver and Parasite","floor":20,"turns":12},{"damage":23,"enemies":"Snecko","floor":21,"turns":9},{"damage":9,"enemies":"Centurion and Healer","floor":28,"turns":6},{"damage":0,"enemies":"3 Cultists","floor":31,"turns":7},{"damage":63,"enemies":"Champ","floor":33,"turns":23}],"event_choices":[{"event_name":"Shining Light","player_choice":"Entered Light","floor":4.0,"damage_taken":0.0},{"event_name":"Wheel of Change","player_choice":"Full Heal","floor":12,"damage_taken":0},{"event_name":"Golden Wing","player_choice":"Card Removal","floor":14,"damage_taken":0},{"event_name":"Duplicator","player_choice":"One dupe","floor":22,"damage_taken":0},{"event_name":"Back to Basics","player_choice":"Elegance","floor":25,"damage_taken":0},{"event_name":"Drug Dealer","player_choice":"Ignored","floor":29,"damage_taken":0}],"boss_relics":[{"not_picked":["Calling Bell","Question Card"],"picked":"Black Star"}],"potions_floor_spawned":[1,13,20,21,28],"seed_played":"-4924569694785845720","killed_by":"Champ","ascension_level":1,"is_trial":false}