{"path_per_floor":["M","?","?","$","M","R","?","$","T","R","?","?","R","$","R","B",null,"M","$","M","?","?","R","E","R","T","R","M","R","M","M","R","B",null,"M","M","M","?","M","R","E","R","T","M","$","M","M","E","R","B"],"character_chosen":"THE_SILENT","items_purchased":["Deep Breath","Flash of Steel","Thinking Ahead"],"gold_per_floor":[113,213,213,33,49,49,49,49,126,126,126,126,126,26,26,127,157,175,50,62,62,62,62,89,89,89,89,107,107,122,132,132,232,232,251,265,284,284,302,302,629,629,656,667,220,237,249,282,282,282],"floor_reached":51,"campfire_rested":1,"playtime":3540,"current_hp_per_floor":[29,29,29,29,29,29,29,29,29,29,4,4,25,25,25,24,75,75,75,75,75,75,75,75,75,75,75,75,75,75,75,75,75,75,75,64,64,64,64,64,64,64,64,64,64,64,64,64,64,64],"items_purged":["Defend_G","Strike_G","Strike_G","Strike_G"],"gold":282,"play_id":"de15a38a-0806-4c69-944c-a573c2a1f996","is_prod":false,"is_daily":false,"is_ascension_mode":false,"campfire_upgraded":11,"path_taken":["M","?","?","$","?","R","?","$","T","R","?","?","R","?","R","BOSS","M","$","M","?","?","R","E","R","T","R","M","R","?","M","R","BOSS","M","M","?","?","M","R","E","R","T","M","$","M","M","E","R","BOSS"],"build_version":"2018-02-01-PROD3","purchased_purges":4,"victory":true,"master_deck":["Defend_G+1","Defend_G+1","Neutralize+1","Deep Breath+1","A Thousand Cuts+1","Well Laid Plans+1","Backflip+1","Escape Plan+1","Escape Plan+1","Flash of Steel+1","Thinking Ahead"],"max_hp_per_floor":[70,70,70,70,70,70,70,70,70,70,70,70,70,70,70,70,75,75,75,75,75,75,75,75,75,75,75,75,75,75,75,75,75,75,75,75,75,75,75,75,75,75,75,75,75,75,75,75,75,75],"relics":["Ring of the Snake","Centennial Puzzle","Lantern","Tiny House","Darkstone Periapt","Du-Vu Doll","Runic Pyramid","Old Coin","Vajra","Smiling Mask"],"card_choices":[{"not_picked":["Infinite Blades","Outmaneuver"],"picked":"Backflip"},{"not_picked":["Malaise","Accuracy"],"picked":"Escape Plan"},{"not_picked":["Deflect","Cloak And Dagger"],"picked":"Escape Plan"}],"player_experience":239592,"potions_floor_usage":[16],"damage_taken":[{"damage":6,"enemies":"Blue Slaver","floor":1,"turns":6},{"damage":0,"enemies":"Cultist","floor":5,"turns":4},{"damage":1,"enemies":"Slime Boss","floor":16,"turns":5},{"damage":0,"enemies":"3 Byrds","floor":18,"turns":3},{"damage":0,"enemies":"Spheric Guardian","floor":20,"turns":3},{"damage":0,"enemies":"Gremlin Leader","floor":24,"turns":2},{"damage":0,"enemies":"Centurion and Healer","floor":28,"turns":1},{"damage":0,"enemies":"Snecko","floor":30,"turns":1},{"damage":0,"enemies":"Cultist and Chosen","floor":31,"turns":1},{"damage":0,"enemies":"Collector","floor":33,"turns":1},{"damage":0,"enemies":"3 Shapes","floor":35,"turns":1},{"damage":11,"enemies":"3 Darklings","floor":36,"turns":2},{"damage":0,"enemies":"Maw","floor":37,"turns":2},{"damage":0,"enemies":"Sphere and 2 Shapes","floor":39,"turns":1},{"damage":0,"enemies":"Giant Head","floor":41,"turns":1},{"damage":0,"enemies":"4 Shapes","floor":44,"turns":1},{"damage":0,"enemies":"Maw","floor":46,"turns":1},{"damage":0,"enemies":"3 Darklings","floor":47,"turns":1},{"damage":0,"enemies":"2 Orb Walkers","floor":48,"turns":1},{"damage":0,"enemies":"Donu and Deca","floor":50,"turns":1}],"event_choices":[{"event_name":"Golden Shrine","player_choice":"Pray","floor":2,"damage_taken":0},{"event_name":"Liars Game","player_choice":"disagreed","floor":3,"damage_taken":0},{"event_name":"Match and Keep!","player_choice":"1 cards matched","floor":7,"damage_taken":0},{"event_name":"Scrap Ooze","player_choice":"success","floor":11,"damage_taken":25},{"event_name":"Transmorgrifier","player_choice":"Transform","floor":12,"damage_taken":0},{"event_name":"Bonfire Elementals","player_choice":"BASIC","floor":21,"damage_taken":0},{"event_name":"Addict","player_choice":"Ignored","floor":22,"damage_taken":0}],"boss_relics":[{"not_picked":["Snecko Eye","Lizard Tail"],"picked":"Tiny House"},{"not_picked":["Eternal Feather","Question Card"],"picked":"Runic Pyramid"}],"potions_floor_spawned":[5,20,28,31,35,36,48],"seed_played":"-6915408113917197437","ascension_level":0,"is_trial":false}