{"path_per_floor":["M","$","M","M","T","R","M","M","T","M","M","R","M","$","R","B",null,"M","$","M","$","?","R","M","R","T","M","M","M","R","M","R","B",null,"M","?","?","M","?","E","R","?","T","R","M","$","M","T","R"],"character_chosen":"THE_SILENT","items_purchased":["Footwork","Flying Knee","Regen Potion","Dagger Spray","Finesse","Crippling Poison","Noxious Fumes","Block Potion"],"gold_per_floor":[116,35,51,67,92,92,111,121,121,134,154,154,171,97,97,192,192,205,55,69,32,32,32,45,45,45,60,76,87,87,97,97,200,200,212,212,212,224,224,257,257,257,282,282,292,96,114,139,139],"floor_reached":50,"campfire_rested":5,"playtime":4100,"current_hp_per_floor":[70,70,70,65,65,65,65,62,62,60,60,60,57,57,70,46,70,67,67,67,67,67,67,64,64,64,44,44,32,53,41,62,26,70,45,45,45,18,18,6,27,60,60,60,36,36,26,26,44],"items_purged":["Writhe"],"gold":139,"play_id":"a7500cdf-5b35-4e36-98f0-efbed9c44e0a","is_prod":false,"is_daily":false,"is_ascension_mode":false,"campfire_upgraded":5,"path_taken":["M","?","M","M","?","R","M","?","T","M","M","R","M","$","R","BOSS","M","$","M","?","?","R","M","R","T","M","M","?","R","M","R","BOSS","M","?","?","M","?","E","R","?","T","R","M","$","M","?","R","BOSS"],"build_version":"2018-01-25-PROD3","purchased_purges":1,"victory":false,"master_deck":["Defend_G","Defend_G","Defend_G","Defend_G","Strike_G","Strike_G","Strike_G","Survivor","Neutralize","Deflect","Footwork","Infinite Blades+1","Glass Knife+1","PiercingWail","Leg Sweep","Dodge and Roll","Deadly Poison","Prepared","Outmaneuver","Malaise","Flying Knee","Envenom+1","Riddle With Holes+1","Catalyst+1","Crippling Poison+1","Catalyst+1","Dagger Spray+1","Finesse","Backflip","Crippling Poison","Endless Agony+1","Catalyst","Dagger Spray","Slice","Deflect","Bane","Night Terror+1","Flying Knee","Slice","Flash of Steel","Parasite","All Out Attack","Crippling Poison+1","PiercingWail","Noxious Fumes","Slice+1","Poisoned Stab"],"max_hp_per_floor":[70,70,70,70,70,70,70,70,70,70,70,70,70,70,70,70,70,70,70,70,70,70,70,70,70,70,70,70,70,70,70,70,70,70,70,70,70,70,70,70,70,60,60,60,60,60,60,60,60],"relics":["Ring of the Snake","Prayer Wheel","Happy Flower","Unceasing Top","Astrolabe","Mummified Hand","Ice Cream","Runic Pyramid","Pen Nib","Juzu Bracelet","Vajra","Bag of Preparation"],"card_choices":[{"not_picked":["Malaise","Outmaneuver"],"picked":"Deflect"},{"not_picked":["Dodge and Roll","Sucker Punch"],"picked":"Infinite Blades"},{"not_picked":["PiercingWail","Quick Slash"],"picked":"Glass Knife"},{"not_picked":["Choke","Quick Slash"],"picked":"PiercingWail"},{"not_picked":["Terror","Infinite Blades"],"picked":"Leg Sweep"},{"not_picked":["Deflect","Calculated Gamble"],"picked":"Dodge and Roll"},{"not_picked":["Calculated Gamble","Bane"],"picked":"Deadly Poison"},{"not_picked":["Eviscerate","Dagger Throw"],"picked":"Prepared"},{"not_picked":["Eviscerate","Bane"],"picked":"Outmaneuver"},{"not_picked":["Acrobatics","Quick Slash"],"picked":"Malaise"},{"not_picked":["Wraith Form","Doppelganger"],"picked":"Envenom"},{"not_picked":["Heel Hook","Riddle With Holes"],"picked":"Catalyst"},{"not_picked":["Flying Knee","Infinite Blades"],"picked":"Backflip"},{"not_picked":["Dagger Spray","Deflect"],"picked":"Endless Agony"},{"not_picked":["Escape Plan","Flechettes"],"picked":"Catalyst"},{"not_picked":["Flying Knee","Heel Hook"],"picked":"Dagger Spray"},{"not_picked":["Sucker Punch","PiercingWail"],"picked":"Slice"},{"not_picked":["Quick Slash","Terror"],"picked":"Deflect"},{"not_picked":["Poisoned Stab","Backflip"],"picked":"Bane"},{"not_picked":["Corpse Explosion","Tools of the Trade"],"picked":"Night Terror"},{"not_picked":["Dagger Throw","Malaise"],"picked":"Flying Knee"},{"not_picked":["Flying Knee","PiercingWail"],"picked":"Slice"},{"not_picked":["Sucker Punch","Malaise"],"picked":"All Out Attack"},{"not_picked":["Flying Knee","Quick Slash"],"picked":"Crippling Poison"},{"not_picked":["Tools of the Trade","Skewer"],"picked":"PiercingWail"},{"not_picked":["Dagger Spray","Deadly Poison"],"picked":"Slice"},{"not_picked":["Slice","Malaise"],"picked":"Poisoned Stab"}],"player_experience":20900,"potions_floor_usage":[13,16,31,33,33,33,40,40,47],"damage_taken":[{"damage":0.0,"enemies":"Blue Slaver","floor":1.0,"turns":7.0},{"damage":0.0,"enemies":"Cultist","floor":3.0,"turns":6.0},{"damage":5.0,"enemies":"Small Slimes","floor":4.0,"turns":5.0},{"damage":0.0,"enemies":"3 Louse","floor":7.0,"turns":5.0},{"damage":3.0,"enemies":"Large Slime","floor":8.0,"turns":7.0},{"damage":2.0,"enemies":"Gremlin Gang","floor":10.0,"turns":6.0},{"damage":0.0,"enemies":"2 Fungi Beasts","floor":11.0,"turns":4.0},{"damage":3,"enemies":"Lots of Slimes","floor":13,"turns":5},{"damage":24,"enemies":"The Guardian","floor":16,"turns":12},{"damage":3,"enemies":"Chosen","floor":18,"turns":4},{"damage":0,"enemies":"3 Byrds","floor":20,"turns":5},{"damage":3,"enemies":"Snake Plant","floor":24,"turns":4},{"damage":20,"enemies":"Centurion and Healer","floor":27,"turns":6},{"damage":0,"enemies":"Snecko","floor":28,"turns":4},{"damage":12,"enemies":"Snake Plant","floor":29,"turns":4},{"damage":12,"enemies":"Centurion and Healer","floor":31,"turns":4},{"damage":45,"enemies":"Collector","floor":33,"turns":5},{"damage":25,"enemies":"Orb Walker","floor":35,"turns":4},{"damage":27,"enemies":"3 Shapes","floor":38,"turns":6},{"damage":12,"enemies":"Giant Head","floor":40,"turns":5},{"damage":24,"enemies":"3 Darklings","floor":45,"turns":6},{"damage":10,"enemies":"Sphere and 2 Shapes","floor":47,"turns":4},{"damage":52,"enemies":"Awakened One","floor":50,"turns":4}],"event_choices":[{"event_name":"The Mausoleum","player_choice":"Yes","floor":22,"damage_taken":0},{"event_name":"Wheel of Change","player_choice":"Relic","floor":36,"damage_taken":0},{"event_name":"Mysterious Sphere","player_choice":"Ignore","floor":37,"damage_taken":0},{"event_name":"Match and Keep!","player_choice":"2 cards matched","floor":39,"damage_taken":0},{"event_name":"The Moai Head","player_choice":"Heal","floor":42,"damage_taken":0}],"boss_relics":[{"not_picked":["Sozu","Snecko Eye"],"picked":"Astrolabe"},{"not_picked":["Velvet Choker","Calling Bell"],"picked":"Runic Pyramid"}],"potions_floor_spawned":[1,4,8,10,16,20,27,29,31,35,38],"seed_played":"8756681015861129756","killed_by":"Awakened One","ascension_level":0,"is_trial":false}