{"path_per_floor":["M","M","M","M","M","R","M","R","T","?","E","M","?","E","R"],"character_chosen":"THE_SILENT","items_purchased":[],"gold_per_floor":[113,127,143,159,176,176,192,192,192,217,247,262,326,357,357],"floor_reached":16,"campfire_rested":1,"playtime":1628,"current_hp_per_floor":[70,70,69,68,68,68,67,67,67,47,43,43,18,1,22],"items_purged":[],"gold":357,"play_id":"9fbef145-a5f5-43d4-b6c9-b297e6be615d","is_prod":false,"is_daily":false,"is_ascension_mode":false,"campfire_upgraded":2,"path_taken":["M","M","M","M","M","R","M","R","T","?","E","M","?","E","R","BOSS"],"build_version":"2018-01-25-PROD3","purchased_purges":0,"victory":false,"master_deck":["Defend_G","Defend_G","Defend_G","Defend_G","Strike_G","Strike_G","Strike_G","Strike_G","Strike_G","Survivor","Neutralize+1","Dagger Throw","Acrobatics+1","Dagger Spray","Grand Finale","Dagger Throw","Calculated Gamble","Tactician"],"max_hp_per_floor":[70,70,70,70,70,70,70,70,70,70,70,70,70,70,70],"relics":["Ring of the Snake","Toolbox","Odd Mushroom","Snake Skull","Art of War","Anchor"],"card_choices":[{"not_picked":["Quick Slash","Leg Sweep"],"picked":"Dagger Throw"},{"not_picked":["Slice","Sucker Punch"],"picked":"Acrobatics"},{"not_picked":["Setup","Sucker Punch"],"picked":"Dagger Spray"},{"not_picked":["Setup","Backflip"],"picked":"Grand Finale"},{"not_picked":["Acrobatics","Cloak And Dagger"],"picked":"Dagger Throw"},{"not_picked":["Dodge and Roll","Backflip"],"picked":"Calculated Gamble"},{"not_picked":["Skewer","All Out Attack"],"picked":"Tactician"}],"player_experience":200681,"potions_floor_usage":[7,11,14,14,16],"damage_taken":[{"damage":0,"enemies":"2 Louse","floor":1,"turns":3},{"damage":0,"enemies":"Cultist","floor":2,"turns":3},{"damage":1,"enemies":"Jaw Worm","floor":3,"turns":5},{"damage":1,"enemies":"2 Fungi Beasts","floor":4,"turns":3},{"damage":0,"enemies":"Looter","floor":5,"turns":4},{"damage":1,"enemies":"3 Louse","floor":7,"turns":4},{"damage":20,"enemies":"The Mushroom Lair","floor":10,"turns":4},{"damage":4,"enemies":"3 Sentries","floor":11,"turns":2},{"damage":0,"enemies":"Large Slime","floor":12,"turns":3},{"damage":25,"enemies":"Gremlin Nob","floor":13,"turns":5},{"damage":17,"enemies":"Gremlin Nob","floor":14,"turns":5},{"damage":44,"enemies":"The Guardian","floor":16,"turns":11}],"event_choices":[{"event_name":"Mushrooms","player_choice":"Fought Mushrooms","floor":10,"damage_taken":0},{"event_name":"Dead Adventurer","player_choice":"Searched \u00271\u0027 times","floor":13,"damage_taken":0}],"boss_relics":[],"potions_floor_spawned":[2,3,4,7,14],"seed_played":"-3043959208715990847","killed_by":"The Guardian","ascension_level":0,"is_trial":false}