{"path_per_floor":["M","?","?","M","M","E","R","$","T","R","M","R","M","M","R","B",null,"M","M","?","$","M","R","E","M","T","M","M","?","?","$","R","B",null,"M","T","M","$","M","R","M","M","T","R","M","M","$","M","R","B"],"character_chosen":"THE_SILENT","items_purchased":["Dream Catcher","Footwork","Bag of Marbles","Noxious Fumes","Night Terror","Flechettes","Accuracy","Bronze Scales","Bane"],"gold_per_floor":[114,114,189,209,221,246,246,20,20,20,35,35,46,58,58,160,160,180,190,240,54,68,68,97,113,167,187,199,199,199,12,12,108,108,127,127,140,70,81,81,98,114,186,186,205,215,45,62,62,62],"floor_reached":51,"campfire_rested":7,"playtime":5215,"current_hp_per_floor":[77,74,63,63,63,20,43,43,43,66,65,65,65,47,70,40,77,76,76,76,76,68,68,38,36,36,45,46,46,46,46,69,59,77,63,63,60,60,45,68,57,46,46,69,53,50,50,47,70,38],"items_purged":[],"gold":62,"play_id":"ec3afd03-ef33-4f28-a888-da04316b45a9","is_prod":false,"is_daily":false,"is_ascension_mode":false,"campfire_upgraded":0,"path_taken":["M","?","?","M","M","E","R","$","T","R","M","R","M","M","R","BOSS","M","?","?","$","?","R","E","M","T","M","M","?","?","?","R","BOSS","M","?","M","$","?","R","M","M","T","R","M","M","$","M","R","BOSS"],"build_version":"2018-01-25-PROD3","purchased_purges":0,"victory":true,"master_deck":["Defend_G+1","Defend_G+1","Defend_G+1","Defend_G+1","Defend_G+1","Strike_G+1","Strike_G+1","Strike_G+1","Strike_G+1","Strike_G+1","Survivor","Neutralize","Blur","Escape Plan","Cloak And Dagger","Cloak And Dagger","Footwork","Footwork","Finisher","Accuracy","Burst","Cloak And Dagger","Tools of the Trade","Well Laid Plans","Slice","Noxious Fumes","After Image","Noxious Fumes","Noxious Fumes","Prepared+1","Terror","Burst","Night Terror","Flechettes","After Image","Die Die Die","Outmaneuver","Backflip+1","Accuracy","PiercingWail+1","Cloak And Dagger","Dash","Backflip","Underhanded Strike","Catalyst","Crippling Poison+1","Bane","Quick Slash+1","Flying Knee"],"max_hp_per_floor":[77,77,77,77,77,77,77,77,77,77,77,77,77,77,77,77,77,77,77,77,77,77,77,77,77,77,77,77,77,77,77,77,77,77,77,77,77,77,77,77,77,77,77,77,77,77,77,77,77,77],"relics":["Ring of the Snake","Girya","Du-Vu Doll","Dream Catcher","Meat on the Bone","Velvet Choker","Bag of Marbles","Ancient Tea Set","Tiny Chest","Lizard Tail","Calipers","Centennial Puzzle","Bronze Scales"],"card_choices":[{"not_picked":["Dagger Throw","All Out Attack"],"picked":"Blur"},{"not_picked":["Underhanded Strike","Prepared"],"picked":"Escape Plan"},{"not_picked":["Backflip","Outmaneuver"],"picked":"Cloak And Dagger"},{"not_picked":["Deflect","Skewer"],"picked":"Cloak And Dagger"},{"not_picked":["Bane","Prepared"],"picked":"Footwork"},{"not_picked":["Sucker Punch","Dodge and Roll"],"picked":"Finisher"},{"not_picked":["Backstab","Slice"],"picked":"Accuracy"},{"not_picked":["Quick Slash","Underhanded Strike"],"picked":"Burst"},{"not_picked":["Deflect","Predator"],"picked":"Cloak And Dagger"},{"not_picked":["Doppelganger","Burst"],"picked":"Tools of the Trade"},{"not_picked":["Slice","Finisher"],"picked":"Well Laid Plans"},{"not_picked":["Deadly Poison","Sucker Punch"],"picked":"Slice"},{"not_picked":["Cloak And Dagger","Well Laid Plans"],"picked":"After Image"},{"not_picked":["Finisher","Cloak And Dagger"],"picked":"Noxious Fumes"},{"not_picked":["Sucker Punch","Dodge and Roll"],"picked":"Noxious Fumes"},{"not_picked":["Deadly Poison","Finisher"],"picked":"Prepared"},{"not_picked":["Dodge and Roll","Calculated Gamble"],"picked":"Terror"},{"not_picked":["Underhanded Strike","Dodge and Roll"],"picked":"After Image"},{"not_picked":["Night Terror","Wraith Form"],"picked":"Die Die Die"},{"not_picked":["Endless Agony","Skewer"],"picked":"Outmaneuver"},{"not_picked":["Reflex","Finisher"],"picked":"Backflip"},{"not_picked":["Escape Plan","Reflex"],"picked":"PiercingWail"},{"not_picked":["PiercingWail","Dagger Throw"],"picked":"Cloak And Dagger"},{"not_picked":["Bane","Flying Knee"],"picked":"Dash"},{"not_picked":["Quick Slash","Prepared"],"picked":"Backflip"},{"not_picked":["Endless Agony","Acrobatics"],"picked":"Underhanded Strike"},{"not_picked":["Backflip","Masterful Stab"],"picked":"Catalyst"},{"not_picked":["Caltrops","Underhanded Strike"],"picked":"Crippling Poison"},{"not_picked":["Backflip","Deadly Poison"],"picked":"Quick Slash"},{"not_picked":["Finisher","Deadly Poison"],"picked":"Flying Knee"}],"player_experience":59499,"potions_floor_usage":[6,14,16,25,27,33,41,50,50,50],"damage_taken":[{"damage":0,"enemies":"Small Slimes","floor":1,"turns":5},{"damage":0,"enemies":"Cultist","floor":4,"turns":4},{"damage":0,"enemies":"Jaw Worm","floor":5,"turns":6},{"damage":58,"enemies":"Gremlin Nob","floor":6,"turns":6},{"damage":1,"enemies":"Large Slime","floor":11,"turns":9},{"damage":0,"enemies":"2 Fungi Beasts","floor":13,"turns":3},{"damage":18,"enemies":"Gremlin Gang","floor":14,"turns":5},{"damage":42,"enemies":"Slime Boss","floor":16,"turns":26},{"damage":1,"enemies":"3 Byrds","floor":18,"turns":8},{"damage":0,"enemies":"Spheric Guardian","floor":19,"turns":7},{"damage":8,"enemies":"Snecko","floor":22,"turns":7},{"damage":42,"enemies":"Gremlin Leader","floor":24,"turns":9},{"damage":14,"enemies":"Snake Plant","floor":25,"turns":6},{"damage":3,"enemies":"3 Cultists","floor":27,"turns":6},{"damage":11,"enemies":"Snecko","floor":28,"turns":6},{"damage":10,"enemies":"Champ","floor":33,"turns":12},{"damage":14,"enemies":"3 Darklings","floor":35,"turns":7},{"damage":3,"enemies":"3 Shapes","floor":37,"turns":5},{"damage":27,"enemies":"Maw","floor":39,"turns":9},{"damage":11,"enemies":"3 Darklings","floor":41,"turns":4},{"damage":11,"enemies":"4 Shapes","floor":42,"turns":8},{"damage":16,"enemies":"Sphere and 2 Shapes","floor":45,"turns":6},{"damage":3,"enemies":"3 Darklings","floor":46,"turns":6},{"damage":15,"enemies":"Maw","floor":48,"turns":9},{"damage":84,"enemies":"Donu and Deca","floor":50,"turns":12}],"event_choices":[{"event_name":"Scrap Ooze","player_choice":"success","floor":2,"damage_taken":3},{"event_name":"World of Goop","player_choice":"Gather Gold","floor":3,"damage_taken":0},{"event_name":"The Joust","player_choice":"Bet on Murderer","floor":20,"damage_taken":0},{"event_name":"The Library","player_choice":"Read","floor":29,"damage_taken":0},{"event_name":"Back to Basics","player_choice":"Simplicity","floor":30,"damage_taken":0}],"boss_relics":[{"not_picked":["Tiny House","The Specimen"],"picked":"Velvet Choker"},{"not_picked":["Black Star","Sozu"],"picked":"Lizard Tail"}],"potions_floor_spawned":[5,6,14,22,24,28,33,37,41,48],"seed_played":"-8229820215568898304","ascension_level":0,"is_trial":false}