{"path_per_floor":["M","?","?","M","M","R","M","M","T","R","E","R","?","M","R","B",null,"M","$","M","$","M","R","M","?","T","R","?","$","?","M","R","B",null,"M","M","M","M","$"],"character_chosen":"THE_SILENT","items_purchased":["Infinite Blades","Deep Breath","Noxious Fumes","Secret Technique","Thread and Needle","Bag of Marbles"],"gold_per_floor":[18,18,18,37,52,52,77,92,392,392,430,430,430,449,449,579,579,592,417,436,115,131,131,147,347,374,374,374,59,59,76,76,180,180,197,208,228,247,92],"floor_reached":40,"campfire_rested":2,"playtime":3011,"current_hp_per_floor":[68,51,51,51,50,50,50,49,49,49,48,48,41,38,38,23,70,54,54,54,54,4,25,4,4,4,4,4,4,4,9,30,29,70,69,70,66,43,43],"items_purged":["Strike_G"],"gold":92,"play_id":"9db42a94-365a-4cae-a4d2-2d76c34c9cd6","is_prod":false,"is_daily":false,"is_ascension_mode":false,"campfire_upgraded":5,"path_taken":["M","?","?","M","M","R","M","M","T","R","E","R","?","?","R","BOSS","M","$","M","$","M","R","M","?","T","R","?","?","?","?","R","BOSS","M","M","M","M","$","E"],"build_version":"2018-02-01-PROD3","purchased_purges":1,"victory":false,"master_deck":["Defend_G","Defend_G","Defend_G","Defend_G","Strike_G","Strike_G","Strike_G","Strike_G","Survivor","Neutralize+1","Tools of the Trade+1","Distraction","Escape Plan","Dash+1","Backflip","Escape Plan","Flying Knee","Bouncing Flask+1","A Thousand Cuts","Infinite Blades","Noxious Fumes","Dash+1","Dagger Spray+1","Flying Knee","Infinite Blades","Deep Breath","Noxious Fumes","Secret Technique","Deadly Poison+1","After Image","Skewer+1","Outmaneuver+1","Blade Dance+1"],"max_hp_per_floor":[70,70,70,70,70,70,70,70,70,70,70,70,70,70,70,70,70,70,70,70,70,70,70,70,70,70,70,70,70,70,70,70,70,70,70,70,70,70,70],"relics":["Ring of the Snake","Bloody Idol","Old Coin","Happy Flower","Orrery","Omamori","Thread and Needle","Velvet Choker","Bag of Marbles"],"card_choices":[{"not_picked":["After Image","Corpse Explosion"],"picked":"Tools of the Trade"},{"not_picked":["Choke","Masterful Stab"],"picked":"Distraction"},{"not_picked":["Sucker Punch","Endless Agony"],"picked":"Escape Plan"},{"not_picked":["Slice","Malaise"],"picked":"Dash"},{"not_picked":["Concentrate","Poisoned Stab"],"picked":"Backflip"},{"not_picked":["Bane","Outmaneuver"],"picked":"Escape Plan"},{"not_picked":["Tools of the Trade","PiercingWail"],"picked":"Flying Knee"},{"not_picked":["Prepared","Deadly Poison"],"picked":"Bouncing Flask"},{"not_picked":["Tools of the Trade","Wraith Form"],"picked":"A Thousand Cuts"},{"not_picked":["Acrobatics","Quick Slash"],"picked":"Infinite Blades"},{"not_picked":["Flying Knee","Slice"],"picked":"Noxious Fumes"},{"not_picked":["Poisoned Stab","PiercingWail"],"picked":"Dash"},{"not_picked":["Flying Knee","Quick Slash"],"picked":"Dagger Spray"},{"not_picked":["Bane","Crippling Poison"],"picked":"Flying Knee"},{"not_picked":["Underhanded Strike","Eviscerate"],"picked":"Deadly Poison"},{"not_picked":["Die Die Die","Venomology"],"picked":"After Image"},{"not_picked":["Slice","PiercingWail"],"picked":"Skewer"},{"not_picked":["Deflect","All Out Attack"],"picked":"Outmaneuver"},{"not_picked":["Backflip","All Out Attack"],"picked":"Blade Dance"}],"player_experience":252205,"potions_floor_usage":[11,11,33],"damage_taken":[{"damage":2,"enemies":"2 Louse","floor":1,"turns":3},{"damage":0,"enemies":"Small Slimes","floor":4,"turns":4},{"damage":1,"enemies":"Jaw Worm","floor":5,"turns":8},{"damage":0,"enemies":"Exordium Wildlife","floor":7,"turns":6},{"damage":1,"enemies":"3 Louse","floor":8,"turns":5},{"damage":1,"enemies":"Gremlin Nob","floor":11,"turns":4},{"damage":3,"enemies":"2 Fungi Beasts","floor":14,"turns":4},{"damage":15,"enemies":"The Guardian","floor":16,"turns":11},{"damage":16,"enemies":"Spheric Guardian","floor":18,"turns":4},{"damage":0,"enemies":"3 Byrds","floor":20,"turns":4},{"damage":50,"enemies":"3 Cultists","floor":22,"turns":6},{"damage":21,"enemies":"Snecko","floor":24,"turns":6},{"damage":0,"enemies":"Sentry and Sphere","floor":31,"turns":4},{"damage":6,"enemies":"Champ","floor":33,"turns":12},{"damage":6,"enemies":"Orb Walker","floor":35,"turns":4},{"damage":3,"enemies":"3 Shapes","floor":36,"turns":4},{"damage":9,"enemies":"Sphere and 2 Shapes","floor":37,"turns":5},{"damage":28,"enemies":"Maw","floor":38,"turns":7},{"damage":64,"enemies":"Giant Head","floor":40,"turns":9}],"event_choices":[{"event_name":"Golden Idol","player_choice":"Take Damage","floor":2,"damage_taken":0},{"event_name":"The Cleric","player_choice":"Leave","floor":3,"damage_taken":0},{"event_name":"Golden Wing","player_choice":"Card Removal","floor":13,"damage_taken":0},{"event_name":"The Joust","player_choice":"Bet on Owner","floor":25,"damage_taken":0},{"event_name":"Upgrade Shrine","player_choice":"Upgraded","floor":28,"damage_taken":0},{"event_name":"Forgotten Altar","player_choice":"Gave Idol","floor":30,"damage_taken":0}],"boss_relics":[{"not_picked":["Snecko Eye","Question Card"],"picked":"Orrery"},{"not_picked":["Calling Bell","White Beast Statue"],"picked":"Velvet Choker"}],"potions_floor_spawned":[1,4,5,11,16,18,22,24,31,36,37],"seed_played":"-1616981030074643442","killed_by":"Giant Head","ascension_level":0,"is_trial":false}