{"path_per_floor":["M","M","$","M","M","R","E","M","T","M","?","M","T","?","R","B",null,"M","M","$","?","M","R","M","R","T","T","M","M","M","?","R"],"character_chosen":"THE_SILENT","items_purchased":["Terror","Deadly Poison","Deadly Poison"],"gold_per_floor":[109,122,33,45,63,63,95,107,107,124,124,139,139,139,139,234,234,249,267,144,144,157,157,174,174,199,222,242,252,271,271,271],"floor_reached":33,"campfire_rested":4,"playtime":3034,"current_hp_per_floor":[67,65,65,65,62,62,52,46,46,42,42,42,42,42,63,14,70,45,47,47,38,14,36,6,28,28,28,37,33,19,19,41],"items_purged":["Strike_G"],"gold":271,"play_id":"75fd9f88-7164-4f19-961b-cc0bd70aaf2d","is_prod":false,"is_daily":false,"is_ascension_mode":false,"campfire_upgraded":1,"path_taken":["M","M","$","?","M","R","E","M","T","M","?","M","?","?","R","BOSS","M","M","$","?","M","R","?","R","T","?","M","M","M","?","R","BOSS"],"build_version":"2018-02-01-PROD3","purchased_purges":1,"victory":false,"master_deck":["Defend_G","Defend_G","Defend_G","Defend_G","Defend_G","Strike_G","Strike_G","Survivor","Neutralize","Outmaneuver","Deadly Poison+1","Terror","Deadly Poison","Distraction","Poisoned Stab","Backflip","Venomology","Deadly Poison+1","Deadly Poison","Dodge and Roll+1","Malaise","Blade Dance+1"],"max_hp_per_floor":[70,70,70,70,70,70,70,70,70,70,70,70,70,70,70,70,70,70,70,70,75,75,75,75,75,75,75,75,75,75,75,75],"relics":["Ring of the Snake","Anchor","Vajra","Shovel","Lizard Tail","Snake Skull","Omamori","Oddly Smooth Stone"],"card_choices":[{"not_picked":["Deadly Poison","Calculated Gamble"],"picked":"Outmaneuver"},{"not_picked":["Prepared","Deflect"],"picked":"Deadly Poison"},{"not_picked":["Prepared","Riddle With Holes"],"picked":"Distraction"},{"not_picked":["Dagger Throw","Unload"],"picked":"Poisoned Stab"},{"not_picked":["Heel Hook","Outmaneuver"],"picked":"Backflip"},{"not_picked":["A Thousand Cuts","Phantasmal Killer"],"picked":"Venomology"},{"not_picked":["Flying Knee","Deflect"],"picked":"Deadly Poison"},{"not_picked":["Terror","Well Laid Plans"],"picked":"Dodge and Roll"},{"not_picked":["Outmaneuver","Deflect"],"picked":"Malaise"},{"not_picked":["Flying Knee","Prepared"],"picked":"Blade Dance"}],"player_experience":46533,"potions_floor_usage":[7,8,12,16,19,19,22,22,24,28,28,29,30,33,33],"damage_taken":[{"damage":3,"enemies":"Blue Slaver","floor":1,"turns":5},{"damage":2,"enemies":"Jaw Worm","floor":2,"turns":6},{"damage":0,"enemies":"2 Louse","floor":4,"turns":3},{"damage":3,"enemies":"Large Slime","floor":5,"turns":9},{"damage":10,"enemies":"Lagavulin","floor":7,"turns":6},{"damage":6,"enemies":"Exordium Wildlife","floor":8,"turns":4},{"damage":4,"enemies":"Red Slaver","floor":10,"turns":4},{"damage":0,"enemies":"Lots of Slimes","floor":12,"turns":2},{"damage":49,"enemies":"Slime Boss","floor":16,"turns":17},{"damage":25,"enemies":"3 Byrds","floor":18,"turns":5},{"damage":7,"enemies":"Shell Parasite","floor":19,"turns":5},{"damage":24,"enemies":"Centurion and Healer","floor":22,"turns":9},{"damage":30,"enemies":"Chosen and Byrds","floor":24,"turns":8},{"damage":47,"enemies":"3 Cultists","floor":28,"turns":7},{"damage":13,"enemies":"Sentry and Sphere","floor":29,"turns":6},{"damage":14,"enemies":"Snake Plant","floor":30,"turns":4},{"damage":42,"enemies":"Champ","floor":33,"turns":8}],"event_choices":[{"event_name":"Living Wall","player_choice":"Forget","floor":11,"damage_taken":0},{"event_name":"Bonfire Elementals","player_choice":"BASIC","floor":14,"damage_taken":0},{"event_name":"Forgotten Altar","player_choice":"Shed Blood","floor":21,"damage_taken":0},{"event_name":"The Mausoleum","player_choice":"Yes","floor":31,"damage_taken":0}],"boss_relics":[{"not_picked":["Cursed Key","Philosopher\u0027s Stone"],"picked":"Lizard Tail"}],"potions_floor_spawned":[4,5,7,10,19,22,29,30],"seed_played":"-1843728430599736298","killed_by":"Champ","ascension_level":0,"is_trial":false}