{"path_per_floor":["M","?","$","?","M","R","E","M","T","M","M","M","M","M","R","B",null,"M","$","M","M"],"character_chosen":"THE_SILENT","items_purchased":["Deflect","Bane","Well Laid Plans","Deadly Poison","Secret Technique","Regen Potion"],"gold_per_floor":[116,116,44,219,236,236,266,284,339,356,371,385,404,418,418,519,519,531,105,88,106],"floor_reached":22,"campfire_rested":1,"playtime":1759,"current_hp_per_floor":[70,67,67,67,67,67,40,40,40,40,38,38,38,32,53,25,70,46,46,35,40],"items_purged":["Doubt"],"gold":106,"play_id":"8c526da3-76b8-49d3-be14-959e75dc7b1a","is_prod":false,"is_daily":false,"is_ascension_mode":false,"campfire_upgraded":1,"path_taken":["M","?","$","?","M","R","E","M","T","?","M","M","M","?","R","BOSS","M","$","M","?","M"],"build_version":"2018-01-25-PROD3","purchased_purges":1,"victory":false,"master_deck":["Defend_G","Defend_G","Defend_G","Defend_G","Defend_G","Strike_G","Strike_G","Strike_G","Strike_G","Strike_G","Survivor","Neutralize","Sucker Punch","Deflect","Bane","Bouncing Flask+1","Bouncing Flask","Prepared","Footwork","Blur","Wraith Form","Malaise","Noxious Fumes","Bullet Time","Deflect","Flying Knee","Predator","Backflip","Bouncing Flask","Blade Dance","Well Laid Plans","Deadly Poison","Secret Technique","Outmaneuver","Corpse Explosion"],"max_hp_per_floor":[70,70,70,70,70,70,70,70,70,70,70,70,70,70,70,70,70,70,70,70,70],"relics":["Ring of the Snake","Snake Skull","Smiling Mask","Lantern","Orrery"],"card_choices":[{"not_picked":["Dagger Throw","Calculated Gamble"],"picked":"Sucker Punch"},{"not_picked":["Quick Slash","Poisoned Stab"],"picked":"Bouncing Flask"},{"not_picked":["Eviscerate","Underhanded Strike"],"picked":"Bouncing Flask"},{"not_picked":["Quick Slash","Predator"],"picked":"Prepared"},{"not_picked":["Heel Hook","Poisoned Stab"],"picked":"Footwork"},{"not_picked":["Bane","Flechettes"],"picked":"Blur"},{"not_picked":["Outmaneuver","Crippling Poison"],"picked":"Wraith Form"},{"not_picked":["Quick Slash","Escape Plan"],"picked":"Malaise"},{"not_picked":["Prepared","Quick Slash"],"picked":"Noxious Fumes"},{"not_picked":["Unload","Wraith Form"],"picked":"Bullet Time"},{"not_picked":["Calculated Gamble","Blur"],"picked":"Deflect"},{"not_picked":["Underhanded Strike","Predator"],"picked":"Flying Knee"},{"not_picked":["Blade Dance","Deflect"],"picked":"Predator"},{"not_picked":["Sucker Punch","Underhanded Strike"],"picked":"Backflip"},{"not_picked":["Finisher","Flying Knee"],"picked":"Bouncing Flask"},{"not_picked":["Acrobatics","Skewer"],"picked":"Blade Dance"},{"not_picked":["Deflect","PiercingWail"],"picked":"Outmaneuver"},{"not_picked":["Noxious Fumes","Endless Agony"],"picked":"Corpse Explosion"}],"player_experience":35129,"potions_floor_usage":[7,14,16,16,20,21],"damage_taken":[{"damage":0,"enemies":"Cultist","floor":1,"turns":4},{"damage":0,"enemies":"Jaw Worm","floor":5,"turns":5},{"damage":27,"enemies":"3 Sentries","floor":7,"turns":10},{"damage":0,"enemies":"2 Louse","floor":8,"turns":3},{"damage":0,"enemies":"Red Slaver","floor":10,"turns":4},{"damage":2,"enemies":"Lots of Slimes","floor":11,"turns":5},{"damage":0,"enemies":"Large Slime","floor":12,"turns":4},{"damage":0,"enemies":"Exordium Wildlife","floor":13,"turns":4},{"damage":6,"enemies":"3 Louse","floor":14,"turns":6},{"damage":28,"enemies":"Slime Boss","floor":16,"turns":9},{"damage":24,"enemies":"Chosen","floor":18,"turns":5},{"damage":23,"enemies":"2 Thieves","floor":20,"turns":4},{"damage":7,"enemies":"Snake Plant","floor":21,"turns":4},{"damage":51,"enemies":"3 Cultists","floor":22,"turns":4}],"event_choices":[{"event_name":"Scrap Ooze","player_choice":"success","floor":2,"damage_taken":3},{"event_name":"Liars Game","player_choice":"agreed","floor":4,"damage_taken":0}],"boss_relics":[{"not_picked":["Calling Bell","Question Card"],"picked":"Orrery"}],"potions_floor_spawned":[5,8,12,14,20],"seed_played":"7718535642912661207","killed_by":"3 Cultists","ascension_level":0,"is_trial":false}