{"path_per_floor":["M","?","M","$","M","E","M","?","T","R","E","R","$","M","R","B",null,"M","?","M","$","M","E","M","M","T","$","E","M","E","M","R","B",null,"M","M","?","M","?","E","R","$","T","M","R","M","?","M","R","B"],"character_chosen":"THE_SILENT","items_purchased":["Letter Opener","Backflip","Backflip","Reflex","Footwork","Prepared","Dodecahedron"],"gold_per_floor":[368,368,386,17,42,83,97,97,97,97,137,137,14,38,38,161,161,182,182,200,122,146,180,196,219,219,23,59,84,123,144,144,274,274,292,311,311,324,324,367,367,68,68,87,87,112,212,225,225,225],"floor_reached":51,"campfire_rested":3,"playtime":9247,"current_hp_per_floor":[67,50,50,50,50,24,24,11,11,31,43,43,43,43,43,33,67,66,66,66,66,35,21,19,18,18,18,17,17,6,6,26,1,67,67,67,67,67,67,66,66,66,66,66,67,67,67,67,67,67],"items_purged":["Parasite","Strike_G","Defend_G"],"gold":225,"play_id":"e1b4992c-1994-4d3d-a939-928a48ea683b","is_prod":false,"is_daily":false,"is_ascension_mode":false,"campfire_upgraded":4,"path_taken":["M","?","M","$","M","E","M","?","T","R","E","R","$","M","R","BOSS","M","?","M","?","M","E","M","M","T","$","E","M","E","M","R","BOSS","M","M","?","M","?","E","R","$","T","M","R","M","?","M","R","BOSS"],"build_version":"2018-01-25-PROD3","purchased_purges":4,"victory":true,"master_deck":["Defend_G","Defend_G","Defend_G","Defend_G","Strike_G+1","Strike_G+1","Strike_G+1","Survivor","Neutralize+1","Dash+1","Dash","Backflip","Escape Plan","Blur","Escape Plan","Cloak And Dagger","Backflip","Prepared+1","Doppelganger","Deadly Poison","Reflex","Reflex","Well Laid Plans","Well Laid Plans","Caltrops+1","Footwork+1","Calculated Gamble+1","After Image","Backflip+1","Backflip+1","Burst","Prepared","Prepared","Distraction+1"],"max_hp_per_floor":[70,70,70,67,67,67,67,67,67,67,67,67,67,67,67,67,67,67,67,67,67,67,67,67,67,67,67,67,67,67,67,67,67,67,67,67,67,67,67,67,67,67,67,67,67,67,67,67,67,67],"relics":["Ring of the Snake","Golden Idol","Letter Opener","Whetstone","Torii","Ginger","Sozu","Ancient Tea Set","Anchor","Vajra","Tough Bandages","Shuriken","Orrery","Snake Skull","Dodecahedron","Bottled Lightning"],"card_choices":[{"not_picked":["Prepared","Dagger Spray"],"picked":"Dash"},{"not_picked":["Dagger Spray","Poisoned Stab"],"picked":"Dash"},{"not_picked":["Outmaneuver","Skewer"],"picked":"Escape Plan"},{"not_picked":["Sucker Punch","Finisher"],"picked":"Blur"},{"not_picked":["Outmaneuver","Bouncing Flask"],"picked":"Escape Plan"},{"not_picked":["Quick Slash","Dagger Throw"],"picked":"Cloak And Dagger"},{"not_picked":["Dagger Throw","Deadly Poison"],"picked":"Prepared"},{"not_picked":["Storm of Steel","Bullet Time"],"picked":"Doppelganger"},{"not_picked":["Accuracy","Dagger Spray"],"picked":"Deadly Poison"},{"not_picked":["Dagger Spray","Catalyst"],"picked":"Reflex"},{"not_picked":["Dagger Throw","Cloak And Dagger"],"picked":"Well Laid Plans"},{"not_picked":["Slice","Deadly Poison"],"picked":"Well Laid Plans"},{"not_picked":["Bane","Flying Knee"],"picked":"Caltrops"},{"not_picked":["Endless Agony","Deflect"],"picked":"Calculated Gamble"},{"not_picked":["Venomology","Glass Knife"],"picked":"After Image"},{"not_picked":["Deflect","Predator"],"picked":"Backflip"},{"not_picked":["Well Laid Plans","Eviscerate"],"picked":"Backflip"},{"not_picked":["Dagger Spray","Catalyst"],"picked":"Burst"},{"not_picked":["Quick Slash","Dagger Spray"],"picked":"Prepared"},{"not_picked":["Flying Knee","Eviscerate"],"picked":"Distraction"}],"player_experience":88139,"potions_floor_usage":[11,11,16],"damage_taken":[{"damage":3,"enemies":"Small Slimes","floor":1,"turns":5},{"damage":0,"enemies":"Jaw Worm","floor":3,"turns":5},{"damage":0,"enemies":"2 Louse","floor":5,"turns":4},{"damage":26,"enemies":"Gremlin Nob","floor":6,"turns":5},{"damage":0,"enemies":"Large Slime","floor":7,"turns":5},{"damage":3,"enemies":"3 Sentries","floor":11,"turns":7},{"damage":0,"enemies":"Looter","floor":14,"turns":3},{"damage":10,"enemies":"The Guardian","floor":16,"turns":16},{"damage":1,"enemies":"Spheric Guardian","floor":18,"turns":4},{"damage":0,"enemies":"Shell Parasite","floor":20,"turns":6},{"damage":31,"enemies":"Chosen and Byrds","floor":22,"turns":10},{"damage":14,"enemies":"Slavers","floor":23,"turns":7},{"damage":2,"enemies":"Snecko","floor":24,"turns":7},{"damage":1,"enemies":"Snake Plant","floor":25,"turns":6},{"damage":1,"enemies":"Gremlin Leader","floor":28,"turns":9},{"damage":0,"enemies":"3 Cultists","floor":29,"turns":6},{"damage":11,"enemies":"Slavers","floor":30,"turns":5},{"damage":0,"enemies":"Slaver and Parasite","floor":31,"turns":7},{"damage":25,"enemies":"Collector","floor":33,"turns":13},{"damage":0,"enemies":"3 Darklings","floor":35,"turns":6},{"damage":0,"enemies":"Orb Walker","floor":36,"turns":5},{"damage":0,"enemies":"4 Shapes","floor":38,"turns":6},{"damage":1,"enemies":"Nemesis","floor":40,"turns":13},{"damage":0,"enemies":"Sphere and 2 Shapes","floor":44,"turns":5},{"damage":0,"enemies":"3 Darklings","floor":46,"turns":3},{"damage":0,"enemies":"4 Shapes","floor":48,"turns":5},{"damage":0,"enemies":"Donu and Deca","floor":50,"turns":15}],"event_choices":[{"event_name":"Golden Idol","player_choice":"Take Damage","floor":2,"damage_taken":0},{"event_name":"Shining Light","player_choice":"Entered Light","floor":8,"damage_taken":0},{"event_name":"The Mausoleum","player_choice":"Yes","floor":19,"damage_taken":0},{"event_name":"Mysterious Sphere","player_choice":"Ignore","floor":39,"damage_taken":0},{"event_name":"Golden Shrine","player_choice":"Pray","floor":47,"damage_taken":0}],"boss_relics":[{"not_picked":["The Specimen","Astrolabe"],"picked":"Sozu"},{"not_picked":["Runic Dome","Tiny House"],"picked":"Orrery"}],"potions_floor_spawned":[5,6,14,16,18,22,29,30,31,33,35,40,46],"seed_played":"-5032145648072060576","ascension_level":0,"is_trial":false}