{"path_per_floor":["M","$","M","M","M","E","R","?","T","E","?","E","$","M","R","B",null,"M","$","?","M","M"],"character_chosen":"THE_SILENT","items_purchased":["Footwork","Toolbox","Bouncing Flask"],"gold_per_floor":[115,39,58,69,80,409,409,509,536,566,566,601,526,543,543,648,648,664,222,222,235,255],"floor_reached":23,"campfire_rested":1,"playtime":2240,"current_hp_per_floor":[68,68,68,68,68,40,40,40,40,31,17,12,12,12,33,19,70,50,50,34,34,13],"items_purged":["Strike_G","Strike_G"],"gold":255,"play_id":"4ef81f45-1f4d-4014-8dfc-bf84ae61fdc2","is_prod":false,"is_daily":false,"is_ascension_mode":true,"campfire_upgraded":1,"path_taken":["M","$","M","M","M","E","R","?","T","E","?","E","?","M","R","BOSS","M","$","?","M","M","E"],"build_version":"2018-01-25-PROD3","purchased_purges":2,"victory":false,"master_deck":["Defend_G","Defend_G","Strike_G+1","Strike_G+1","Survivor","Neutralize+1","Deflect","Footwork","Footwork","Dagger Spray","Backflip","Backflip","Dagger Throw","Die Die Die","Footwork","Footwork+1","Corpse Explosion+1","Deadly Poison+1","Bouncing Flask+1","Bouncing Flask","Calculated Gamble"],"max_hp_per_floor":[70,70,70,70,70,70,70,70,70,70,70,70,70,70,70,70,70,70,70,70,70,70],"relics":["Ring of the Snake","Old Coin","Bag of Marbles","Du-Vu Doll","Bag of Preparation","Astrolabe","Toolbox","Nilry\u0027s Codex"],"card_choices":[{"not_picked":["Eviscerate","Infinite Blades"],"picked":"Footwork"},{"not_picked":["Deflect","PiercingWail"],"picked":"Dagger Spray"},{"not_picked":["Deadly Poison","Slice"],"picked":"Backflip"},{"not_picked":["Outmaneuver","PiercingWail"],"picked":"Backflip"},{"not_picked":["Cloak And Dagger","Prepared"],"picked":"Dagger Throw"},{"not_picked":["Doppelganger","Eviscerate"],"picked":"Die Die Die"},{"not_picked":["Malaise","Flechettes"],"picked":"Footwork"},{"not_picked":["All Out Attack","Masterful Stab"],"picked":"Bouncing Flask"},{"not_picked":["Dagger Spray","Slice"],"picked":"Calculated Gamble"}],"player_experience":70501,"potions_floor_usage":[10,18,23,23,23,23],"damage_taken":[{"damage":2,"enemies":"Jaw Worm","floor":1,"turns":4},{"damage":0,"enemies":"Blue Slaver","floor":3,"turns":6},{"damage":0,"enemies":"Cultist","floor":4,"turns":4},{"damage":0,"enemies":"Large Slime","floor":5,"turns":7},{"damage":28,"enemies":"Lagavulin","floor":6,"turns":17},{"damage":24,"enemies":"3 Sentries","floor":10,"turns":8},{"damage":5,"enemies":"Lagavulin","floor":12,"turns":9},{"damage":0,"enemies":"Exordium Wildlife","floor":14,"turns":1},{"damage":14,"enemies":"The Guardian","floor":16,"turns":13},{"damage":20,"enemies":"2 Thieves","floor":18,"turns":4},{"damage":0,"enemies":"Spheric Guardian","floor":21,"turns":3},{"damage":21,"enemies":"Chosen and Byrds","floor":22,"turns":9},{"damage":22,"enemies":"Book of Stabbing","floor":23,"turns":6}],"event_choices":[{"event_name":"Golden Shrine","player_choice":"Pray","floor":8,"damage_taken":0},{"event_name":"Shining Light","player_choice":"Entered Light","floor":11,"damage_taken":0},{"event_name":"Cursed Tome","player_choice":"Obtained Book","floor":20,"damage_taken":0}],"boss_relics":[{"not_picked":["White Beast Statue","Lizard Tail"],"picked":"Astrolabe"}],"potions_floor_spawned":[1,5,12,14,16,22],"seed_played":"7898057569354798308","killed_by":"Book of Stabbing","ascension_level":1,"is_trial":false}