{"path_per_floor":["M","?","?","$","?","E","R","M","T","$","E","$","?","E","R","B",null,"M","M","$","?","?","R","E","M","T","?","R","M","?","M","R","B",null,"M","?","?","M","M","R","M","R","T","M","R","?","$","M","R","B"],"character_chosen":"THE_SILENT","items_purchased":["Dash","Noxious Fumes"],"gold_per_floor":[118,118,118,44,44,71,71,90,90,15,50,50,105,131,131,231,231,241,252,71,71,71,71,106,126,152,152,152,164,79,93,93,195,195,210,210,210,230,245,245,258,258,335,346,346,346,221,232,232,232],"floor_reached":51,"campfire_rested":4,"playtime":2709,"current_hp_per_floor":[70,63,63,63,63,63,63,63,63,63,63,63,62,46,70,29,70,63,54,54,38,38,70,67,67,67,54,54,43,43,25,62,74,75,75,75,75,75,61,61,47,75,85,80,80,80,80,80,80,58],"items_purged":["Strike_G","Strike_G","Deadly Poison"],"gold":232,"score":659,"play_id":"bf7d305f-359e-417d-8c34-fd6b81258f2d","is_prod":false,"is_daily":false,"is_ascension_mode":true,"campfire_upgraded":5,"path_taken":["M","?","?","$","?","E","R","M","T","$","E","?","?","E","R","BOSS","M","M","$","?","?","R","E","?","T","?","R","M","?","?","R","BOSS","M","?","?","M","M","R","M","R","T","M","R","?","$","?","R","BOSS"],"build_version":"2018-02-15-PROD1","purchased_purges":4,"victory":true,"master_deck":["Defend_G","Defend_G","Defend_G","Defend_G","Defend_G","Survivor","Neutralize","Blur","Dash+1","Noxious Fumes+1","Blur","Sucker Punch","Dagger Spray","Phantasmal Killer","PiercingWail","Backflip","Noxious Fumes+1","Necronomicurse","Bane","Dodge and Roll+1","Footwork+1","Burst","Envenom+1","Heel Hook+1","Dash+1","Footwork+1"],"max_hp_per_floor":[70,70,70,70,70,70,70,70,70,70,70,70,70,70,70,70,70,70,70,70,70,70,70,70,70,70,75,75,75,75,75,75,75,75,75,75,75,75,75,75,75,75,85,85,85,85,85,85,85,85],"relics":["Ring of the Snake","NeowsBlessing","Lantern","Oddly Smooth Stone","Pen Nib","Regal Pillow","Tough Bandages","Bronze Scales","Velvet Choker","Necronomicon","Pantograph","Happy Flower","Omamori","Astrolabe","Pear"],"card_choices":[{"not_picked":["Backstab","Underhanded Strike"],"picked":"Blur"},{"not_picked":["Deadly Poison","All Out Attack"],"picked":"Noxious Fumes"},{"not_picked":["Escape Plan","Prepared"],"picked":"Blur"},{"not_picked":["Bane","Doppelganger"],"picked":"Sucker Punch"},{"not_picked":["Outmaneuver","Bane"],"picked":"Dagger Spray"},{"not_picked":["Eviscerate","Dagger Spray"],"picked":"Cloak And Dagger"},{"not_picked":["Tactician","Wraith Form"],"picked":"Phantasmal Killer"},{"not_picked":["Slice","Flechettes"],"picked":"PiercingWail"},{"not_picked":["Dagger Spray","PiercingWail"],"picked":"Backflip"},{"not_picked":["Eviscerate","Quick Slash"],"picked":"Bane"},{"not_picked":["Crippling Poison","Outmaneuver"],"picked":"Dodge and Roll"},{"not_picked":["Choke","Slice"],"picked":"Footwork"},{"not_picked":["Phantasmal Killer","Doppelganger"],"picked":"Burst"},{"not_picked":["Catalyst","Deadly Poison"],"picked":"Dash"},{"not_picked":["Acrobatics","Well Laid Plans"],"picked":"Footwork"}],"player_experience":232833,"potions_floor_usage":[18,50],"damage_taken":[{"damage":0,"enemies":"Jaw Worm","floor":1,"turns":1},{"damage":0,"enemies":"Gremlin Nob","floor":6,"turns":1},{"damage":0,"enemies":"Small Slimes","floor":8,"turns":1},{"damage":0,"enemies":"Lagavulin","floor":11,"turns":8},{"damage":1,"enemies":"Lagavulin Event","floor":13,"turns":7},{"damage":16,"enemies":"Gremlin Nob","floor":14,"turns":5},{"damage":41,"enemies":"Slime Boss","floor":16,"turns":11},{"damage":7,"enemies":"Spheric Guardian","floor":18,"turns":5},{"damage":9,"enemies":"2 Thieves","floor":19,"turns":4},{"damage":3,"enemies":"Gremlin Leader","floor":24,"turns":6},{"damage":0,"enemies":"Centurion and Healer","floor":25,"turns":6},{"damage":11,"enemies":"Cultist and Chosen","floor":29,"turns":6},{"damage":18,"enemies":"Snecko","floor":31,"turns":7},{"damage":1,"enemies":"Champ","floor":33,"turns":13},{"damage":0,"enemies":"Orb Walker","floor":35,"turns":4},{"damage":0,"enemies":"3 Darklings","floor":38,"turns":5},{"damage":14,"enemies":"4 Shapes","floor":39,"turns":7},{"damage":14,"enemies":"Sphere and 2 Shapes","floor":41,"turns":7},{"damage":5,"enemies":"Maw","floor":44,"turns":9},{"damage":0,"enemies":"3 Darklings","floor":48,"turns":6},{"damage":27,"enemies":"Awakened One","floor":50,"turns":16}],"event_choices":[{"event_name":"Scrap Ooze","player_choice":"success","floor":2,"damage_taken":7},{"event_name":"Liars Game","player_choice":"disagreed","floor":3,"damage_taken":0},{"event_name":"Bonfire Elementals","player_choice":"BASIC","floor":5,"damage_taken":0},{"event_name":"Dead Adventurer","player_choice":"Searched \u00272\u0027 times","floor":13,"damage_taken":0},{"event_name":"Cursed Tome","player_choice":"Obtained Book","floor":21,"damage_taken":0},{"event_name":"Beggar","player_choice":"Ignored","floor":22,"damage_taken":0},{"event_name":"Forgotten Altar","player_choice":"Shed Blood","floor":27,"damage_taken":0},{"event_name":"Addict","player_choice":"Obtained Relic","floor":30,"damage_taken":0},{"event_name":"Tomb of Lord Red Mask","player_choice":"Ignored","floor":36,"damage_taken":0},{"event_name":"Mysterious Sphere","player_choice":"Ignore","floor":37,"damage_taken":0},{"event_name":"Accursed Blacksmith","player_choice":"Ignore","floor":46,"damage_taken":0}],"boss_relics":[{"not_picked":["Philosopher\u0027s Stone","Calling Bell"],"picked":"Velvet Choker"},{"not_picked":["Lizard Tail","Tiny House"],"picked":"Astrolabe"}],"potions_floor_spawned":[1,6,11,13,16,19,24,25,38,41,44],"seed_played":"-770802318747393747","ascension_level":2,"is_trial":false}