{"path_per_floor":["M","M","?","?","?","R","E","R","T","M","$","E","M","M","R","B",null,"M","M","$","M","M","E","R","M","T","R","M"],"character_chosen":"THE_SILENT","items_purchased":["Ninja Scroll","Panache","War Paint"],"gold_per_floor":[10,21,196,196,196,196,230,230,530,547,14,44,58,68,68,171,171,182,197,46,62,72,101,101,121,121,121,141],"floor_reached":29,"campfire_rested":0,"playtime":1628,"current_hp_per_floor":[84,78,78,71,71,71,45,45,45,45,45,37,37,37,37,21,84,71,54,54,54,36,30,30,16,16,16,10],"items_purged":["Strike_G"],"gold":141,"score":257,"play_id":"66c21552-71c1-425e-b37f-02f67461d114","is_prod":false,"is_daily":false,"is_ascension_mode":false,"campfire_upgraded":5,"path_taken":["M","M","?","?","?","R","E","R","T","?","$","E","M","M","R","BOSS","M","M","?","M","M","E","R","M","T","R","M","E"],"build_version":"2018-02-08-PROD1","purchased_purges":1,"victory":false,"master_deck":["Defend_G+1","Defend_G+1","Defend_G","Defend_G","Defend_G","Strike_G","Strike_G","Strike_G","Survivor","Neutralize+1","Concentrate+1","Slice","Noxious Fumes+1","Heel Hook","Panache","Predator","Dagger Spray","Grand Finale","Backstab","Prepared+1","Backflip","Calculated Gamble+1","Pain","Catalyst"],"max_hp_per_floor":[84,84,84,84,84,84,84,84,84,84,84,84,84,84,84,84,84,84,84,84,84,84,84,84,84,84,84,84],"relics":["Ring of the Snake","Mango","Orichalcum","Old Coin","Ninja Scroll","Mummified Hand","Cursed Key","War Paint","Ancient Tea Set","Snake Skull"],"card_choices":[{"not_picked":["Quick Slash","Distraction"],"picked":"Concentrate"},{"not_picked":["Bane","Quick Slash"],"picked":"Slice"},{"not_picked":["Quick Slash","Calculated Gamble"],"picked":"Noxious Fumes"},{"not_picked":["Acrobatics","Night Terror"],"picked":"Heel Hook"},{"not_picked":["Deflect","Sucker Punch"],"picked":"Predator"},{"not_picked":["Slice","Underhanded Strike"],"picked":"Dagger Spray"},{"not_picked":["Glass Knife","Tools of the Trade"],"picked":"Grand Finale"},{"not_picked":["Concentrate","Sucker Punch"],"picked":"Backstab"},{"not_picked":["Slice","Dagger Spray"],"picked":"Prepared"},{"not_picked":["Noxious Fumes","Acrobatics"],"picked":"Backflip"},{"not_picked":["Deadly Poison","Blur"],"picked":"Calculated Gamble"},{"not_picked":["Distraction","Setup"],"picked":"Catalyst"}],"player_experience":344324,"potions_floor_usage":[16,23,28],"damage_taken":[{"damage":0,"enemies":"Cultist","floor":1,"turns":4},{"damage":6,"enemies":"Blue Slaver","floor":2,"turns":5},{"damage":26,"enemies":"3 Sentries","floor":7,"turns":12},{"damage":0,"enemies":"Jaw Worm","floor":10,"turns":4},{"damage":8,"enemies":"Lagavulin","floor":12,"turns":6},{"damage":0,"enemies":"2 Fungi Beasts","floor":13,"turns":2},{"damage":0,"enemies":"Looter","floor":14,"turns":2},{"damage":16,"enemies":"Slime Boss","floor":16,"turns":9},{"damage":13,"enemies":"Chosen","floor":18,"turns":5},{"damage":17,"enemies":"Spheric Guardian","floor":19,"turns":4},{"damage":0,"enemies":"Centurion and Healer","floor":21,"turns":5},{"damage":18,"enemies":"Snake Plant","floor":22,"turns":6},{"damage":6,"enemies":"Book of Stabbing","floor":23,"turns":5},{"damage":14,"enemies":"Snecko","floor":25,"turns":4},{"damage":6,"enemies":"Centurion and Healer","floor":28,"turns":6},{"damage":10,"enemies":"Gremlin Leader","floor":29,"turns":4}],"event_choices":[{"event_name":"Liars Game","player_choice":"agreed","floor":3,"damage_taken":0},{"event_name":"Golden Wing","player_choice":"Card Removal","floor":4,"damage_taken":0},{"event_name":"Living Wall","player_choice":"Forget","floor":5,"damage_taken":0}],"boss_relics":[{"not_picked":["Runic Dome","White Beast Statue"],"picked":"Cursed Key"}],"potions_floor_spawned":[7,10,16,19,23,25],"seed_played":"6179138388126032038","killed_by":"Gremlin Leader","ascension_level":0,"is_trial":false}