{"path_per_floor":["M","?","M","$","M","R","E","R","T","M","M","E","R","E","R","B",null,"M","M","?","$","?","E","R","M","T","R","M","R","M","M","R","B",null,"M","?","$","M","?","R","?","R","T","M","M","$","R","?","R"],"character_chosen":"THE_SILENT","items_purchased":["Deep Breath","Escape Plan","Caltrops","Vajra"],"gold_per_floor":[117,117,131,39,57,57,88,88,88,102,116,143,143,170,170,274,274,291,307,307,80,80,111,111,126,126,126,141,141,151,171,171,271,271,281,281,24,43,43,43,0,0,0,19,29,29,29,29,29],"floor_reached":50,"campfire_rested":2,"playtime":2847,"current_hp_per_floor":[63,60,60,60,60,60,48,48,48,48,31,25,25,5,26,15,56,50,50,50,50,50,45,45,45,45,45,45,45,35,28,48,10,53,67,67,67,67,67,67,67,67,67,67,67,67,67,67,67],"items_purged":["Parasite","Regret"],"gold":29,"score":645,"play_id":"8b1ed56b-4ae7-44c0-a11d-914b704d3160","is_prod":false,"is_daily":false,"is_ascension_mode":true,"campfire_upgraded":10,"path_taken":["M","?","?","$","M","R","E","R","T","?","M","E","R","E","R","BOSS","M","M","?","$","?","E","R","M","T","R","M","R","M","M","R","BOSS","M","?","$","M","?","R","?","R","T","M","?","$","R","?","R","BOSS"],"build_version":"2018-02-08-PROD1","purchased_purges":2,"victory":false,"master_deck":["Defend_G+1","Defend_G+1","Defend_G+1","Defend_G+1","Defend_G+1","Strike_G+1","Strike_G+1","Strike_G+1","Strike_G+1","Survivor","Neutralize+1","Dash+1","Deep Breath+1","Tools of the Trade+1","Caltrops+1","Escape Plan","Footwork+1","Tactician+1","Heel Hook","Escape Plan","Caltrops+1","Dagger Spray+1","Dash+1","Deflect","After Image+1","PiercingWail+1","Dodge and Roll+1","Footwork+1","Parasite","Distraction+1"],"max_hp_per_floor":[70,70,70,70,70,70,70,70,70,70,70,70,70,70,70,70,70,70,70,70,67,67,67,67,67,67,67,67,67,67,67,67,67,67,67,67,67,67,67,67,67,67,67,67,67,67,67,67,67],"relics":["Ring of the Snake","NeowsBlessing","Thread and Needle","Tough Bandages","Ginger","Prayer Wheel","Dodecahedron","Cursed Key","Orichalcum","Torii","Black Star","Vajra","Red Mask","Sundial"],"card_choices":[{"not_picked":["Flying Knee","Terror"],"picked":"Dash"},{"not_picked":["Deflect","Distraction"],"picked":"Tools of the Trade"},{"not_picked":["Bouncing Flask","Dodge and Roll"],"picked":"Caltrops"},{"not_picked":["Cloak And Dagger","Dash"],"picked":"Escape Plan"},{"not_picked":["Prepared","Cloak And Dagger"],"picked":"Footwork"},{"not_picked":["Unload","Envenom"],"picked":"Tactician"},{"not_picked":["Acrobatics","Sucker Punch"],"picked":"Heel Hook"},{"not_picked":["Night Terror","Well Laid Plans"],"picked":"Dagger Spray"},{"not_picked":["Setup","Finisher"],"picked":"Dash"},{"not_picked":["Outmaneuver","Blade Dance"],"picked":"Deflect"},{"not_picked":["Die Die Die","Unload"],"picked":"After Image"},{"not_picked":["Choke","All Out Attack"],"picked":"PiercingWail"},{"not_picked":["Deadly Poison","Leg Sweep"],"picked":"Dodge and Roll"},{"not_picked":["Dodge and Roll","Skewer"],"picked":"Distraction"}],"player_experience":324072,"potions_floor_usage":[],"damage_taken":[{"damage":0.0,"enemies":"Small Slimes","floor":1.0,"turns":1.0},{"damage":0.0,"enemies":"Jaw Worm","floor":3.0,"turns":1.0},{"damage":0.0,"enemies":"Cultist","floor":5.0,"turns":1.0},{"damage":12.0,"enemies":"Gremlin Nob","floor":7.0,"turns":5.0},{"damage":0.0,"enemies":"Red Slaver","floor":10.0,"turns":5.0},{"damage":17.0,"enemies":"Gremlin Gang","floor":11.0,"turns":5.0},{"damage":6.0,"enemies":"3 Sentries","floor":12.0,"turns":10.0},{"damage":20.0,"enemies":"Gremlin Nob","floor":14.0,"turns":6.0},{"damage":11.0,"enemies":"The Guardian","floor":16.0,"turns":13.0},{"damage":6.0,"enemies":"Shell Parasite","floor":18.0,"turns":9.0},{"damage":0.0,"enemies":"Chosen","floor":19.0,"turns":7.0},{"damage":5.0,"enemies":"Book of Stabbing","floor":23.0,"turns":5.0},{"damage":0.0,"enemies":"Snake Plant","floor":25.0,"turns":4.0},{"damage":0.0,"enemies":"Snecko","floor":28.0,"turns":5.0},{"damage":10.0,"enemies":"Slaver and Parasite","floor":30.0,"turns":5.0},{"damage":7.0,"enemies":"3 Cultists","floor":31.0,"turns":5.0},{"damage":53.0,"enemies":"Automaton","floor":33.0,"turns":14.0},{"damage":1.0,"enemies":"3 Darklings","floor":35.0,"turns":6.0},{"damage":0.0,"enemies":"3 Shapes","floor":38.0,"turns":6.0},{"damage":0.0,"enemies":"3 Darklings","floor":44.0,"turns":6.0},{"damage":0.0,"enemies":"4 Shapes","floor":45.0,"turns":9.0},{"damage":74,"enemies":"Donu and Deca","floor":50,"turns":13}],"event_choices":[{"event_name":"Scrap Ooze","player_choice":"success","floor":2.0,"damage_taken":3.0},{"event_name":"Back to Basics","player_choice":"Simplicity","floor":20.0,"damage_taken":0.0},{"event_name":"Addict","player_choice":"Ignored","floor":22.0,"damage_taken":0.0},{"event_name":"Mysterious Sphere","player_choice":"Ignore","floor":36.0,"damage_taken":0.0},{"event_name":"Duplicator","player_choice":"One dupe","floor":39.0,"damage_taken":0.0},{"event_name":"Tomb of Lord Red Mask","player_choice":"Paid","floor":41.0,"damage_taken":0.0}],"boss_relics":[],"potions_floor_spawned":[10,11,14,18,31,33,38],"seed_played":"-6936626171004112402","killed_by":"Donu and Deca","ascension_level":10,"is_trial":false}