{"path_per_floor":["M","M","M","M","M","R","E","R","T","R","?","?","M","E","R","B",null,"M","$","?","?","M","E","R","E","T","R","M","M","$","?","R","B",null,"M","M","?","?","$","R","E","R","T","R","E","$","M","M","R"],"character_chosen":"THE_SILENT","items_purchased":["Escape Plan","Pantograph","Strawberry","Footwork","Oddly Smooth Stone","Thread and Needle","Flash of Steel","Bronze Scales"],"gold_per_floor":[115,132,149,169,183,183,215,215,215,215,215,215,230,296,296,415,415,433,324,424,424,437,478,478,514,514,514,537,556,80,80,80,204,204,218,239,605,605,81,81,112,112,112,112,150,7,30,43,43],"floor_reached":50,"campfire_rested":2,"playtime":3784,"current_hp_per_floor":[63,62,62,45,21,21,22,22,22,43,31,31,30,16,16,16,53,48,48,48,48,38,38,38,6,6,25,16,15,22,22,22,35,63,46,46,45,36,36,36,36,36,36,36,49,49,63,61,61],"items_purged":["Flechettes"],"gold":43,"score":887,"play_id":"b2b3e841-a548-4f93-befe-1a1073703f1f","is_prod":false,"is_daily":false,"is_ascension_mode":true,"campfire_upgraded":6,"path_taken":["M","M","M","M","M","R","E","R","T","R","?","?","M","E","R","BOSS","M","$","?","?","M","E","R","E","T","R","M","?","?","?","R","BOSS","M","M","?","?","?","R","E","R","T","R","E","$","M","M","R","BOSS"],"build_version":"2018-02-08-PROD1","purchased_purges":1,"victory":false,"master_deck":["Survivor","Neutralize+1","Prepared","Backstab","Caltrops+1","Footwork+1","Dagger Throw","Malaise+1","Die Die Die","A Thousand Cuts","Acrobatics+1","Skewer","Dagger Throw","Flying Knee","Flying Knee","Caltrops","Dodge and Roll+1","Deflect+1","Escape Plan+1","Cloak And Dagger+1","Dodge and Roll+1","After Image+1","Blur+1","Footwork+1","Wraith Form+1","Terror+1","Prepared+1","Madness+1","Madness+1","Flash of Steel","Expertise+1","Clumsy","Choke+1","Backstab+1","Prepared+1"],"max_hp_per_floor":[70,70,70,70,70,70,70,70,70,70,70,65,65,65,65,65,65,65,65,65,65,65,65,65,65,65,65,65,65,72,72,72,72,72,72,72,72,72,72,72,72,72,72,72,72,72,72,72,72],"relics":["Ring of the Snake","Toxic Egg 2","Girya","Bag of Preparation","Golden Idol","Tiny Chest","Pandora\u0027s Box","Frozen Eye","Bag of Marbles","Ice Cream","Pantograph","Strawberry","Cursed Key","Old Coin","Oddly Smooth Stone","Thread and Needle","Bird Faced Urn","Orichalcum","Juzu Bracelet","Bronze Scales"],"card_choices":[{"not_picked":["Outmaneuver","Cloak And Dagger"],"picked":"Prepared"},{"not_picked":["Underhanded Strike","Corpse Explosion"],"picked":"Backstab"},{"not_picked":["Bane","Flying Knee"],"picked":"Caltrops"},{"not_picked":["Deflect","Flying Knee"],"picked":"Footwork"},{"not_picked":["Flying Knee","PiercingWail"],"picked":"Dagger Throw"},{"not_picked":["Bane","Finisher"],"picked":"Malaise"},{"not_picked":["PiercingWail","Cloak And Dagger"],"picked":"Die Die Die"},{"not_picked":["Phantasmal Killer","Envenom"],"picked":"A Thousand Cuts"},{"not_picked":["Quick Slash","Choke"],"picked":"Cloak And Dagger"},{"not_picked":["Bane","Quick Slash"],"picked":"Dodge and Roll"},{"not_picked":["Bane","Sucker Punch"],"picked":"After Image"},{"not_picked":["Quick Slash","Dagger Spray"],"picked":"Blur"},{"not_picked":["Phantasmal Killer","After Image"],"picked":"Wraith Form"},{"not_picked":["Dagger Throw","Slice"],"picked":"Terror"},{"not_picked":["Calculated Gamble","Riddle With Holes"],"picked":"Prepared"},{"not_picked":["Setup","Outmaneuver"],"picked":"Expertise"},{"not_picked":["Backflip","Slice"],"picked":"Choke"},{"not_picked":["Bullet Time","Sucker Punch"],"picked":"Backstab"},{"not_picked":["Dagger Throw","Quick Slash"],"picked":"Prepared"}],"player_experience":302797,"potions_floor_usage":[7,14,16,22,25,50,50,50],"damage_taken":[{"damage":0,"enemies":"Jaw Worm","floor":1,"turns":4},{"damage":1,"enemies":"Cultist","floor":2,"turns":3},{"damage":0,"enemies":"Blue Slaver","floor":3,"turns":7},{"damage":17,"enemies":"Looter","floor":4,"turns":3},{"damage":24,"enemies":"Exordium Wildlife","floor":5,"turns":7},{"damage":14,"enemies":"3 Sentries","floor":7,"turns":10},{"damage":1,"enemies":"3 Louse","floor":13,"turns":4},{"damage":14,"enemies":"Gremlin Nob","floor":14,"turns":4},{"damage":0,"enemies":"Hexaghost","floor":16,"turns":10},{"damage":5,"enemies":"Spheric Guardian","floor":18,"turns":3},{"damage":13,"enemies":"3 Byrds","floor":22,"turns":1},{"damage":0,"enemies":"Book of Stabbing","floor":23,"turns":5},{"damage":32,"enemies":"Slavers","floor":25,"turns":6},{"damage":9,"enemies":"Snake Plant","floor":28,"turns":3},{"damage":1,"enemies":"Sentry and Sphere","floor":29,"turns":5},{"damage":12,"enemies":"Automaton","floor":33,"turns":15},{"damage":17,"enemies":"3 Darklings","floor":35,"turns":5},{"damage":0,"enemies":"3 Shapes","floor":36,"turns":5},{"damage":1,"enemies":"Mysterious Sphere","floor":37,"turns":8},{"damage":0,"enemies":"Giant Head","floor":41,"turns":8},{"damage":1,"enemies":"Nemesis","floor":45,"turns":7},{"damage":0,"enemies":"Maw","floor":47,"turns":7},{"damage":11,"enemies":"4 Shapes","floor":48,"turns":4},{"damage":86,"enemies":"Awakened One","floor":50,"turns":5}],"event_choices":[{"event_name":"Scrap Ooze","player_choice":"success","floor":11,"damage_taken":12},{"event_name":"Golden Idol","player_choice":"Lose Max HP","floor":12,"damage_taken":0},{"event_name":"Golden Shrine","player_choice":"Pray","floor":20,"damage_taken":0},{"event_name":"Back to Basics","player_choice":"Elegance","floor":21,"damage_taken":0},{"event_name":"Addict","player_choice":"Ignored","floor":31,"damage_taken":0},{"event_name":"Mysterious Sphere","player_choice":"Fight","floor":37,"damage_taken":0},{"event_name":"Winding Halls","player_choice":"Embrace Madness","floor":38,"damage_taken":0}],"boss_relics":[{"not_picked":["Lizard Tail","White Beast Statue"],"picked":"Pandora\u0027s Box"},{"not_picked":["Eternal Feather","Astrolabe"],"picked":"Cursed Key"}],"potions_floor_spawned":[5,7,14,16,23,25,36,37],"seed_played":"1973050484617027443","killed_by":"Awakened One","ascension_level":8,"is_trial":false}