{"path_per_floor":["M","?","M","M","$","R","?","E","T","M","R","M","R","M","R","B",null,"M","?","?","?","M","R","M","E","T","R","M","$","M","M","R","B",null,"M","$","M","M","?","R","$","M","T","?","R","$","T","M","R"],"character_chosen":"THE_SILENT","items_purchased":["Dagger Throw","Footwork","Catalyst","Corpse Explosion"],"gold_per_floor":[119,119,139,158,29,29,88,121,121,137,137,148,148,159,159,235,235,252,252,252,252,270,270,280,313,336,336,356,179,195,214,214,291,291,303,110,120,130,183,183,183,200,226,226,226,88,114,131,131],"floor_reached":50,"campfire_rested":1,"playtime":9293,"current_hp_per_floor":[63,56,56,56,56,56,57,48,48,48,48,43,43,32,32,27,57,54,38,60,60,46,46,45,32,32,32,16,16,15,7,42,36,59,59,59,45,45,37,45,45,45,45,45,53,53,60,51,61],"items_purged":["Parasite","Strike_G","Strike_G"],"gold":131,"score":683,"play_id":"3cf332e6-a20f-4b99-a1cf-9532815ef765","is_prod":false,"is_daily":false,"is_ascension_mode":true,"campfire_upgraded":9,"path_taken":["M","?","?","M","$","R","?","E","T","M","R","M","R","M","R","BOSS","M","?","?","?","M","R","?","E","T","R","M","$","M","M","R","BOSS","M","?","M","M","?","R","$","M","T","?","R","$","?","M","R","BOSS"],"build_version":"2018-02-15-PROD1","purchased_purges":3,"victory":false,"master_deck":["Defend_G","Defend_G","Defend_G","Defend_G","Strike_G","Strike_G","Strike_G","Survivor","Neutralize+1","Footwork+1","Well Laid Plans","Dagger Throw+1","Poisoned Stab","Deadly Poison+1","Expertise+1","Acrobatics","After Image+1","Noxious Fumes+1","Backflip","Footwork","Blur+1","Catalyst+1","Blur+1","Catalyst+1","Corpse Explosion+1"],"max_hp_per_floor":[70,70,70,70,67,67,67,67,67,67,67,67,67,67,67,67,67,67,67,67,67,67,67,67,67,67,67,67,67,67,67,67,67,67,67,67,67,67,67,67,67,67,67,67,67,67,74,74,74],"relics":["Velvet Choker","Pen Nib","Bronze Scales","Letter Opener","Sozu","Nloth\u0027s Gift","Regal Pillow","Orichalcum","Eternal Feather","Calipers","Lantern","Strawberry"],"card_choices":[{"not_picked":["Prepared","Dash"],"picked":"Footwork"},{"not_picked":["Flying Knee","Endless Agony"],"picked":"Well Laid Plans"},{"not_picked":["Acrobatics","Prepared"],"picked":"Poisoned Stab"},{"not_picked":["PiercingWail","Storm of Steel"],"picked":"Deadly Poison"},{"not_picked":["Prepared","Outmaneuver"],"picked":"Expertise"},{"not_picked":["Outmaneuver","Deadly Poison"],"picked":"Acrobatics"},{"not_picked":["Tactician","Corpse Explosion"],"picked":"After Image"},{"not_picked":["Prepared","Outmaneuver"],"picked":"Noxious Fumes"},{"not_picked":["Caltrops","Infinite Blades"],"picked":"Backflip"},{"not_picked":["Outmaneuver","Flechettes"],"picked":"Blur"},{"not_picked":["Poisoned Stab","Choke"],"picked":"Blur"},{"not_picked":["Backflip","Leg Sweep"],"picked":"Catalyst"}],"player_experience":362902,"potions_floor_usage":[],"damage_taken":[{"damage":0.0,"enemies":"2 Louse","floor":1.0,"turns":4.0},{"damage":0.0,"enemies":"Small Slimes","floor":3.0,"turns":4.0},{"damage":0.0,"enemies":"Cultist","floor":4.0,"turns":5.0},{"damage":11.0,"enemies":"3 Sentries","floor":7.0,"turns":9.0},{"damage":9.0,"enemies":"Lagavulin","floor":8.0,"turns":8.0},{"damage":0.0,"enemies":"2 Fungi Beasts","floor":10.0,"turns":3.0},{"damage":5.0,"enemies":"3 Louse","floor":12.0,"turns":2.0},{"damage":11.0,"enemies":"Looter","floor":14.0,"turns":3.0},{"damage":5.0,"enemies":"The Guardian","floor":16.0,"turns":8.0},{"damage":3.0,"enemies":"3 Byrds","floor":18.0,"turns":3.0},{"damage":14.0,"enemies":"2 Thieves","floor":22.0,"turns":4.0},{"damage":1.0,"enemies":"Cultist and Chosen","floor":24.0,"turns":8.0},{"damage":13.0,"enemies":"Gremlin Leader","floor":25.0,"turns":5.0},{"damage":16.0,"enemies":"Snake Plant","floor":28.0,"turns":4.0},{"damage":1.0,"enemies":"Chosen and Byrds","floor":30.0,"turns":5.0},{"damage":8.0,"enemies":"Slaver and Parasite","floor":31.0,"turns":6.0},{"damage":6.0,"enemies":"Collector","floor":33.0,"turns":10.0},{"damage":0.0,"enemies":"3 Shapes","floor":35.0,"turns":5.0},{"damage":14.0,"enemies":"3 Darklings","floor":37.0,"turns":5.0},{"damage":0.0,"enemies":"4 Shapes","floor":38.0,"turns":6.0},{"damage":8.0,"enemies":"Mysterious Sphere","floor":39.0,"turns":6.0},{"damage":0.0,"enemies":"Maw","floor":42.0,"turns":7.0},{"damage":9.0,"enemies":"3 Darklings","floor":48.0,"turns":5.0},{"damage":62,"enemies":"Awakened One","floor":50,"turns":3}],"event_choices":[{"event_name":"Golden Wing","player_choice":"Card Removal","floor":2.0,"damage_taken":0.0},{"event_name":"Dead Adventurer","player_choice":"Searched \u00271\u0027 times","floor":7.0,"damage_taken":0.0},{"event_name":"Cursed Tome","player_choice":"Obtained Book","floor":19.0,"damage_taken":0.0},{"event_name":"The Library","player_choice":"Heal","floor":20.0,"damage_taken":0.0},{"event_name":"N\u0027loth","player_choice":"Traded a Necronomicon","floor":21.0,"damage_taken":0.0},{"event_name":"Mysterious Sphere","player_choice":"Fight","floor":39.0,"damage_taken":0.0},{"event_name":"Tomb of Lord Red Mask","player_choice":"Ignored","floor":44.0,"damage_taken":0.0}],"boss_relics":[],"potions_floor_spawned":[3,4,10,12,14,16,25,28,39,48],"seed_played":"855129447125584139","killed_by":"Awakened One","ascension_level":13,"is_trial":false}