{"path_per_floor":["M","?","?","?","M","R","M","M","T","R","M","T","$","M","R","B",null,"M","?","?","$","M","R","M","E","T","E"],"character_chosen":"THE_SILENT","items_purchased":["Infinite Blades","Well Laid Plans"],"gold_per_floor":[117,117,117,117,137,137,154,174,174,174,192,192,47,57,57,152,152,164,164,164,25,39,39,56,87,138,172],"floor_reached":28,"campfire_rested":2,"playtime":1189,"current_hp_per_floor":[68,68,70,75,73,73,70,45,45,75,73,73,73,73,73,64,75,75,59,59,59,56,75,72,24,24,5],"items_purged":["Defend_G","Strike_G"],"gold":172,"score":273,"play_id":"49b16299-8b18-4bc6-a01e-10a7a9875aff","is_prod":false,"is_daily":false,"is_ascension_mode":true,"campfire_upgraded":2,"path_taken":["M","?","?","?","M","R","M","?","T","R","M","?","$","M","R","BOSS","M","?","?","?","M","R","?","E","T","E","M"],"build_version":"2018-02-12-PROD1","purchased_purges":2,"victory":false,"master_deck":["Defend_G","Defend_G","Defend_G","Defend_G","Strike_G","Strike_G","Strike_G","Survivor","Neutralize","Backflip+1","Die Die Die","Backstab","Choke","Infinite Blades+1","Leg Sweep","A Thousand Cuts","PiercingWail+1","Necronomicurse","Infinite Blades+1","Well Laid Plans","Escape Plan","Outmaneuver","Terror"],"max_hp_per_floor":[70,70,70,75,75,75,75,75,75,75,75,75,75,75,75,75,75,75,75,75,75,75,75,75,75,75,75],"relics":["Ring of the Snake","Regal Pillow","Molten Egg 2","Necronomicon","Pen Nib","Singing Bowl","Bronze Scales"],"card_choices":[{"not_picked":["Masterful Stab","Poisoned Stab"],"picked":"Backflip"},{"not_picked":["Flying Knee","Predator"],"picked":"Die Die Die"},{"not_picked":["Finisher","PiercingWail"],"picked":"Backstab"},{"not_picked":["Dodge and Roll","Bane"],"picked":"Choke"},{"not_picked":["Prepared","PiercingWail"],"picked":"Leg Sweep"},{"not_picked":["Corpse Explosion","Tactician"],"picked":"A Thousand Cuts"},{"not_picked":["Deadly Poison","Dagger Spray"],"picked":"PiercingWail"},{"not_picked":["Underhanded Strike","Malaise"],"picked":"Escape Plan"},{"not_picked":["Sucker Punch","Deadly Poison"],"picked":"Outmaneuver"},{"not_picked":["Reflex","Flechettes"],"picked":"Terror"}],"player_experience":183229,"potions_floor_usage":[16,18,22,25,27,28],"damage_taken":[{"damage":2,"enemies":"Jaw Worm","floor":1,"turns":6},{"damage":2,"enemies":"Cultist","floor":5,"turns":5},{"damage":3,"enemies":"Blue Slaver","floor":7,"turns":6},{"damage":25,"enemies":"Large Slime","floor":8,"turns":12},{"damage":2,"enemies":"Red Slaver","floor":11,"turns":4},{"damage":0,"enemies":"Exordium Thugs","floor":14,"turns":4},{"damage":9,"enemies":"Slime Boss","floor":16,"turns":11},{"damage":0,"enemies":"Chosen","floor":18,"turns":5},{"damage":3,"enemies":"Shell Parasite","floor":22,"turns":5},{"damage":3,"enemies":"Snake Plant","floor":24,"turns":4},{"damage":48,"enemies":"Slavers","floor":25,"turns":8},{"damage":19,"enemies":"Gremlin Leader","floor":27,"turns":7},{"damage":9,"enemies":"Centurion and Healer","floor":28,"turns":2}],"event_choices":[{"event_name":"Liars Game","player_choice":"disagreed","floor":2,"damage_taken":0},{"event_name":"Bonfire Elementals","player_choice":"UNCOMMON","floor":3,"damage_taken":0},{"event_name":"Big Fish","player_choice":"Donut","floor":4,"damage_taken":0},{"event_name":"Cursed Tome","player_choice":"Obtained Book","floor":19,"damage_taken":0},{"event_name":"Duplicator","player_choice":"One dupe","floor":20,"damage_taken":0}],"boss_relics":[{"not_picked":["Philosopher\u0027s Stone","Velvet Choker","Runic Pyramid"]}],"potions_floor_spawned":[1,11,14,18,22,27],"seed_played":"-6126181373433193389","killed_by":"Centurion and Healer","ascension_level":2,"is_trial":false}