{"path_per_floor":["M","?","?","M","?","R","?","M","T","M","M","E","$","M","R","B",null,"M","?","T","M"],"character_chosen":"THE_SILENT","items_purchased":["Tiny Chest"],"gold_per_floor":[111,111,111,124,199,199,199,218,218,233,252,295,102,127,127,246,246,261,261,261,286],"floor_reached":22,"campfire_rested":2,"playtime":866,"current_hp_per_floor":[68,68,68,64,53,70,56,55,69,61,49,23,23,23,48,39,84,45,45,45,21],"items_purged":["Injury"],"gold":286,"score":205,"play_id":"cd95b26e-8bf4-4a4c-be15-33a3ddb56c4c","is_prod":false,"is_daily":false,"is_ascension_mode":true,"campfire_upgraded":0,"path_taken":["M","?","?","M","?","R","?","?","T","M","M","E","$","M","R","BOSS","M","?","?","M","?"],"build_version":"2018-02-15-PROD1","purchased_purges":1,"victory":false,"master_deck":["Defend_G","Defend_G+1","Defend_G","Defend_G","Defend_G","Strike_G+1","Strike_G","Strike_G","Strike_G","Strike_G","Survivor","Neutralize","Poisoned Stab","Acrobatics","Backflip","Acrobatics","Deadly Poison","Dodge and Roll","Night Terror","Bouncing Flask+1","Backflip"],"max_hp_per_floor":[70,70,70,70,70,70,70,70,84,84,84,84,84,84,84,84,84,84,84,84,84],"relics":["Ring of the Snake","Golden Idol","Mango","Tiny Chest","Question Card","Nloth\u0027s Gift","Calipers"],"card_choices":[{"not_picked":["Catalyst","Quick Slash"],"picked":"Poisoned Stab"},{"not_picked":["Flying Knee","Sucker Punch"],"picked":"Acrobatics"},{"not_picked":["Poisoned Stab","Sucker Punch"],"picked":"Backflip"},{"not_picked":["Slice","Blur"],"picked":"Acrobatics"},{"not_picked":["Dagger Throw","Bane"],"picked":"Deadly Poison"},{"not_picked":["Predator","Cloak And Dagger"],"picked":"Dodge and Roll"},{"not_picked":["Storm of Steel","After Image"],"picked":"Night Terror"},{"not_picked":["Bane","Deadly Poison","Malaise"],"picked":"Bouncing Flask"},{"not_picked":["Endless Agony","Deadly Poison","Eviscerate"],"picked":"Backflip"}],"player_experience":192451,"potions_floor_usage":[12,16,21,22],"damage_taken":[{"damage":2,"enemies":"2 Louse","floor":1,"turns":3},{"damage":4,"enemies":"Small Slimes","floor":4,"turns":3},{"damage":1,"enemies":"Cultist","floor":8,"turns":3},{"damage":8,"enemies":"Looter","floor":10,"turns":4},{"damage":12,"enemies":"Exordium Wildlife","floor":11,"turns":6},{"damage":41,"enemies":"Lagavulin","floor":12,"turns":7},{"damage":0,"enemies":"2 Fungi Beasts","floor":14,"turns":4},{"damage":24,"enemies":"The Guardian","floor":16,"turns":14},{"damage":39,"enemies":"Shell Parasite","floor":18,"turns":12},{"damage":24,"enemies":"3 Byrds","floor":21,"turns":6},{"damage":28,"enemies":"Sentry and Sphere","floor":22,"turns":5}],"event_choices":[{"event_name":"Golden Idol","player_choice":"Take Wound","floor":2,"damage_taken":0},{"event_name":"Liars Game","player_choice":"disagreed","floor":3,"damage_taken":0},{"event_name":"World of Goop","player_choice":"Gather Gold","floor":5,"damage_taken":0},{"event_name":"Shining Light","player_choice":"Entered Light","floor":7,"damage_taken":0},{"event_name":"N\u0027loth","player_choice":"Traded a Lantern","floor":19,"damage_taken":0}],"boss_relics":[{"not_picked":["Calling Bell","Snecko Eye"],"picked":"Question Card"}],"potions_floor_spawned":[11,12,16,18,21],"seed_played":"-3815756396816798847","killed_by":"Sentry and Sphere","ascension_level":2,"is_trial":false}