{"path_per_floor":["M","M","$","?","?","R","E","M","T","T","E","M","R","M","R","B",null,"M","$","?","M","?","E","R","E","T","R","M","M","R","M","R"],"character_chosen":"THE_SILENT","items_purchased":["Leg Sweep","Molten Egg 2"],"gold_per_floor":[111,122,50,50,50,50,79,96,119,119,146,159,159,176,176,277,277,289,80,80,90,5,32,32,59,59,59,77,94,94,112,112],"floor_reached":33,"campfire_rested":6,"playtime":2006,"current_hp_per_floor":[70,70,70,70,58,58,37,30,30,30,28,28,49,49,70,43,70,50,50,41,30,30,30,52,17,27,52,40,12,37,27,52],"items_purged":[],"gold":112,"score":320,"play_id":"eb006f0f-0446-4e5f-82d6-0c8d8ef59070","is_prod":false,"is_daily":false,"is_ascension_mode":false,"campfire_upgraded":1,"path_taken":["M","M","$","?","?","R","E","M","T","?","E","M","R","M","R","BOSS","M","$","?","M","?","E","R","E","T","R","?","M","R","M","R","BOSS"],"build_version":"2018-02-08-PROD1","purchased_purges":2,"victory":false,"master_deck":["Defend_G","Defend_G","Defend_G","Defend_G","Strike_G","Strike_G","Strike_G","Strike_G","Strike_G","Survivor","Neutralize","Grand Finale","Riddle With Holes","Backstab","Leg Sweep+1","Flying Knee","Slice","Footwork","Acrobatics","Glass Knife","Heel Hook","Phantasmal Killer","Malaise+1","Predator+1","Dodge and Roll+1","Endless Agony+1","Pain","Underhanded Strike+1","Calculated Gamble+1","Setup+1"],"max_hp_per_floor":[70,70,70,70,70,70,70,70,70,70,70,70,70,70,70,70,70,70,70,75,75,75,75,75,75,85,85,85,85,85,85,85],"relics":["Ring of the Snake","The Courier","Pen Nib","Bronze Scales","Torii","Matryoshka","Cursed Key","Molten Egg 2","Smiling Mask","Bottled Tornado","Ice Cream","Pear","Ancient Tea Set"],"card_choices":[{"not_picked":["Poisoned Stab","Outmaneuver"],"picked":"Riddle With Holes"},{"not_picked":["Deflect","Footwork"],"picked":"Backstab"},{"not_picked":["Riddle With Holes","Blur"],"picked":"Slice"},{"not_picked":["Dodge and Roll","Dagger Spray"],"picked":"Footwork"},{"not_picked":["Quick Slash","Infinite Blades"],"picked":"Acrobatics"},{"not_picked":["Bane","Distraction"],"picked":"Glass Knife"},{"not_picked":["Backflip","Outmaneuver"],"picked":"Heel Hook"},{"not_picked":["Grand Finale","Adrenaline"],"picked":"Phantasmal Killer"},{"not_picked":["Skewer","Acrobatics"],"picked":"Malaise"},{"not_picked":["Skewer","Deadly Poison"],"picked":"Predator"},{"not_picked":["Die Die Die","Deflect"],"picked":"Dodge and Roll"},{"not_picked":["Prepared","Deflect"],"picked":"Endless Agony"},{"not_picked":["Bane","Prepared"],"picked":"Underhanded Strike"},{"not_picked":["Dagger Spray","Sucker Punch"],"picked":"Calculated Gamble"},{"not_picked":["Predator","Blur"],"picked":"Setup"}],"player_experience":135179,"potions_floor_usage":[33,33],"damage_taken":[{"damage":0.0,"enemies":"Small Slimes","floor":1.0,"turns":3.0},{"damage":0.0,"enemies":"Cultist","floor":2.0,"turns":3.0},{"damage":21.0,"enemies":"Lagavulin","floor":7.0,"turns":5.0},{"damage":7.0,"enemies":"2 Louse","floor":8.0,"turns":2.0},{"damage":2.0,"enemies":"3 Sentries","floor":11.0,"turns":8.0},{"damage":0.0,"enemies":"Exordium Thugs","floor":12.0,"turns":4.0},{"damage":0.0,"enemies":"Looter","floor":14.0,"turns":2.0},{"damage":27.0,"enemies":"The Guardian","floor":16.0,"turns":11.0},{"damage":20.0,"enemies":"2 Thieves","floor":18.0,"turns":4.0},{"damage":11.0,"enemies":"Spheric Guardian","floor":21.0,"turns":4.0},{"damage":9.0,"enemies":"Book of Stabbing","floor":23.0,"turns":4.0},{"damage":35,"enemies":"Gremlin Leader","floor":25,"turns":11},{"damage":12,"enemies":"Centurion and Healer","floor":28,"turns":3},{"damage":28,"enemies":"Sentry and Sphere","floor":29,"turns":6},{"damage":10,"enemies":"3 Cultists","floor":31,"turns":4},{"damage":67,"enemies":"Automaton","floor":33,"turns":10}],"event_choices":[{"event_name":"Living Wall","player_choice":"Change","floor":4.0,"damage_taken":0.0},{"event_name":"Scrap Ooze","player_choice":"success","floor":5.0,"damage_taken":12.0},{"event_name":"Forgotten Altar","player_choice":"Shed Blood","floor":20.0,"damage_taken":0.0},{"event_name":"Addict","player_choice":"Obtained Relic","floor":22.0,"damage_taken":0.0}],"boss_relics":[],"potions_floor_spawned":[1,7,14,16,21,23,29],"seed_played":"-2717794115584533305","killed_by":"Automaton","ascension_level":0,"is_trial":false}