{"path_per_floor":["M","M","?","?","$","R","E","R","T","M","E","?","$","M","R","B",null,"M","?","$","?","$","R","$","M","T","R","M","E","M","?","R"],"character_chosen":"THE_SILENT","items_purchased":["Blade Dance","Blade Dance","Footwork","Cloak And Dagger"],"gold_per_floor":[116,134,84,84,22,22,50,50,77,94,129,129,9,32,32,156,156,180,180,69,69,31,31,31,54,126,126,142,186,211,136,136],"floor_reached":33,"campfire_rested":5,"playtime":1683,"current_hp_per_floor":[63,61,61,49,49,70,40,61,61,61,40,40,40,35,56,26,77,43,43,43,43,43,66,66,62,62,62,58,53,53,53,76],"items_purged":["Injury","Regret"],"gold":136,"score":312,"play_id":"68abf7ed-dbdb-4a05-a2bc-975a6f531df5","is_prod":false,"is_daily":false,"is_ascension_mode":true,"campfire_upgraded":1,"path_taken":["M","M","?","?","?","R","E","R","T","M","E","?","$","?","R","BOSS","M","?","$","?","$","R","?","?","T","R","M","E","?","?","R","BOSS"],"build_version":"2018-02-15-PROD1","purchased_purges":2,"victory":false,"master_deck":["Defend_G","Defend_G","Defend_G","Defend_G","Defend_G","Strike_G","Strike_G","Strike_G","Survivor","Neutralize","Choke","Endless Agony","Blade Dance","PiercingWail","Acrobatics","Blur","Blade Dance","Accuracy","Malaise","After Image+1","Clumsy","Escape Plan","Footwork","Cloak And Dagger","Backflip","Choke+1","Concentrate","Acrobatics","Prepared","Backflip"],"max_hp_per_floor":[70,70,70,70,70,70,70,70,70,70,70,70,70,70,70,70,77,77,77,77,77,77,77,77,77,77,77,77,77,77,77,77],"relics":["Ring of the Snake","The Courier","Thread and Needle","Dream Catcher","Ginger","Golden Idol","Calling Bell","Prayer Wheel","Lantern","Strawberry","Blue Candle","Omamori"],"card_choices":[{"not_picked":["Flying Knee","Corpse Explosion"],"picked":"Choke"},{"not_picked":["Dagger Spray","Underhanded Strike"],"picked":"Endless Agony"},{"not_picked":["Underhanded Strike","Bane"],"picked":"PiercingWail"},{"not_picked":["Slice","Malaise"],"picked":"Acrobatics"},{"not_picked":["Sucker Punch","Deflect"],"picked":"Blur"},{"not_picked":["Masterful Stab","Flying Knee"],"picked":"Accuracy"},{"not_picked":["Dash","Venomology"],"picked":"Malaise"},{"not_picked":["Bullet Time","Phantasmal Killer"],"picked":"After Image"},{"not_picked":["Quick Slash","Calculated Gamble"],"picked":"Escape Plan"},{"not_picked":["Prepared","Endless Agony"],"picked":"Backflip"},{"not_picked":["Underhanded Strike","Dagger Spray"],"picked":"Choke"},{"not_picked":["PiercingWail","Poisoned Stab"],"picked":"Concentrate"},{"not_picked":["Masterful Stab","Outmaneuver"],"picked":"Acrobatics"},{"not_picked":["Slice","Quick Slash"],"picked":"Prepared"},{"not_picked":["Outmaneuver","Dodge and Roll"],"picked":"Backflip"}],"player_experience":198036,"potions_floor_usage":[7,29,33,33],"damage_taken":[{"damage":7,"enemies":"Jaw Worm","floor":1,"turns":6},{"damage":2,"enemies":"2 Louse","floor":2,"turns":3},{"damage":30,"enemies":"Lagavulin","floor":7,"turns":8},{"damage":0,"enemies":"Small Slimes","floor":10,"turns":2},{"damage":21,"enemies":"3 Sentries","floor":11,"turns":10},{"damage":5,"enemies":"Exordium Wildlife","floor":14,"turns":6},{"damage":30,"enemies":"The Guardian","floor":16,"turns":20},{"damage":34,"enemies":"Chosen","floor":18,"turns":9},{"damage":4,"enemies":"Spheric Guardian","floor":25,"turns":8},{"damage":4,"enemies":"Snake Plant","floor":28,"turns":7},{"damage":5,"enemies":"Slavers","floor":29,"turns":8},{"damage":0,"enemies":"Centurion and Healer","floor":30,"turns":9},{"damage":92,"enemies":"Automaton","floor":33,"turns":14}],"event_choices":[{"event_name":"The Cleric","player_choice":"Card Removal","floor":3,"damage_taken":0},{"event_name":"Scrap Ooze","player_choice":"success","floor":4,"damage_taken":12},{"event_name":"Golden Idol","player_choice":"Take Wound","floor":12,"damage_taken":0},{"event_name":"Back to Basics","player_choice":"Elegance","floor":19,"damage_taken":0},{"event_name":"Vampires","player_choice":"Ignored","floor":21,"damage_taken":0},{"event_name":"Beggar","player_choice":"Gave Gold","floor":31,"damage_taken":0}],"boss_relics":[{"not_picked":["Runic Dome","Ectoplasm"],"picked":"Calling Bell"}],"potions_floor_spawned":[1,11,14,29],"seed_played":"-9073171510335637385","killed_by":"Automaton","ascension_level":3,"is_trial":false}