{"path_per_floor":["M","?","$","?","?","E","R","M","T","M","R","M","?","E","R","B",null,"M","$","?","$","?","E","R","M","T","E","?","M","$","M","R","B",null,"M","M","?","$","?","$","M","R","T","$","R","E","R","E","R","B"],"character_chosen":"THE_SILENT","items_purchased":["Noxious Fumes","Snake Skull","Blur","Well Laid Plans","Caltrops","Regen Potion"],"gold_per_floor":[110,110,34,34,0,25,25,41,67,80,80,96,122,149,149,244,244,258,34,34,34,34,65,65,77,126,161,161,176,34,46,46,141,141,160,170,170,88,88,88,102,102,150,2,2,30,30,62,62,62],"floor_reached":51,"campfire_rested":4,"playtime":2535,"current_hp_per_floor":[73,61,61,54,54,45,68,67,67,67,67,67,54,68,77,44,77,69,69,69,69,69,48,71,71,71,41,41,30,30,21,44,42,77,65,54,54,54,73,73,68,68,68,68,68,77,77,77,77,33],"items_purged":["Decay","Writhe"],"gold":62,"score":679,"play_id":"a57c1a43-b2da-4342-b0aa-7479ab584320","is_prod":false,"is_daily":false,"is_ascension_mode":true,"campfire_upgraded":5,"path_taken":["M","?","$","?","?","E","R","?","T","M","R","M","?","E","R","BOSS","M","$","?","$","?","E","R","M","T","E","?","?","$","M","R","BOSS","M","M","?","$","?","$","M","R","T","?","R","E","R","E","R","BOSS"],"build_version":"2018-02-15-PROD1","purchased_purges":6,"victory":true,"master_deck":["Defend_G","Defend_G","Defend_G","Strike_G","Strike_G","Strike_G","Survivor","Neutralize","Leg Sweep+1","Noxious Fumes+1","Calculated Gamble","Backflip","Envenom+1","Bullet Time+1","Deflect+1","Slice+1","Acrobatics","Blur","Escape Plan","Choke+1","Backstab","Well Laid Plans","Blur+1","Adrenaline+1","Distraction+1","Prepared","Caltrops","Acrobatics+1","Noxious Fumes","Terror"],"max_hp_per_floor":[77,77,77,77,77,77,77,77,77,77,77,77,77,77,77,77,77,77,77,77,77,77,77,77,77,77,77,77,77,77,77,77,77,77,77,77,77,77,77,77,77,77,77,77,77,77,77,77,77,77],"relics":["Ring of the Snake","Strawberry","Bronze Scales","Letter Opener","Happy Flower","Odd Mushroom","Matryoshka","Astrolabe","Snake Skull","Tingsha","Ancient Tea Set","Art of War","Bird Faced Urn","Lizard Tail","Orichalcum","Lantern","Toolbox","Ninja Scroll"],"card_choices":[{"not_picked":["Slice","Flying Knee"],"picked":"Leg Sweep"},{"not_picked":["PiercingWail","Dagger Spray"],"picked":"Calculated Gamble"},{"not_picked":["Deflect","Terror"],"picked":"Backflip"},{"not_picked":["Tactician","Bullet Time"],"picked":"Envenom"},{"not_picked":["Deflect","Cloak And Dagger"],"picked":"Acrobatics"},{"not_picked":["Underhanded Strike","Poisoned Stab"],"picked":"Escape Plan"},{"not_picked":["Slice","Dodge and Roll"],"picked":"Choke"},{"not_picked":["Dagger Spray","Slice"],"picked":"Backstab"},{"not_picked":["Slice","Terror"],"picked":"Blur"},{"not_picked":["Phantasmal Killer","Corpse Explosion"],"picked":"Adrenaline"},{"not_picked":["Underhanded Strike","Flying Knee"],"picked":"Distraction"},{"not_picked":["Dagger Spray","Infinite Blades"],"picked":"Prepared"},{"not_picked":["Slice","Prepared"],"picked":"Acrobatics"},{"not_picked":["Distraction","PiercingWail"],"picked":"Noxious Fumes"},{"not_picked":["Calculated Gamble","Endless Agony"],"picked":"Terror"}],"player_experience":193317,"potions_floor_usage":[23,27,29,33,33,33,46,48,50],"damage_taken":[{"damage":4.0,"enemies":"Small Slimes","floor":1.0,"turns":4.0},{"damage":9.0,"enemies":"Lagavulin","floor":6.0,"turns":10.0},{"damage":1.0,"enemies":"2 Louse","floor":8.0,"turns":3.0},{"damage":0.0,"enemies":"Jaw Worm","floor":10.0,"turns":4.0},{"damage":0.0,"enemies":"Looter","floor":12.0,"turns":4.0},{"damage":13.0,"enemies":"The Mushroom Lair","floor":13.0,"turns":4.0},{"damage":1.0,"enemies":"3 Sentries","floor":14.0,"turns":6.0},{"damage":33,"enemies":"Hexaghost","floor":16,"turns":11},{"damage":8,"enemies":"Shell Parasite","floor":18,"turns":7},{"damage":21,"enemies":"Gremlin Leader","floor":23,"turns":7},{"damage":0,"enemies":"3 Byrds","floor":25,"turns":2},{"damage":30,"enemies":"Book of Stabbing","floor":27,"turns":7},{"damage":15,"enemies":"Centurion and Healer","floor":29,"turns":5},{"damage":15,"enemies":"Snake Plant","floor":31,"turns":3},{"damage":8,"enemies":"Collector","floor":33,"turns":7},{"damage":14,"enemies":"Orb Walker","floor":35,"turns":3},{"damage":15,"enemies":"3 Darklings","floor":36,"turns":5},{"damage":9,"enemies":"Sphere and 2 Shapes","floor":41,"turns":5},{"damage":4,"enemies":"2 Orb Walkers","floor":46,"turns":4},{"damage":0,"enemies":"Giant Head","floor":48,"turns":7},{"damage":92,"enemies":"Awakened One","floor":50,"turns":12}],"event_choices":[{"event_name":"Scrap Ooze","player_choice":"success","floor":2.0,"damage_taken":12.0},{"event_name":"Golden Wing","player_choice":"Card Removal","floor":4.0,"damage_taken":0.0},{"event_name":"World of Goop","player_choice":"Left","floor":5.0,"damage_taken":0.0},{"event_name":"Mushrooms","player_choice":"Fought Mushrooms","floor":13.0,"damage_taken":0.0},{"event_name":"Vampires","player_choice":"Ignored","floor":20,"damage_taken":0},{"event_name":"The Lab","player_choice":"Got Potions","floor":22,"damage_taken":0},{"event_name":"Forgotten Altar","player_choice":"Smashed Altar","floor":28,"damage_taken":0},{"event_name":"Tomb of Lord Red Mask","player_choice":"Ignored","floor":37,"damage_taken":0},{"event_name":"Winding Halls","player_choice":"Writhe","floor":39,"damage_taken":0}],"boss_relics":[{"not_picked":["Pandora\u0027s Box","Eternal Feather"],"picked":"Astrolabe"},{"not_picked":["White Beast Statue","Velvet Choker"],"picked":"Lizard Tail"}],"potions_floor_spawned":[1,6,14,23,27,31,41,46],"seed_played":"-5670200699084593441","ascension_level":2,"is_trial":false}