{"path_per_floor":["M","M","$","?","$","R","E","$","T","E","?","R","M","?","R","B",null,"M","?","?","M","M","R","M","R","T","E","R","E","$","M","R"],"character_chosen":"THE_SILENT","items_purchased":["Accuracy","Cloak And Dagger","Choke","Footwork","Deflect","Accuracy","Shuriken","Accuracy"],"gold_per_floor":[216,229,139,314,60,60,92,14,69,94,94,94,110,185,185,304,304,327,242,242,265,278,278,296,296,296,332,332,376,46,60,60],"floor_reached":33,"campfire_rested":5,"playtime":1053,"current_hp_per_floor":[70,66,66,66,66,66,60,60,60,51,51,70,70,59,59,33,70,30,30,14,14,1,22,12,33,33,17,38,30,30,6,27],"items_purged":["Doubt"],"gold":60,"score":306,"play_id":"2901c2fc-41cf-4176-8b8a-a886c74e4ca2","is_prod":false,"is_daily":false,"is_ascension_mode":true,"campfire_upgraded":2,"path_taken":["M","M","$","?","$","R","E","$","T","E","?","R","M","?","R","BOSS","M","?","?","?","?","R","M","R","T","E","R","E","$","M","R","BOSS"],"build_version":"2018-02-08-PROD1","purchased_purges":1,"victory":false,"master_deck":["Defend_G","Defend_G","Defend_G","Defend_G","Defend_G","Strike_G","Strike_G","Strike_G","Strike_G","Strike_G","Survivor","Neutralize","Infinite Blades+1","Infinite Blades","Accuracy","Cloak And Dagger","Choke","Footwork","Deflect","Dagger Spray","Accuracy+1","Venomology","Injury","Backflip","Envenom","Cloak And Dagger+1","Terror+1","Choke","Endless Agony","Well Laid Plans","Accuracy","Prepared+1"],"max_hp_per_floor":[70,70,70,70,70,70,70,70,70,70,70,70,70,70,70,70,70,70,70,70,70,70,70,70,70,70,70,70,70,70,70,70],"relics":["Ring of the Snake","Ancient Tea Set","Tiny Chest","Mercury Hourglass","Golden Idol","Philosopher\u0027s Stone","Toxic Egg 2","Enchiridion","Gambling Chip","Bag of Marbles","Orichalcum","Shuriken"],"card_choices":[{"not_picked":["Prepared","Noxious Fumes"],"picked":"Infinite Blades"},{"not_picked":["Heel Hook","Catalyst"],"picked":"Infinite Blades"},{"not_picked":["Crippling Poison","Bane"],"picked":"Dagger Spray"},{"not_picked":["Masterful Stab","Flechettes"],"picked":"Venomology"},{"not_picked":["Slice","Deflect"],"picked":"Backflip"},{"not_picked":["Venomology","Corpse Explosion"],"picked":"Envenom"},{"not_picked":["Bane","Acrobatics"],"picked":"Cloak And Dagger"},{"not_picked":["Heel Hook","Masterful Stab"],"picked":"Terror"},{"not_picked":["Deadly Poison","Distraction"],"picked":"Choke"},{"not_picked":["Distraction","Catalyst"],"picked":"Endless Agony"},{"not_picked":["Underhanded Strike","Poisoned Stab"],"picked":"Well Laid Plans"},{"not_picked":["Reflex","Sucker Punch"],"picked":"Prepared"}],"player_experience":158174,"potions_floor_usage":[16,16,18,21,24,27,27,27,29,31,33],"damage_taken":[{"damage":0,"enemies":"Small Slimes","floor":1,"turns":4},{"damage":4,"enemies":"Cultist","floor":2,"turns":4},{"damage":6,"enemies":"3 Sentries","floor":7,"turns":7},{"damage":9,"enemies":"Gremlin Nob","floor":10,"turns":4},{"damage":0,"enemies":"Jaw Worm","floor":13,"turns":3},{"damage":26,"enemies":"The Guardian","floor":16,"turns":7},{"damage":40,"enemies":"3 Byrds","floor":18,"turns":5},{"damage":0,"enemies":"Shell Parasite","floor":21,"turns":4},{"damage":13,"enemies":"Sentry and Sphere","floor":22,"turns":4},{"damage":10,"enemies":"Snecko","floor":24,"turns":4},{"damage":25,"enemies":"Slavers","floor":27,"turns":4},{"damage":8,"enemies":"Book of Stabbing","floor":29,"turns":3},{"damage":33,"enemies":"Snake Plant","floor":31,"turns":3},{"damage":30,"enemies":"Automaton","floor":33,"turns":4}],"event_choices":[{"event_name":"Liars Game","player_choice":"agreed","floor":4,"damage_taken":0},{"event_name":"Golden Idol","player_choice":"Take Wound","floor":11,"damage_taken":0},{"event_name":"World of Goop","player_choice":"Gather Gold","floor":14,"damage_taken":0},{"event_name":"Addict","player_choice":"Obtained Relic","floor":19,"damage_taken":0},{"event_name":"Cursed Tome","player_choice":"Obtained Book","floor":20,"damage_taken":0}],"boss_relics":[{"not_picked":["White Beast Statue","Snecko Eye"],"picked":"Philosopher\u0027s Stone"}],"potions_floor_spawned":[1,7,13,21,27,29],"seed_played":"-1417848712427322677","killed_by":"Automaton","ascension_level":1,"is_trial":false}