{"path_per_floor":["M","?","$","M","M","R","?","M","T","M","M","R","M","M","R","B",null,"M","M","?","M","?","R","T","M","T","R","M","R","M","M","R","B",null,"M","?","$","M","$","R","$","R","T","?","M","M","E","M","R","B"],"character_chosen":"THE_SILENT","items_purchased":["Kunai","Footwork","Lantern","Well Laid Plans"],"gold_per_floor":[118,118,43,53,63,63,63,79,79,97,111,111,130,145,145,242,242,259,278,278,290,290,290,290,305,378,378,395,395,411,427,427,530,530,541,541,212,230,230,230,6,6,6,6,18,30,62,77,77,77],"floor_reached":51,"campfire_rested":1,"playtime":3408,"current_hp_per_floor":[68,68,68,68,68,68,73,73,73,73,72,72,72,69,69,43,75,61,58,58,48,73,73,83,79,79,79,76,76,73,73,73,51,85,67,67,67,67,67,67,67,67,67,67,61,55,42,36,61,52],"items_purged":["Strike_G"],"gold":77,"score":549,"play_id":"f6d8f3ea-525b-436d-af6f-c6151412c442","is_prod":false,"is_daily":false,"is_ascension_mode":true,"campfire_upgraded":9,"path_taken":["M","?","$","M","?","R","?","M","T","M","M","R","M","M","R","BOSS","M","?","?","M","?","R","?","M","T","R","M","R","M","M","R","BOSS","M","?","$","M","$","R","$","R","T","?","M","M","E","M","R","BOSS"],"build_version":"2018-02-15-PROD1","purchased_purges":2,"victory":true,"master_deck":["Defend_G+1","Defend_G+1","Defend_G+1","Defend_G+1","Defend_G+1","Survivor","Neutralize+1","Flying Knee","Cloak And Dagger+1","Heel Hook","Glass Knife+1","Cloak And Dagger+1","Malaise+1","Dodge and Roll","A Thousand Cuts+1","Flying Knee","Die Die Die","Night Terror+1","PiercingWail+1","Heel Hook+1","Infinite Blades+1","Blur+1","Accuracy+1","Finisher","Dash+1","Endless Agony","Footwork+1","Well Laid Plans","Cloak And Dagger+1","Blade Dance+1"],"max_hp_per_floor":[70,70,70,70,70,70,75,75,75,75,75,75,75,75,75,75,75,75,75,75,75,75,75,85,85,85,85,85,85,85,85,85,85,85,85,85,85,85,85,85,85,85,85,85,85,85,85,85,85,85],"relics":["Ring of the Snake","Dream Catcher","Astrolabe","Pear","Dodecahedron","Sozu","Kunai","Lantern","Pantograph","Pen Nib"],"card_choices":[{"not_picked":["Masterful Stab","Dodge and Roll"],"picked":"Cloak And Dagger"},{"not_picked":["Bane","Quick Slash"],"picked":"Heel Hook"},{"not_picked":["Acrobatics","Slice"],"picked":"Glass Knife"},{"not_picked":["PiercingWail","Deadly Poison"],"picked":"Cloak And Dagger"},{"not_picked":["Acrobatics","Catalyst"],"picked":"Malaise"},{"not_picked":["Quick Slash","Poisoned Stab"],"picked":"Dodge and Roll"},{"not_picked":["Backflip","Well Laid Plans"],"picked":"A Thousand Cuts"},{"not_picked":["Riddle With Holes","Dagger Throw"],"picked":"Flying Knee"},{"not_picked":["A Thousand Cuts","Doppelganger"],"picked":"Die Die Die"},{"not_picked":["Bane","Quick Slash"],"picked":"Infinite Blades"},{"not_picked":["Cloak And Dagger","Sucker Punch"],"picked":"Blur"},{"not_picked":["Backstab","Bane"],"picked":"Accuracy"},{"not_picked":["Eviscerate","Underhanded Strike"],"picked":"Venomology"},{"not_picked":["Prepared","Dodge and Roll"],"picked":"Finisher"},{"not_picked":["Flying Knee","Quick Slash"],"picked":"Dash"},{"not_picked":["Deadly Poison","Expertise"],"picked":"Cloak And Dagger"},{"not_picked":["Noxious Fumes","Blur"],"picked":"Blade Dance"}],"player_experience":229425,"potions_floor_usage":[16,25,28,31],"damage_taken":[{"damage":2,"enemies":"2 Louse","floor":1,"turns":3},{"damage":0,"enemies":"Cultist","floor":4,"turns":4},{"damage":0,"enemies":"Jaw Worm","floor":5,"turns":4},{"damage":0,"enemies":"3 Louse","floor":8,"turns":3},{"damage":0,"enemies":"Blue Slaver","floor":10,"turns":3},{"damage":1,"enemies":"Gremlin Gang","floor":11,"turns":5},{"damage":0,"enemies":"Exordium Thugs","floor":13,"turns":4},{"damage":3,"enemies":"2 Fungi Beasts","floor":14,"turns":3},{"damage":26,"enemies":"Slime Boss","floor":16,"turns":10},{"damage":14,"enemies":"Chosen","floor":18,"turns":9},{"damage":3,"enemies":"3 Byrds","floor":19,"turns":6},{"damage":10,"enemies":"Snecko","floor":21,"turns":7},{"damage":4,"enemies":"Centurion and Healer","floor":25,"turns":10},{"damage":3,"enemies":"Snake Plant","floor":28,"turns":6},{"damage":3,"enemies":"Chosen and Byrds","floor":30,"turns":9},{"damage":0,"enemies":"Cultist and Chosen","floor":31,"turns":7},{"damage":22,"enemies":"Champ","floor":33,"turns":10},{"damage":18,"enemies":"3 Darklings","floor":35,"turns":4},{"damage":0,"enemies":"3 Shapes","floor":38,"turns":4},{"damage":6,"enemies":"3 Darklings","floor":45,"turns":5},{"damage":6,"enemies":"Maw","floor":46,"turns":7},{"damage":13,"enemies":"Giant Head","floor":47,"turns":9},{"damage":6,"enemies":"4 Shapes","floor":48,"turns":5},{"damage":33,"enemies":"Time Eater","floor":50,"turns":12}],"event_choices":[{"event_name":"Liars Game","player_choice":"disagreed","floor":2,"damage_taken":0},{"event_name":"Big Fish","player_choice":"Donut","floor":7,"damage_taken":0},{"event_name":"Back to Basics","player_choice":"Simplicity","floor":20,"damage_taken":0},{"event_name":"The Library","player_choice":"Heal","floor":22,"damage_taken":0},{"event_name":"Transmorgrifier","player_choice":"Transform","floor":36,"damage_taken":0},{"event_name":"Mysterious Sphere","player_choice":"Ignore","floor":44,"damage_taken":0}],"boss_relics":[{"not_picked":["The Specimen","Calling Bell"],"picked":"Astrolabe"},{"not_picked":["Runic Dome","Tiny House"],"picked":"Sozu"}],"potions_floor_spawned":[1,4,8,13,16,18,28,30,33,35,45,47],"seed_played":"2258033353040569397","ascension_level":1,"is_trial":false}