{"path_per_floor":["M","M","$","M","?","?","E","R","T","M","R","M","R","E","R","B",null,"M","$","?","$","?"],"character_chosen":"THE_SILENT","items_purchased":["Caltrops","Well Laid Plans","Poisoned Stab"],"gold_per_floor":[114,134,25,43,43,43,70,70,70,85,85,105,105,139,139,237,237,254,72,72,26,26],"floor_reached":23,"campfire_rested":2,"playtime":939,"current_hp_per_floor":[58,56,56,50,32,32,10,30,30,27,27,24,24,4,24,1,51,47,47,47,47,47],"items_purged":["Parasite","Defend_G"],"gold":26,"score":315,"play_id":"9e2bb560-fd14-4a37-9426-731056a7b42b","is_prod":false,"is_daily":false,"is_ascension_mode":true,"campfire_upgraded":1,"path_taken":["M","M","$","M","?","?","E","R","T","?","R","M","R","E","R","BOSS","M","$","?","$","?","E"],"build_version":"2018-02-15-PROD1","purchased_purges":2,"victory":false,"master_deck":["Defend_G","Defend_G","Defend_G","Defend_G","Strike_G+1","Strike_G+1","Strike_G","Strike_G","Survivor","Neutralize+1","Bouncing Flask","Blur","Caltrops","Catalyst","Backstab","Backflip","Noxious Fumes","Dagger Throw","Burst","Deflect","Well Laid Plans","Poisoned Stab"],"max_hp_per_floor":[70,70,67,67,67,67,67,67,67,67,67,67,67,67,67,67,67,67,67,67,67,67],"relics":["Ring of the Snake","Whetstone","Omamori","Art of War","Girya","Blue Candle","The Specimen"],"card_choices":[{"not_picked":["Underhanded Strike","Deflect"],"picked":"Bouncing Flask"},{"not_picked":["Crippling Poison","Eviscerate"],"picked":"Blur"},{"not_picked":["Cloak And Dagger","Caltrops"],"picked":"Catalyst"},{"not_picked":["Dodge and Roll","Dagger Spray"],"picked":"Backstab"},{"not_picked":["Dodge and Roll","Slice"],"picked":"Backflip"},{"not_picked":["Crippling Poison","Outmaneuver"],"picked":"Noxious Fumes"},{"not_picked":["Expertise","Leg Sweep"],"picked":"Dagger Throw"},{"not_picked":["Glass Knife","A Thousand Cuts"],"picked":"Burst"},{"not_picked":["Acrobatics","Underhanded Strike"],"picked":"Deflect"}],"player_experience":353070,"potions_floor_usage":[23],"damage_taken":[{"damage":5.0,"enemies":"Small Slimes","floor":1.0,"turns":4.0},{"damage":2.0,"enemies":"Jaw Worm","floor":2.0,"turns":4.0},{"damage":6.0,"enemies":"2 Louse","floor":4.0,"turns":3.0},{"damage":22.0,"enemies":"Lagavulin","floor":7.0,"turns":5.0},{"damage":3.0,"enemies":"Looter","floor":10.0,"turns":3.0},{"damage":3.0,"enemies":"Gremlin Gang","floor":12.0,"turns":5.0},{"damage":20.0,"enemies":"Gremlin Nob","floor":14.0,"turns":5.0},{"damage":23.0,"enemies":"Slime Boss","floor":16.0,"turns":10.0},{"damage":4.0,"enemies":"Shell Parasite","floor":18.0,"turns":7.0},{"damage":55,"enemies":"Slavers","floor":23,"turns":7}],"event_choices":[{"event_name":"Scrap Ooze","player_choice":"success","floor":5.0,"damage_taken":18.0},{"event_name":"Wheel of Change","player_choice":"Card Removal","floor":6.0,"damage_taken":0.0},{"event_name":"The Woman in Blue","player_choice":"Bought 0 Potions","floor":20.0,"damage_taken":0.0},{"event_name":"Drug Dealer","player_choice":"Ignored","floor":22.0,"damage_taken":0.0}],"boss_relics":[],"potions_floor_spawned":[4,10,12,14,18],"seed_played":"-8422382612313579134","killed_by":"Slavers","ascension_level":12,"is_trial":false}