{"path_per_floor":["M","M","?","$","M","R","M","E","T","R","?","R","$","?","R","B",null,"M","M","?","M","M","R","?"],"character_chosen":"THE_SILENT","items_purchased":["Trip"],"gold_per_floor":[139,149,249,174,189,189,204,230,257,257,257,257,68,68,68,144,144,159,176,176,193,213,213,213],"floor_reached":25,"campfire_rested":2,"playtime":1088,"current_hp_per_floor":[61,56,56,56,53,53,42,13,13,34,34,34,34,34,34,21,59,38,31,55,38,12,33,33],"items_purged":["Parasite","Strike_G"],"gold":213,"score":332,"play_id":"8f414d18-461e-40a3-8115-7860b49bad5c","is_prod":false,"is_daily":false,"is_ascension_mode":true,"campfire_upgraded":3,"path_taken":["M","M","?","$","M","R","M","E","T","R","?","R","?","?","R","BOSS","M","M","?","M","M","R","?","?"],"build_version":"2018-02-15-PROD1","purchased_purges":3,"victory":false,"master_deck":["Defend_G","Defend_G","Defend_G","Defend_G","Defend_G","Strike_G+1","Strike_G","Strike_G","Strike_G","Survivor","Neutralize+1","Wraith Form+1","Calculated Gamble+1","Acrobatics","Leg Sweep+1","Die Die Die","Trip","Die Die Die","Escape Plan","Blur","Heel Hook","Backflip","Prepared+1","Distraction+1"],"max_hp_per_floor":[75,75,75,72,72,72,72,72,72,72,72,72,72,72,72,72,72,72,72,72,72,72,72,72],"relics":["Tiny House","Ornamental Fan","Bag of Preparation","Orrery"],"card_choices":[{"not_picked":["Cloak And Dagger","Underhanded Strike"],"picked":"Wraith Form"},{"not_picked":["Quick Slash","Cloak And Dagger"],"picked":"Calculated Gamble"},{"not_picked":["Slice","PiercingWail"],"picked":"Acrobatics"},{"not_picked":["Sucker Punch","PiercingWail"],"picked":"Leg Sweep"},{"not_picked":["Skewer","Poisoned Stab"],"picked":"Die Die Die"},{"not_picked":["Corpse Explosion","Bullet Time"],"picked":"Die Die Die"},{"not_picked":["Crippling Poison","Outmaneuver"],"picked":"Escape Plan"},{"not_picked":["Leg Sweep","Crippling Poison"],"picked":"Blur"},{"not_picked":["Deflect","Endless Agony"],"picked":"Heel Hook"},{"not_picked":["Poisoned Stab","PiercingWail"],"picked":"Backflip"},{"not_picked":["Phantasmal Killer","Deadly Poison"],"picked":"Prepared"},{"not_picked":["PiercingWail","Flying Knee"],"picked":"Distraction"}],"player_experience":375221,"potions_floor_usage":[22,25],"damage_taken":[{"damage":7,"enemies":"Jaw Worm","floor":1,"turns":5},{"damage":5,"enemies":"Cultist","floor":2,"turns":4},{"damage":3,"enemies":"2 Louse","floor":5,"turns":3},{"damage":11,"enemies":"Looter","floor":7,"turns":3},{"damage":29,"enemies":"3 Sentries","floor":8,"turns":10},{"damage":13,"enemies":"The Guardian","floor":16,"turns":13},{"damage":21,"enemies":"Chosen","floor":18,"turns":6},{"damage":7,"enemies":"Spheric Guardian","floor":19,"turns":5},{"damage":17,"enemies":"Snake Plant","floor":21,"turns":6},{"damage":38,"enemies":"Cultist and Chosen","floor":22,"turns":8},{"damage":34,"enemies":"Centurion and Healer","floor":25,"turns":4}],"event_choices":[{"event_name":"Golden Shrine","player_choice":"Pray","floor":3,"damage_taken":0},{"event_name":"Liars Game","player_choice":"disagreed","floor":11,"damage_taken":0},{"event_name":"Accursed Blacksmith","player_choice":"Forge","floor":14,"damage_taken":0},{"event_name":"The Library","player_choice":"Heal","floor":20,"damage_taken":0},{"event_name":"Vampires","player_choice":"Ignored","floor":24,"damage_taken":0}],"boss_relics":[{"not_picked":["Philosopher\u0027s Stone","Black Star"],"picked":"Orrery"}],"potions_floor_spawned":[1,5,16,18,21,22],"seed_played":"-692179791400925331","killed_by":"Centurion and Healer","ascension_level":13,"is_trial":false}