{"path_per_floor":["M","M","$","M","?","R","M","R","T","$","?","R","M","M","R","B",null,"M","$","?","$","?","R","?","R","T","E","T","R","M","M","R","B",null,"M","?","M","?","M","R","$","E","T","E","R","$","M","?","R","B"],"character_chosen":"THE_SILENT","items_purchased":["Catalyst","Noxious Fumes","Footwork","Dash","Unceasing Top","Finesse"],"gold_per_floor":[115,129,53,64,64,64,83,83,83,8,8,8,29,49,49,168,168,188,113,113,33,33,33,33,33,33,364,364,364,387,406,406,526,526,540,540,553,553,573,573,2,45,45,85,85,85,110,110,110,110],"floor_reached":51,"campfire_rested":2,"playtime":3625,"current_hp_per_floor":[58,51,51,51,51,51,42,42,42,42,29,29,27,27,27,3,50,33,33,33,33,33,33,33,33,33,5,5,24,26,40,40,16,53,50,50,38,28,22,41,41,50,50,60,60,60,46,46,46,57],"items_purged":["Crippling Poison","Sucker Punch"],"gold":110,"play_id":"a78c25e0-d614-4368-8102-1747f6aaf9ad","is_prod":false,"is_daily":false,"is_ascension_mode":true,"campfire_upgraded":9,"path_taken":["M","M","$","M","?","R","M","R","T","$","?","R","M","M","R","BOSS","M","$","?","?","?","R","?","R","T","E","?","R","M","?","R","BOSS","M","?","M","?","M","R","$","E","T","E","R","$","?","?","R","BOSS"],"build_version":"2018-02-01-PROD3","purchased_purges":2,"victory":true,"master_deck":["Survivor+1","Neutralize+1","Dagger Spray+1","Catalyst+1","Prepared","Dodge and Roll","Noxious Fumes+1","After Image+1","Deadly Poison","Terror","Deflect","Dodge and Roll","Bane","Acrobatics","Deflect","Footwork+1","Blur+1","Venomology","Noxious Fumes","Well Laid Plans+1","Madness","Madness","Prepared+1","Dash+1","Finesse","Footwork+1","Backflip+1"],"max_hp_per_floor":[70,70,70,70,65,65,65,65,65,65,65,65,65,65,65,65,65,65,65,65,65,65,65,65,65,65,65,65,65,65,65,65,65,65,65,65,65,65,65,65,65,65,65,65,65,65,65,65,65,65],"relics":["Ring of the Snake","Bag of Marbles","Golden Idol","Shovel","Pandora\u0027s Box","Torii","Old Coin","Bird Faced Urn","Philosopher\u0027s Stone","Unceasing Top","Ancient Tea Set","Girya","Molten Egg 2"],"card_choices":[{"not_picked":["Slice","Poisoned Stab"],"picked":"Bouncing Flask"},{"not_picked":["Setup","Deflect"],"picked":"Dagger Spray"},{"not_picked":["Bane","Predator"],"picked":"Prepared"},{"not_picked":["Quick Slash","Setup"],"picked":"Dodge and Roll"},{"not_picked":["Tools of the Trade","Venomology"],"picked":"After Image"},{"not_picked":["Bouncing Flask","All Out Attack"],"picked":"Blur"},{"not_picked":["Glass Knife","Storm of Steel"],"picked":"Venomology"},{"not_picked":["Sucker Punch","Poisoned Stab"],"picked":"Noxious Fumes"},{"not_picked":["PiercingWail","Choke"],"picked":"Well Laid Plans"},{"not_picked":["Finisher","Cloak And Dagger"],"picked":"Prepared"},{"not_picked":["Dodge and Roll","All Out Attack"],"picked":"Footwork"},{"not_picked":["Phantasmal Killer","Outmaneuver"],"picked":"Backflip"}],"player_experience":285229,"potions_floor_usage":[16,16,18,27,31,35,42,42,47,50,50,50],"damage_taken":[{"damage":5,"enemies":"Blue Slaver","floor":1,"turns":4},{"damage":7,"enemies":"Small Slimes","floor":2,"turns":3},{"damage":0,"enemies":"2 Louse","floor":4,"turns":1},{"damage":9,"enemies":"2 Fungi Beasts","floor":7,"turns":3},{"damage":2,"enemies":"Large Slime","floor":13,"turns":5},{"damage":0,"enemies":"3 Louse","floor":14,"turns":1},{"damage":24,"enemies":"Slime Boss","floor":16,"turns":11},{"damage":17,"enemies":"2 Thieves","floor":18,"turns":5},{"damage":28,"enemies":"Slavers","floor":27,"turns":7},{"damage":0,"enemies":"Spheric Guardian","floor":30,"turns":3},{"damage":7,"enemies":"Chosen and Byrds","floor":31,"turns":6},{"damage":30,"enemies":"Automaton","floor":33,"turns":10},{"damage":9,"enemies":"3 Darklings","floor":35,"turns":5},{"damage":20,"enemies":"Orb Walker","floor":37,"turns":5},{"damage":16,"enemies":"Maw","floor":39,"turns":8},{"damage":1,"enemies":"Nemesis","floor":42,"turns":7},{"damage":0,"enemies":"Giant Head","floor":44,"turns":8},{"damage":19,"enemies":"Sphere and 2 Shapes","floor":47,"turns":5},{"damage":1,"enemies":"Donu and Deca","floor":50,"turns":11}],"event_choices":[{"event_name":"Golden Idol","player_choice":"Lose Max HP","floor":5,"damage_taken":0},{"event_name":"Shining Light","player_choice":"Entered Light","floor":11,"damage_taken":0},{"event_name":"Drug Dealer","player_choice":"Ignored","floor":20,"damage_taken":0},{"event_name":"Back to Basics","player_choice":"Elegance","floor":22,"damage_taken":0},{"event_name":"Addict","player_choice":"Ignored","floor":24,"damage_taken":0},{"event_name":"Tomb of Lord Red Mask","player_choice":"Ignored","floor":36,"damage_taken":0},{"event_name":"Winding Halls","player_choice":"Embrace Madness","floor":38,"damage_taken":0}],"boss_relics":[{"not_picked":["Snecko Eye","Lizard Tail"],"picked":"Pandora\u0027s Box"},{"not_picked":["Black Star","Runic Dome"],"picked":"Philosopher\u0027s Stone"}],"potions_floor_spawned":[1,4,14,16,27,39],"seed_played":"5359451314859536886","ascension_level":6,"is_trial":false}