{"path_per_floor":["M","?","?","M","$","R","E","?","T","$","E","$","M","E","R","B",null,"M","?","?","M","M","R","$","R","T","R","M","R","E","T","R","B",null,"M","$","M","?","M","R","E","R","T","M","R","E","?","$","R","B"],"character_chosen":"THE_SILENT","items_purchased":["Escape Plan","Footwork","Deep Breath","Heel Hook"],"gold_per_floor":[110,285,285,304,229,229,263,263,263,92,121,44,62,95,95,198,198,165,90,90,103,120,120,120,120,120,120,130,130,163,163,163,263,293,311,89,105,105,123,123,156,156,228,243,243,277,332,111,111,111],"floor_reached":51,"campfire_rested":3,"playtime":3523,"current_hp_per_floor":[61,61,61,61,61,61,49,49,49,49,23,23,23,7,43,10,55,28,28,28,28,25,25,25,25,25,25,25,25,12,12,48,29,65,65,65,65,65,65,65,31,31,31,31,31,31,45,45,86,86],"items_purged":["Doubt","Strike_G","Strike_G","Strike_G"],"gold":111,"score":937,"play_id":"92296fba-17d9-4f26-9e51-86d2a9f3fe7f","is_prod":false,"is_daily":false,"is_ascension_mode":true,"campfire_upgraded":5,"path_taken":["M","?","?","M","?","R","E","?","T","$","E","$","M","E","R","BOSS","M","?","?","M","M","R","$","R","T","R","M","R","E","?","R","BOSS","M","$","M","?","M","R","E","R","T","M","R","E","?","$","R","BOSS"],"build_version":"2018-02-08-PROD1","purchased_purges":4,"victory":true,"master_deck":["Defend_G","Defend_G","Strike_G","Survivor","Neutralize+1","Dagger Spray+1","Bouncing Flask","Blur","Reflex","Escape Plan","Footwork+1","Prepared","Well Laid Plans+1","Backflip","Prepared+1","Finisher+1","Adrenaline","Prepared+1","Quick Slash+1","Deep Breath+1","After Image+1","Reflex+1","Backflip+1","Dash+1","Heel Hook"],"max_hp_per_floor":[70,70,70,70,70,70,70,70,70,70,70,70,70,70,70,70,70,70,70,70,70,70,70,70,70,70,70,70,70,70,70,70,70,75,75,75,75,75,75,75,75,75,75,75,75,75,89,89,89,89],"relics":["Ring of the Snake","Ginger","Girya","Gambling Chip","Regal Pillow","Sozu","Thread and Needle","Bag of Marbles","Torii","Tiny House","Ancient Tea Set","Mercury Hourglass","Toxic Egg 2","Mango"],"card_choices":[{"not_picked":["Flying Knee","Flechettes"],"picked":"Dagger Spray"},{"not_picked":["Dagger Spray","Outmaneuver"],"picked":"Blur"},{"not_picked":["Prepared","Backstab"],"picked":"Reflex"},{"not_picked":["Cloak And Dagger","Sucker Punch"],"picked":"Prepared"},{"not_picked":["PiercingWail","Flechettes"],"picked":"Well Laid Plans"},{"not_picked":["Predator","Outmaneuver"],"picked":"Backflip"},{"not_picked":["Quick Slash","Acrobatics"],"picked":"Prepared"},{"not_picked":["Cloak And Dagger","Well Laid Plans"],"picked":"Finisher"},{"not_picked":["Bullet Time","Night Terror"],"picked":"Adrenaline"},{"not_picked":["Outmaneuver","Backstab"],"picked":"Prepared"},{"not_picked":["Dagger Throw","Flying Knee"],"picked":"Quick Slash"},{"not_picked":["Leg Sweep","Bane"],"picked":"After Image"},{"not_picked":["Underhanded Strike","Acrobatics"],"picked":"Reflex"},{"not_picked":["Quick Slash","Well Laid Plans"],"picked":"Backflip"},{"not_picked":["Bane","Flying Knee"],"picked":"Dash"}],"player_experience":320549,"potions_floor_usage":[14,16],"damage_taken":[{"damage":2,"enemies":"Cultist","floor":1,"turns":4},{"damage":0,"enemies":"2 Louse","floor":4,"turns":2},{"damage":12,"enemies":"Lagavulin","floor":7,"turns":8},{"damage":26,"enemies":"Gremlin Nob","floor":11,"turns":4},{"damage":0,"enemies":"Jaw Worm","floor":13,"turns":4},{"damage":16,"enemies":"Lagavulin","floor":14,"turns":6},{"damage":33,"enemies":"Hexaghost","floor":16,"turns":12},{"damage":27,"enemies":"2 Thieves","floor":18,"turns":5},{"damage":0,"enemies":"3 Byrds","floor":21,"turns":5},{"damage":3,"enemies":"Snake Plant","floor":22,"turns":5},{"damage":0,"enemies":"Snecko","floor":28,"turns":5},{"damage":13,"enemies":"Slavers","floor":30,"turns":5},{"damage":19,"enemies":"Champ","floor":33,"turns":13},{"damage":0,"enemies":"3 Shapes","floor":35,"turns":5},{"damage":0,"enemies":"Orb Walker","floor":37,"turns":3},{"damage":0,"enemies":"Maw","floor":39,"turns":6},{"damage":34,"enemies":"Giant Head","floor":41,"turns":8},{"damage":0,"enemies":"4 Shapes","floor":44,"turns":5},{"damage":0,"enemies":"Nemesis","floor":46,"turns":7},{"damage":0,"enemies":"Mysterious Sphere","floor":47,"turns":5},{"damage":0,"enemies":"Donu and Deca","floor":50,"turns":10}],"event_choices":[{"event_name":"Liars Game","player_choice":"agreed","floor":2,"damage_taken":0},{"event_name":"Match and Keep!","player_choice":"1 cards matched","floor":3,"damage_taken":0},{"event_name":"Living Wall","player_choice":"Forget","floor":8,"damage_taken":0},{"event_name":"Beggar","player_choice":"Gave Gold","floor":19,"damage_taken":0},{"event_name":"Back to Basics","player_choice":"Elegance","floor":20,"damage_taken":0},{"event_name":"Tomb of Lord Red Mask","player_choice":"Ignored","floor":38,"damage_taken":0},{"event_name":"Mysterious Sphere","player_choice":"Fight","floor":47,"damage_taken":0}],"boss_relics":[{"not_picked":["Cursed Key","Velvet Choker"],"picked":"Sozu"},{"not_picked":["White Beast Statue","Question Card"],"picked":"Tiny House"}],"potions_floor_spawned":[11,13,14,18,28,39,41,46,47],"seed_played":"-2548164757219227996","ascension_level":9,"is_trial":false}