{"path_per_floor":["M","?","?","$","M","R","?","R","T","?","M","M","R","M","R","B",null,"M","?","?","M","?","R","M","M","T","E","M","R","E","M","R","B",null,"M","M","$","M","M","R","E","M","T","?","R","M","M","E","R","B"],"character_chosen":"THE_SILENT","items_purchased":["Toolbox","Art of War"],"gold_per_floor":[111,111,111,36,50,50,80,80,80,80,92,102,102,115,115,212,212,230,230,230,244,244,244,263,281,281,315,335,335,368,380,380,484,484,500,516,20,30,45,45,73,88,88,88,88,102,120,154,154,154],"floor_reached":51,"campfire_rested":2,"playtime":5225,"current_hp_per_floor":[63,30,23,23,21,57,57,57,57,57,53,38,38,35,35,19,57,47,34,34,16,16,53,49,42,42,42,42,42,42,44,44,48,68,66,48,48,50,52,52,44,46,46,37,37,51,53,56,56,55],"items_purged":["Defend_G","Infinite Blades"],"gold":154,"score":897,"play_id":"7e5c5028-a130-4a49-b22c-6e48fe81f038","is_prod":false,"is_daily":false,"is_ascension_mode":true,"campfire_upgraded":8,"path_taken":["M","?","?","$","M","R","?","R","T","?","?","M","R","M","R","BOSS","M","?","?","M","?","R","M","?","T","E","M","R","E","M","R","BOSS","M","M","$","M","M","R","E","M","T","?","R","M","M","E","R","BOSS"],"build_version":"2018-02-08-PROD1","purchased_purges":2,"victory":true,"master_deck":["Defend_G","Defend_G","Strike_G+1","Strike_G","Survivor","Neutralize+1","Poisoned Stab+1","Backflip+1","Prepared+1","Expertise+1","Venomology+1","Slice+1","Corpse Explosion+1","Bullet Time+1","Concentrate+1","Dagger Throw","Tools of the Trade+1","Prepared","Heel Hook+1","Grand Finale","Prepared+1","Pain","Madness+1","Madness+1","Eviscerate","A Thousand Cuts+1","Envenom"],"max_hp_per_floor":[70,70,70,70,70,70,70,70,70,70,70,70,70,70,70,70,70,70,75,75,75,75,75,75,75,75,75,75,75,75,75,75,75,75,75,75,75,75,75,75,75,75,75,75,75,75,75,75,75,75],"relics":["Ring of the Snake","Regal Pillow","Letter Opener","Du-Vu Doll","Nloth\u0027s Gift","Tough Bandages","Paper Crane","Dream Catcher","Bird Faced Urn","Cursed Key","Toolbox","Art of War","Matryoshka","Whetstone","Toxic Egg 2","Singing Bowl"],"card_choices":[{"not_picked":["Bane","Flying Knee"],"picked":"Poisoned Stab"},{"not_picked":["Well Laid Plans","Prepared"],"picked":"Backflip"},{"not_picked":["Envenom","PiercingWail"],"picked":"Prepared"},{"not_picked":["Dagger Spray","Endless Agony"],"picked":"Expertise"},{"not_picked":["Bullet Time","Burst"],"picked":"Venomology"},{"not_picked":["Dagger Spray","Dagger Throw"],"picked":"Concentrate"},{"not_picked":["Deflect","Night Terror"],"picked":"Dagger Throw"},{"not_picked":["Terror","Deadly Poison"],"picked":"Tools of the Trade"},{"not_picked":["Setup","Outmaneuver"],"picked":"Prepared"},{"not_picked":["Dodge and Roll","Slice"],"picked":"Heel Hook"},{"not_picked":["Envenom","Bullet Time"],"picked":"Grand Finale"},{"not_picked":["Crippling Poison","Deflect"],"picked":"Prepared"},{"not_picked":["Dodge and Roll","Sucker Punch"],"picked":"Eviscerate"},{"not_picked":["Flying Knee","Acrobatics"],"picked":"A Thousand Cuts"},{"not_picked":["Malaise","Concentrate"],"picked":"Envenom"}],"player_experience":309826,"potions_floor_usage":[16,21,24,24,25,27,27,28,30,31,33,35,35,36,38,39,41,42,46,47,48,50,50,50],"damage_taken":[{"damage":0,"enemies":"Cultist","floor":1,"turns":4},{"damage":2,"enemies":"Jaw Worm","floor":5,"turns":4},{"damage":4,"enemies":"2 Louse","floor":11,"turns":3},{"damage":15,"enemies":"Large Slime","floor":12,"turns":5},{"damage":3,"enemies":"Exordium Thugs","floor":14,"turns":4},{"damage":16,"enemies":"Hexaghost","floor":16,"turns":9},{"damage":10,"enemies":"Shell Parasite","floor":18,"turns":5},{"damage":18,"enemies":"Chosen","floor":21,"turns":6},{"damage":4,"enemies":"Snecko","floor":24,"turns":5},{"damage":7,"enemies":"Sentry and Sphere","floor":25,"turns":5},{"damage":0,"enemies":"Gremlin Leader","floor":27,"turns":5},{"damage":0,"enemies":"Snake Plant","floor":28,"turns":5},{"damage":0,"enemies":"Book of Stabbing","floor":30,"turns":5},{"damage":0,"enemies":"3 Cultists","floor":31,"turns":4},{"damage":0,"enemies":"Automaton","floor":33,"turns":10},{"damage":6,"enemies":"3 Darklings","floor":35,"turns":4},{"damage":20,"enemies":"3 Shapes","floor":36,"turns":5},{"damage":0,"enemies":"Maw","floor":38,"turns":6},{"damage":0,"enemies":"3 Darklings","floor":39,"turns":6},{"damage":10,"enemies":"2 Orb Walkers","floor":41,"turns":5},{"damage":0,"enemies":"4 Shapes","floor":42,"turns":2},{"damage":0,"enemies":"Maw","floor":46,"turns":5},{"damage":0,"enemies":"Sphere and 2 Shapes","floor":47,"turns":1},{"damage":1,"enemies":"Nemesis","floor":48,"turns":6},{"damage":7,"enemies":"Donu and Deca","floor":50,"turns":7}],"event_choices":[{"event_name":"Scrap Ooze","player_choice":"success","floor":2,"damage_taken":33},{"event_name":"Golden Wing","player_choice":"Card Removal","floor":3,"damage_taken":0},{"event_name":"Dead Adventurer","player_choice":"Searched \u00272\u0027 times","floor":7,"damage_taken":0},{"event_name":"Accursed Blacksmith","player_choice":"Forge","floor":10,"damage_taken":0},{"event_name":"Forgotten Altar","player_choice":"Shed Blood","floor":19,"damage_taken":0},{"event_name":"N\u0027loth","player_choice":"Traded a Astrolabe","floor":20,"damage_taken":0},{"event_name":"The Mausoleum","player_choice":"Yes","floor":22,"damage_taken":0},{"event_name":"Winding Halls","player_choice":"Embrace Madness","floor":44,"damage_taken":0}],"boss_relics":[{"not_picked":["Ectoplasm","Calling Bell"],"picked":"Astrolabe"},{"not_picked":["Orrery","White Beast Statue"],"picked":"Cursed Key"}],"potions_floor_spawned":[11,14,21,24,27,33,35,36,41],"seed_played":"2611596021358088907","ascension_level":8,"is_trial":false}