{"path_per_floor":["M","M","?","M","$","R","?","M","T","R","M","?","M","M","R","B",null,"M","?","M","$","?","R","M","$","T","R","$","E","M"],"character_chosen":"THE_SILENT","items_purchased":["Kunai","Backflip"],"gold_per_floor":[113,123,123,141,66,66,66,76,76,76,96,96,115,134,134,231,231,245,245,262,20,20,20,36,13,13,13,13,48,63],"floor_reached":31,"campfire_rested":2,"playtime":1784,"current_hp_per_floor":[61,59,45,45,45,45,45,44,44,44,44,44,44,37,58,47,70,64,48,48,48,48,48,41,41,41,62,62,23,20],"items_purged":["Strike_G"],"gold":63,"score":259,"play_id":"a17848bf-712f-4e15-8712-20ef1dceff0d","is_prod":false,"is_daily":false,"is_ascension_mode":true,"campfire_upgraded":3,"path_taken":["M","?","?","M","$","R","?","M","T","R","M","?","M","?","R","BOSS","M","?","M","$","?","R","?","?","T","R","$","E","M","M"],"build_version":"2018-02-15-PROD1","purchased_purges":1,"victory":false,"master_deck":["Defend_G","Defend_G","Defend_G","Defend_G","Defend_G","Strike_G","Strike_G+1","Strike_G","Survivor","Neutralize+1","Envenom+1","Dagger Throw","Heel Hook","Quick Slash","Dash+1","Caltrops","Outmaneuver","Sucker Punch","Night Terror","Prepared","Dagger Spray+1","Cloak And Dagger","Backflip","Dodge and Roll"],"max_hp_per_floor":[70,70,70,70,70,70,70,70,70,70,70,70,70,70,70,70,70,70,70,70,70,70,70,70,70,70,70,70,70,70],"relics":["Ring of the Snake","Du-Vu Doll","Sozu","Nilry\u0027s Codex","Kunai","Pen Nib","Dead Branch"],"card_choices":[{"not_picked":["Quick Slash","Adrenaline"],"picked":"Dagger Throw"},{"not_picked":["Dagger Throw","PiercingWail"],"picked":"Heel Hook"},{"not_picked":["Expertise","Riddle With Holes"],"picked":"Quick Slash"},{"not_picked":["Masterful Stab","Sucker Punch"],"picked":"Dash"},{"not_picked":["Slice","Bane"],"picked":"Caltrops"},{"not_picked":["Deadly Poison","Blade Dance"],"picked":"Outmaneuver"},{"not_picked":["Quick Slash","PiercingWail"],"picked":"Sucker Punch"},{"not_picked":["Wraith Form","Corpse Explosion"],"picked":"Night Terror"},{"not_picked":["Deadly Poison","Cloak And Dagger"],"picked":"Prepared"},{"not_picked":["Prepared","Accuracy"],"picked":"Dagger Spray"},{"not_picked":["Underhanded Strike","Choke"],"picked":"Cloak And Dagger"},{"not_picked":["Slice","Prepared"],"picked":"Dodge and Roll"}],"player_experience":227641,"potions_floor_usage":[],"damage_taken":[{"damage":9,"enemies":"Cultist","floor":1,"turns":5},{"damage":2,"enemies":"Jaw Worm","floor":2,"turns":5},{"damage":0,"enemies":"Small Slimes","floor":4,"turns":4},{"damage":1,"enemies":"Exordium Thugs","floor":8,"turns":5},{"damage":0,"enemies":"Looter","floor":11,"turns":4},{"damage":0,"enemies":"Blue Slaver","floor":13,"turns":5},{"damage":7,"enemies":"Large Slime","floor":14,"turns":7},{"damage":11,"enemies":"Hexaghost","floor":16,"turns":11},{"damage":6,"enemies":"Chosen","floor":18,"turns":4},{"damage":0,"enemies":"3 Byrds","floor":20,"turns":4},{"damage":7,"enemies":"Centurion and Healer","floor":24,"turns":8},{"damage":39,"enemies":"Book of Stabbing","floor":29,"turns":7},{"damage":3,"enemies":"Snake Plant","floor":30,"turns":6},{"damage":26,"enemies":"Cultist and Chosen","floor":31,"turns":6}],"event_choices":[{"event_name":"Shining Light","player_choice":"Entered Light","floor":3,"damage_taken":0},{"event_name":"The Woman in Blue","player_choice":"Bought 0 Potions","floor":7,"damage_taken":0},{"event_name":"Accursed Blacksmith","player_choice":"Ignore","floor":12,"damage_taken":0},{"event_name":"Cursed Tome","player_choice":"Obtained Book","floor":19,"damage_taken":0},{"event_name":"Drug Dealer","player_choice":"Ignored","floor":22,"damage_taken":0}],"boss_relics":[{"not_picked":["Cursed Key","White Beast Statue"],"picked":"Sozu"}],"potions_floor_spawned":[4,14,18,20,29,30],"seed_played":"-7240070230957683506","killed_by":"Cultist and Chosen","ascension_level":1,"is_trial":false}