{"path_per_floor":["M","M","$","M","T","R","M","R","T","M","R","E","M","M","R","B",null,"M","$","?","?","M","E","R","M","T","E","M","M","E","?","R","B",null,"M","$","?","?","M","R","?","R","T","M","M","M","M","M","R"],"character_chosen":"THE_SILENT","items_purchased":["Medical Kit","Poisoned Stab","Finesse","Footwork","Blur","Lantern"],"gold_per_floor":[366,380,109,123,123,123,138,138,138,148,148,176,189,209,209,314,314,254,65,65,65,80,109,109,128,128,158,170,181,210,210,210,305,305,321,14,14,0,12,12,67,67,93,107,121,138,158,171,171],"floor_reached":50,"campfire_rested":1,"playtime":3529,"current_hp_per_floor":[59,59,59,59,59,59,59,59,73,73,73,56,56,42,42,38,67,64,64,64,64,64,33,33,33,33,41,39,47,51,51,51,33,71,71,71,71,71,71,71,45,45,45,45,45,45,54,54,79],"items_purged":["Strike_G","Defend_G","Normality"],"gold":171,"score":661,"play_id":"fdedeb0f-86ef-4886-afec-632d6b6cd7c3","is_prod":false,"is_daily":false,"is_ascension_mode":true,"campfire_upgraded":8,"path_taken":["M","M","$","?","?","R","M","R","T","M","R","E","M","M","R","BOSS","M","$","?","?","M","E","R","M","T","E","?","M","E","?","R","BOSS","M","$","?","?","M","R","?","R","T","M","M","?","?","?","R","BOSS"],"build_version":"2018-02-08-PROD1","purchased_purges":4,"victory":false,"master_deck":["Defend_G","Defend_G","Defend_G","Defend_G","Strike_G","Strike_G","Strike_G","Strike_G","Survivor","Neutralize+1","Escape Plan","Dodge and Roll+1","Acrobatics","Footwork+1","Deadly Poison","Deadly Poison+1","Backflip","PiercingWail","A Thousand Cuts","Deflect+1","Poisoned Stab","Finesse","Noxious Fumes+1","Dagger Spray","Dash+1","Well Laid Plans","After Image+1","Footwork+1","Blur","Noxious Fumes+1","Deflect+1","Catalyst+1","Catalyst","Caltrops"],"max_hp_per_floor":[63,63,63,63,63,63,63,63,77,77,77,77,77,77,77,77,77,77,77,77,77,77,77,77,77,77,84,84,84,84,84,84,84,84,84,84,84,84,84,84,84,84,84,84,84,84,84,84,84],"relics":["Ring of the Snake","Medical Kit","Gremlin Horn","Mango","Smiling Mask","Velvet Choker","Bag of Preparation","Meat on the Bone","Strawberry","Vajra","Thread and Needle","Sozu","Lantern","Red Mask","Tingsha","Prayer Wheel"],"card_choices":[{"not_picked":["Dodge and Roll","Outmaneuver"],"picked":"Escape Plan"},{"not_picked":["Quick Slash","Setup"],"picked":"Dodge and Roll"},{"not_picked":["Riddle With Holes","Deadly Poison"],"picked":"Acrobatics"},{"not_picked":["Catalyst","Underhanded Strike"],"picked":"Footwork"},{"not_picked":["Flying Knee","Sucker Punch"],"picked":"Deadly Poison"},{"not_picked":["Quick Slash","Sucker Punch"],"picked":"Deadly Poison"},{"not_picked":["Slice","Bane"],"picked":"Backflip"},{"not_picked":["Phantasmal Killer","Outmaneuver"],"picked":"PiercingWail"},{"not_picked":["Burst","Corpse Explosion"],"picked":"A Thousand Cuts"},{"not_picked":["Deadly Poison","Malaise"],"picked":"Deflect"},{"not_picked":["Dagger Throw","Flying Knee"],"picked":"Dagger Spray"},{"not_picked":["Blur","Backflip"],"picked":"Dash"},{"not_picked":["Masterful Stab","Leg Sweep"],"picked":"Well Laid Plans"},{"not_picked":["Dodge and Roll","Bane"],"picked":"After Image"},{"not_picked":["Cloak And Dagger","Skewer"],"picked":"Deflect"},{"not_picked":["Skewer","Infinite Blades"],"picked":"Catalyst"},{"not_picked":["Outmaneuver","Distraction"],"picked":"Catalyst"},{"not_picked":["Concentrate","Grand Finale"],"picked":"Caltrops"}],"player_experience":317020,"potions_floor_usage":[],"damage_taken":[{"damage":4.0,"enemies":"Blue Slaver","floor":1.0,"turns":7.0},{"damage":0.0,"enemies":"Small Slimes","floor":2.0,"turns":5.0},{"damage":0.0,"enemies":"2 Louse","floor":4.0,"turns":3.0},{"damage":0.0,"enemies":"Red Slaver","floor":7.0,"turns":7.0},{"damage":0.0,"enemies":"Exordium Thugs","floor":10.0,"turns":5.0},{"damage":29.0,"enemies":"Gremlin Nob","floor":12.0,"turns":7.0},{"damage":0.0,"enemies":"3 Louse","floor":13.0,"turns":6.0},{"damage":14.0,"enemies":"Gremlin Gang","floor":14.0,"turns":7.0},{"damage":4.0,"enemies":"The Guardian","floor":16.0,"turns":11.0},{"damage":3.0,"enemies":"2 Thieves","floor":18.0,"turns":4.0},{"damage":0.0,"enemies":"Chosen","floor":22.0,"turns":5.0},{"damage":31.0,"enemies":"Slavers","floor":23.0,"turns":7.0},{"damage":0.0,"enemies":"3 Cultists","floor":25.0,"turns":6.0},{"damage":11.0,"enemies":"Gremlin Leader","floor":27.0,"turns":7.0},{"damage":14.0,"enemies":"Snake Plant","floor":28.0,"turns":5.0},{"damage":4.0,"enemies":"Sentry and Sphere","floor":29.0,"turns":8.0},{"damage":8.0,"enemies":"Book of Stabbing","floor":30.0,"turns":7.0},{"damage":30.0,"enemies":"Champ","floor":33.0,"turns":16.0},{"damage":0.0,"enemies":"3 Shapes","floor":35.0,"turns":6.0},{"damage":0.0,"enemies":"Orb Walker","floor":39.0,"turns":4.0},{"damage":26.0,"enemies":"Mysterious Sphere","floor":41.0,"turns":5.0},{"damage":0.0,"enemies":"3 Darklings","floor":44.0,"turns":6.0},{"damage":0.0,"enemies":"Maw","floor":45.0,"turns":8.0},{"damage":0.0,"enemies":"4 Shapes","floor":46.0,"turns":5.0},{"damage":3.0,"enemies":"Sphere and 2 Shapes","floor":47.0,"turns":5.0},{"damage":0.0,"enemies":"Maw","floor":48.0,"turns":7.0},{"damage":79,"enemies":"Awakened One","floor":50,"turns":5}],"event_choices":[{"event_name":"Drug Dealer","player_choice":"Ignored","floor":20.0,"damage_taken":0.0},{"event_name":"The Library","player_choice":"Read","floor":21.0,"damage_taken":0.0},{"event_name":"Accursed Blacksmith","player_choice":"Rummage","floor":31.0,"damage_taken":0.0},{"event_name":"Duplicator","player_choice":"One dupe","floor":37.0,"damage_taken":0.0},{"event_name":"Tomb of Lord Red Mask","player_choice":"Paid","floor":38.0,"damage_taken":0.0},{"event_name":"Mysterious Sphere","player_choice":"Fight","floor":41.0,"damage_taken":0.0}],"boss_relics":[],"potions_floor_spawned":[7,10,12,13,16,22,25,27,29,30,33,41,44,46,47],"seed_played":"8128994697638274040","killed_by":"Awakened One","ascension_level":9,"is_trial":false}