{"path_per_floor":["M","?","?","?","M","R","E","R","T","M","?","M","R","?","R","B",null,"M","?","M","M","$"],"character_chosen":"THE_SILENT","items_purchased":["Footwork","Jack Of All Trades","Regen Potion","Malaise"],"gold_per_floor":[110,110,110,110,124,124,158,158,181,193,193,209,209,238,238,340,370,390,290,305,325,65],"floor_reached":23,"campfire_rested":1,"playtime":1229,"current_hp_per_floor":[56,61,54,51,51,51,12,34,34,31,31,31,31,25,25,7,63,63,63,35,14,14],"items_purged":[],"gold":65,"score":255,"play_id":"695a9a81-dc6c-420b-9073-551e294131e5","is_prod":false,"is_daily":false,"is_ascension_mode":true,"campfire_upgraded":3,"path_taken":["M","?","?","?","M","R","E","R","T","M","?","M","R","?","R","BOSS","M","?","M","?","$","E"],"build_version":"2018-02-08-PROD1","purchased_purges":0,"victory":false,"master_deck":["Defend_G+1","Defend_G","Defend_G","Defend_G","Strike_G","Strike_G","Strike_G","Strike_G","Survivor+1","Neutralize+1","Backflip","Dash+1","Distraction+1","Reflex","Grand Finale","Heel Hook","Escape Plan","J.A.X.","Predator","Backflip","Footwork","Jack Of All Trades","Malaise"],"max_hp_per_floor":[70,75,75,75,75,75,75,75,75,75,75,75,75,75,75,75,80,80,80,80,80,80],"relics":["Ring of the Snake","War Paint","Pen Nib","Dead Branch","Ancient Tea Set","Odd Mushroom","Tiny House"],"card_choices":[{"not_picked":["Outmaneuver","Well Laid Plans"],"picked":"Backflip"},{"not_picked":["Underhanded Strike","Dodge and Roll"],"picked":"Dash"},{"not_picked":["Malaise","Slice"],"picked":"Distraction"},{"not_picked":["Outmaneuver","Underhanded Strike"],"picked":"Reflex"},{"not_picked":["Storm of Steel","Phantasmal Killer"],"picked":"Grand Finale"},{"not_picked":["Underhanded Strike","Acrobatics"],"picked":"Heel Hook"},{"not_picked":["Crippling Poison","Underhanded Strike"],"picked":"Escape Plan"},{"not_picked":["Dagger Throw","Bouncing Flask"],"picked":"Predator"},{"not_picked":["Dodge and Roll","Masterful Stab"],"picked":"Backflip"}],"player_experience":294776,"potions_floor_usage":[16,16,16,20,20,23,23],"damage_taken":[{"damage":7,"enemies":"Small Slimes","floor":1,"turns":3},{"damage":0,"enemies":"Cultist","floor":5,"turns":4},{"damage":39,"enemies":"Lagavulin","floor":7,"turns":11},{"damage":3,"enemies":"Jaw Worm","floor":10,"turns":6},{"damage":0,"enemies":"Looter","floor":12,"turns":4},{"damage":6,"enemies":"The Mushroom Lair","floor":14,"turns":6},{"damage":18,"enemies":"Slime Boss","floor":16,"turns":14},{"damage":0,"enemies":"Chosen","floor":18,"turns":7},{"damage":28,"enemies":"2 Thieves","floor":20,"turns":4},{"damage":21,"enemies":"Snecko","floor":21,"turns":4},{"damage":25,"enemies":"Gremlin Leader","floor":23,"turns":2}],"event_choices":[{"event_name":"Big Fish","player_choice":"Donut","floor":2,"damage_taken":0},{"event_name":"Golden Wing","player_choice":"Card Removal","floor":3,"damage_taken":0},{"event_name":"Scrap Ooze","player_choice":"success","floor":4,"damage_taken":3},{"event_name":"Living Wall","player_choice":"Forget","floor":11,"damage_taken":0},{"event_name":"Mushrooms","player_choice":"Fought Mushrooms","floor":14,"damage_taken":0},{"event_name":"Drug Dealer","player_choice":"Got JAXXED","floor":19,"damage_taken":0}],"boss_relics":[{"not_picked":["White Beast Statue","Black Star"],"picked":"Tiny House"}],"potions_floor_spawned":[5,7,10,14,18],"seed_played":"-5712468761062467345","killed_by":"Gremlin Leader","ascension_level":7,"is_trial":false}