{"path_per_floor":["M","$","?","M","?","E","?","M","T","M","M","M","M","M","R","B",null,"M","?","M","$","?","R","M","M","T","R","M","M","R","?","R","B",null,"M","?","M","?","M","M","$","R","T","M","R","M","M","M","R","B"],"character_chosen":"THE_SILENT","items_purchased":["Infinite Blades","Infinite Blades","Paper Crane"],"gold_per_floor":[114,1,1,21,21,53,53,68,98,114,127,137,153,166,166,266,266,286,201,212,139,139,139,153,166,193,193,203,217,217,217,217,318,318,337,337,357,357,373,388,36,36,63,73,73,90,101,116,116,116],"floor_reached":51,"campfire_rested":7,"playtime":4000,"current_hp_per_floor":[70,70,58,58,51,51,51,51,51,42,42,42,41,41,62,16,70,59,59,51,51,35,56,41,41,41,62,49,45,45,32,54,23,75,36,36,30,35,22,15,15,37,37,37,59,59,49,49,71,39],"items_purged":["Strike_G","Distraction"],"gold":116,"score":484,"play_id":"3f26f230-2455-4e55-a391-c984556d7787","is_prod":false,"is_daily":false,"is_ascension_mode":false,"campfire_upgraded":1,"path_taken":["M","$","?","M","?","E","?","?","T","?","M","M","M","M","R","BOSS","M","?","M","?","?","R","M","M","T","R","?","M","R","?","R","BOSS","M","?","M","?","M","M","$","R","T","M","R","M","?","M","R","BOSS"],"build_version":"2018-02-12-PROD1","purchased_purges":3,"victory":true,"master_deck":["Defend_G","Defend_G","Defend_G","Defend_G+1","Defend_G+1","Survivor","Neutralize","Caltrops+1","Infinite Blades","Dagger Spray","Acrobatics","Backflip","Dash","Well Laid Plans","Die Die Die","Bullet Time+1","Expertise+1","Bouncing Flask+1","Outmaneuver+1","Sucker Punch+1","Infinite Blades","Finisher","After Image","Dash+1","Footwork+1","Leg Sweep","Blur+1","Terror"],"max_hp_per_floor":[70,70,70,70,70,70,70,70,70,70,70,70,70,70,70,70,70,70,70,70,70,70,70,70,70,70,70,70,70,70,75,75,75,75,75,75,75,75,75,75,75,75,75,75,75,75,75,75,75,75],"relics":["Ring of the Snake","NeowsBlessing","Happy Flower","Mercury Hourglass","Dodecahedron","Tiny Chest","Astrolabe","Prayer Wheel","Enchiridion","War Paint","Philosopher\u0027s Stone","Paper Crane","Anchor"],"card_choices":[{"not_picked":["Skewer","Finisher"],"picked":"Caltrops"},{"not_picked":["Deflect","Expertise"],"picked":"Dodge and Roll"},{"not_picked":["Dodge and Roll","Poisoned Stab"],"picked":"Dagger Spray"},{"not_picked":["Deadly Poison","Expertise"],"picked":"Acrobatics"},{"not_picked":["Acrobatics","Outmaneuver"],"picked":"Backflip"},{"not_picked":["Outmaneuver","Dodge and Roll"],"picked":"Distraction"},{"not_picked":["Unload","Predator"],"picked":"Dash"},{"not_picked":["Deflect","Bane"],"picked":"Well Laid Plans"},{"not_picked":["Envenom","Tools of the Trade"],"picked":"Die Die Die"},{"not_picked":["Dagger Spray","Deadly Poison"],"picked":"Outmaneuver"},{"not_picked":["Deflect","Expertise"],"picked":"Sucker Punch"},{"not_picked":["All Out Attack","Deadly Poison"],"picked":"Finisher"},{"not_picked":["Unload","Night Terror"],"picked":"After Image"},{"not_picked":["Outmaneuver","Flying Knee"],"picked":"Dash"},{"not_picked":["Backflip","Poisoned Stab"],"picked":"Footwork"},{"not_picked":["Slice","Quick Slash"],"picked":"Leg Sweep"},{"not_picked":["Wraith Form","Acrobatics"],"picked":"Blur"},{"not_picked":["Outmaneuver","Well Laid Plans"],"picked":"Terror"}],"player_experience":172459,"potions_floor_usage":[24,33,50,50,50],"damage_taken":[{"damage":0.0,"enemies":"2 Louse","floor":1.0,"turns":1.0},{"damage":0.0,"enemies":"Small Slimes","floor":4.0,"turns":1.0},{"damage":0.0,"enemies":"Gremlin Nob","floor":6.0,"turns":1.0},{"damage":0.0,"enemies":"Jaw Worm","floor":8.0,"turns":4.0},{"damage":9.0,"enemies":"Exordium Thugs","floor":10.0,"turns":4.0},{"damage":0.0,"enemies":"Large Slime","floor":11.0,"turns":5.0},{"damage":0.0,"enemies":"3 Louse","floor":12.0,"turns":3.0},{"damage":1.0,"enemies":"Red Slaver","floor":13.0,"turns":4.0},{"damage":0.0,"enemies":"Gremlin Gang","floor":14.0,"turns":4.0},{"damage":46.0,"enemies":"The Guardian","floor":16.0,"turns":13.0},{"damage":11,"enemies":"2 Thieves","floor":18,"turns":3},{"damage":8,"enemies":"Shell Parasite","floor":20,"turns":5},{"damage":15,"enemies":"Cultist and Chosen","floor":24,"turns":4},{"damage":0,"enemies":"Centurion and Healer","floor":25,"turns":6},{"damage":13,"enemies":"Slaver and Parasite","floor":28,"turns":6},{"damage":4,"enemies":"3 Cultists","floor":29,"turns":3},{"damage":31,"enemies":"Automaton","floor":33,"turns":11},{"damage":39,"enemies":"3 Shapes","floor":35,"turns":3},{"damage":6,"enemies":"3 Darklings","floor":37,"turns":4},{"damage":13,"enemies":"Maw","floor":39,"turns":6},{"damage":7,"enemies":"Sphere and 2 Shapes","floor":40,"turns":5},{"damage":0,"enemies":"4 Shapes","floor":44,"turns":5},{"damage":0,"enemies":"3 Darklings","floor":46,"turns":6},{"damage":10,"enemies":"Sphere and 2 Shapes","floor":47,"turns":5},{"damage":0,"enemies":"4 Shapes","floor":48,"turns":5},{"damage":32,"enemies":"Awakened One","floor":50,"turns":14}],"event_choices":[{"event_name":"Scrap Ooze","player_choice":"success","floor":3.0,"damage_taken":12.0},{"event_name":"Golden Wing","player_choice":"Card Removal","floor":5.0,"damage_taken":0.0},{"event_name":"Dead Adventurer","player_choice":"Searched \u00271\u0027 times","floor":7.0,"damage_taken":0.0},{"event_name":"Addict","player_choice":"Obtained Relic","floor":19,"damage_taken":0},{"event_name":"Cursed Tome","player_choice":"Obtained Book","floor":22,"damage_taken":0},{"event_name":"Forgotten Altar","player_choice":"Shed Blood","floor":31,"damage_taken":0},{"event_name":"Tomb of Lord Red Mask","player_choice":"Ignored","floor":36,"damage_taken":0},{"event_name":"Bonfire Elementals","player_choice":"COMMON","floor":38,"damage_taken":0}],"boss_relics":[{"not_picked":["Tiny House","Runic Dome"],"picked":"Philosopher\u0027s Stone"}],"potions_floor_spawned":[1,10,11,13,14,18,24,33,39,46],"seed_played":"8339405332615822014","ascension_level":0,"is_trial":false}