{"path_per_floor":["M","?","$","?","$","R","E","R","T","R","M","M","M","E","R","B",null,"M","?","$","M","M","R","E","R","T"],"character_chosen":"THE_SILENT","items_purchased":["Well Laid Plans","Purity","Kunai"],"gold_per_floor":[115,190,16,16,16,16,47,47,98,98,108,125,144,175,175,277,277,290,290,34,44,56,56,87,87,87],"floor_reached":27,"campfire_rested":6,"playtime":913,"current_hp_per_floor":[66,55,55,41,41,62,28,49,49,70,68,65,63,53,70,27,70,51,51,51,28,21,42,4,25,35],"items_purged":[],"gold":87,"score":251,"play_id":"31efcb1e-b94f-41e8-83e3-71aef50a24ff","is_prod":false,"is_daily":false,"is_ascension_mode":true,"campfire_upgraded":0,"path_taken":["M","?","$","?","?","R","E","R","T","R","M","M","?","E","R","BOSS","M","?","?","M","M","R","E","R","T","E"],"build_version":"2018-02-08-PROD1","purchased_purges":0,"victory":false,"master_deck":["Defend_G","Defend_G","Defend_G","Defend_G+1","Defend_G","Strike_G","Strike_G+1","Strike_G","Strike_G+1","Strike_G","Survivor","Neutralize+1","Flying Knee","Well Laid Plans","Purity","Outmaneuver","Dagger Throw","Prepared","Terror","Prepared","Phantasmal Killer","Dagger Spray","Masterful Stab","Purity","Corpse Explosion","Quick Slash+1","Tactician","Outmaneuver+1"],"max_hp_per_floor":[70,70,70,70,70,70,70,70,70,70,70,70,70,70,70,70,70,70,70,70,70,70,70,70,70,80],"relics":["Ring of the Snake","Bag of Marbles","Blue Candle","Whetstone","Snake Skull","Lizard Tail","Kunai","Toxic Egg 2","Pear"],"card_choices":[{"not_picked":["Quick Slash","PiercingWail"],"picked":"Flying Knee"},{"not_picked":["Heel Hook","PiercingWail"],"picked":"Outmaneuver"},{"not_picked":["PiercingWail","Corpse Explosion"],"picked":"Dagger Throw"},{"not_picked":["Slice","Dagger Spray"],"picked":"Prepared"},{"not_picked":["Concentrate","Backstab"],"picked":"Terror"},{"not_picked":["Sucker Punch","Corpse Explosion"],"picked":"Prepared"},{"not_picked":["Night Terror","Corpse Explosion"],"picked":"Phantasmal Killer"},{"not_picked":["Deadly Poison","Underhanded Strike"],"picked":"Dagger Spray"},{"not_picked":["Prepared","Slice"],"picked":"Quick Slash"},{"not_picked":["Deflect","Quick Slash"],"picked":"Tactician"},{"not_picked":["Flying Knee","Quick Slash"],"picked":"Outmaneuver"}],"player_experience":157261,"potions_floor_usage":[18,18,24,27],"damage_taken":[{"damage":4,"enemies":"Cultist","floor":1,"turns":4},{"damage":34,"enemies":"Lagavulin","floor":7,"turns":9},{"damage":2,"enemies":"Small Slimes","floor":11,"turns":4},{"damage":3,"enemies":"Jaw Worm","floor":12,"turns":2},{"damage":2,"enemies":"Looter","floor":13,"turns":3},{"damage":10,"enemies":"Gremlin Nob","floor":14,"turns":3},{"damage":43,"enemies":"Hexaghost","floor":16,"turns":11},{"damage":19,"enemies":"3 Byrds","floor":18,"turns":6},{"damage":23,"enemies":"Shell Parasite","floor":21,"turns":6},{"damage":44,"enemies":"Snake Plant","floor":22,"turns":6},{"damage":38,"enemies":"Book of Stabbing","floor":24,"turns":5},{"damage":36,"enemies":"Gremlin Leader","floor":27,"turns":6}],"event_choices":[{"event_name":"World of Goop","player_choice":"Gather Gold","floor":2,"damage_taken":0},{"event_name":"Shining Light","player_choice":"Entered Light","floor":4,"damage_taken":0},{"event_name":"Match and Keep!","player_choice":"3 cards matched","floor":19,"damage_taken":0}],"boss_relics":[{"not_picked":["Question Card","Runic Pyramid"],"picked":"Lizard Tail"}],"potions_floor_spawned":[13,14,16,22,24],"seed_played":"-3631042294735940003","killed_by":"Gremlin Leader","ascension_level":1,"is_trial":false}