{"path_per_floor":["M","?","$","M","?","R","M","E","T","R","E","$","M","M","R","B",null,"M","?","$","M","M","R","E"],"character_chosen":"THE_SILENT","items_purchased":["Cloak And Dagger","Well Laid Plans","Accuracy","Lantern"],"gold_per_floor":[116,116,15,40,40,40,65,99,147,147,190,116,131,146,146,277,277,297,297,71,90,103,103,139],"floor_reached":25,"campfire_rested":3,"playtime":938,"current_hp_per_floor":[63,63,63,62,67,67,60,36,36,58,31,31,33,35,57,17,75,45,45,45,48,34,56,4],"items_purged":["Injury"],"gold":139,"score":269,"play_id":"6f9c42b8-d46c-46ec-ae60-a430ebfaab45","is_prod":false,"is_daily":false,"is_ascension_mode":true,"campfire_upgraded":1,"path_taken":["M","?","$","M","?","R","M","E","T","R","E","$","M","M","R","BOSS","M","?","$","M","?","R","E","M"],"build_version":"2018-02-08-PROD1","purchased_purges":2,"victory":false,"master_deck":["Defend_G","Defend_G","Defend_G","Defend_G","Defend_G","Survivor","Neutralize","Backflip","Dagger Throw","Cloak And Dagger+1","Finisher","Predator","Acrobatics","Cloak And Dagger","Well Laid Plans","Terror","Footwork","Die Die Die","All Out Attack+1","Bite","Bite","Bite","Bite","Bite","Accuracy","Quick Slash+1","Blur","Cloak And Dagger"],"max_hp_per_floor":[70,70,70,70,75,75,75,75,75,75,75,75,75,75,75,75,75,75,75,75,75,75,75,75],"relics":["Ring of the Snake","Golden Idol","Sundial","Prayer Wheel","Question Card","Lantern","Gremlin Horn"],"card_choices":[{"not_picked":["Deflect","Quick Slash"],"picked":"Dagger Throw"},{"not_picked":["Crippling Poison","Prepared"],"picked":"Finisher"},{"not_picked":["Bouncing Flask","Poisoned Stab"],"picked":"Predator"},{"not_picked":["Crippling Poison","Slice"],"picked":"Acrobatics"},{"not_picked":["Bullet Time","Poisoned Stab"],"picked":"Cloak And Dagger"},{"not_picked":["Deadly Poison","Riddle With Holes"],"picked":"Terror"},{"not_picked":["Finisher","Terror"],"picked":"Footwork"},{"not_picked":["Storm of Steel","Grand Finale"],"picked":"Die Die Die"},{"not_picked":["Poisoned Stab","Finisher","Flying Knee"],"picked":"All Out Attack"},{"not_picked":["Riddle With Holes","Sucker Punch","Reflex"],"picked":"Quick Slash"},{"not_picked":["Catalyst","Malaise","Prepared"],"picked":"Blur"},{"not_picked":["Quick Slash","Slice","Backflip"],"picked":"Cloak And Dagger"}],"player_experience":156323,"potions_floor_usage":[14,22],"damage_taken":[{"damage":7,"enemies":"Cultist","floor":1,"turns":5},{"damage":1,"enemies":"Small Slimes","floor":4,"turns":3},{"damage":7,"enemies":"Blue Slaver","floor":7,"turns":4},{"damage":24,"enemies":"Gremlin Nob","floor":8,"turns":4},{"damage":29,"enemies":"Lagavulin","floor":11,"turns":8},{"damage":0,"enemies":"3 Louse","floor":13,"turns":3},{"damage":0,"enemies":"Looter","floor":14,"turns":1},{"damage":42,"enemies":"The Guardian","floor":16,"turns":10},{"damage":30,"enemies":"Spheric Guardian","floor":18,"turns":6},{"damage":7,"enemies":"3 Byrds","floor":21,"turns":5},{"damage":20,"enemies":"3 Cultists","floor":22,"turns":5},{"damage":60,"enemies":"Book of Stabbing","floor":24,"turns":7},{"damage":11,"enemies":"Snake Plant","floor":25,"turns":2}],"event_choices":[{"event_name":"Golden Idol","player_choice":"Take Wound","floor":2,"damage_taken":0},{"event_name":"Big Fish","player_choice":"Donut","floor":5,"damage_taken":0},{"event_name":"Vampires","player_choice":"Became a vampire (Vial)","floor":19,"damage_taken":0}],"boss_relics":[{"not_picked":["Calling Bell","White Beast Statue"],"picked":"Question Card"}],"potions_floor_spawned":[8,13,14,21,22],"seed_played":"9160411474214417603","killed_by":"Snake Plant","ascension_level":1,"is_trial":false}