{"path_per_floor":["M","M","?","$","M","R","E","R","T","M","M","M","R","M","R","B",null,"M","$","?","?","M","R","E","R","T","M","R","?"],"character_chosen":"THE_SILENT","items_purchased":["Footwork","Blur"],"gold_per_floor":[111,122,122,47,64,64,91,91,146,156,176,196,196,214,214,318,318,331,73,73,73,87,87,115,115,115,133,133,133],"floor_reached":30,"campfire_rested":1,"playtime":2867,"current_hp_per_floor":[66,66,59,59,59,59,44,44,44,42,41,41,41,36,36,30,70,66,66,57,57,39,39,23,23,23,12,34,18],"items_purged":["Defend_G","Poisoned Stab"],"gold":133,"play_id":"00dc7201-8b65-47bc-82f2-8c892d1ff5b9","is_prod":false,"is_daily":false,"is_ascension_mode":false,"campfire_upgraded":6,"path_taken":["M","M","?","?","M","R","E","R","T","M","M","M","R","M","R","BOSS","M","$","?","?","M","R","E","R","T","M","R","?","M"],"build_version":"2018-02-01-PROD3","purchased_purges":2,"victory":false,"master_deck":["Survivor","Neutralize+1","Dagger Throw","Noxious Fumes+1","Poisoned Stab","Noxious Fumes+1","Well Laid Plans","Bouncing Flask+1","Tactician","Noxious Fumes","Bouncing Flask","Poisoned Stab","Masterful Stab","Cloak And Dagger","Footwork+1","Cloak And Dagger","Footwork+1","Blur+1","Escape Plan+1","Burst","Footwork"],"max_hp_per_floor":[70,70,70,70,70,70,70,70,70,70,70,70,70,70,70,70,70,70,70,75,75,75,75,75,75,75,75,75,75],"relics":["Ring of the Snake","Prayer Wheel","Omamori","Pandora\u0027s Box","Shuriken","Peace Pipe","Necronomicon"],"card_choices":[{"not_picked":["Deflect","Masterful Stab"],"picked":"Dagger Throw"},{"not_picked":["Dodge and Roll","Slice"],"picked":"Noxious Fumes"},{"not_picked":["PiercingWail","Well Laid Plans"],"picked":"Poisoned Stab"},{"not_picked":["Grand Finale","Masterful Stab"],"picked":"Noxious Fumes"},{"not_picked":["Endless Agony","Infinite Blades"],"picked":"Well Laid Plans"},{"not_picked":["Acrobatics","Poisoned Stab"],"picked":"Bouncing Flask"},{"not_picked":["Night Terror","Storm of Steel"],"picked":"Tactician"},{"not_picked":["Acrobatics","Quick Slash"],"picked":"Escape Plan"},{"not_picked":["Flying Knee","Well Laid Plans"],"picked":"Burst"},{"not_picked":["Masterful Stab","Caltrops"],"picked":"Footwork"}],"player_experience":282362,"potions_floor_usage":[7,18,22,24],"damage_taken":[{"damage":4,"enemies":"Jaw Worm","floor":1,"turns":7},{"damage":0,"enemies":"Small Slimes","floor":2,"turns":4},{"damage":0,"enemies":"Cultist","floor":5,"turns":3},{"damage":15,"enemies":"Gremlin Nob","floor":7,"turns":4},{"damage":2,"enemies":"Looter","floor":10,"turns":3},{"damage":1,"enemies":"Exordium Wildlife","floor":11,"turns":4},{"damage":0,"enemies":"Large Slime","floor":12,"turns":4},{"damage":5,"enemies":"2 Fungi Beasts","floor":14,"turns":4},{"damage":6,"enemies":"The Guardian","floor":16,"turns":7},{"damage":4,"enemies":"Spheric Guardian","floor":18,"turns":3},{"damage":18,"enemies":"Chosen","floor":22,"turns":5},{"damage":31,"enemies":"Book of Stabbing","floor":24,"turns":6},{"damage":11,"enemies":"Centurion and Healer","floor":27,"turns":6},{"damage":19,"enemies":"Cultist and Chosen","floor":30,"turns":5}],"event_choices":[{"event_name":"Golden Wing","player_choice":"Card Removal","floor":3,"damage_taken":0},{"event_name":"Forgotten Altar","player_choice":"Shed Blood","floor":20,"damage_taken":0},{"event_name":"Upgrade Shrine","player_choice":"Upgraded","floor":21,"damage_taken":0},{"event_name":"Cursed Tome","player_choice":"Obtained Book","floor":29,"damage_taken":0}],"boss_relics":[{"not_picked":["Eternal Feather","Astrolabe"],"picked":"Pandora\u0027s Box"}],"potions_floor_spawned":[2,11,14,22],"seed_played":"-3674608511228246073","killed_by":"Cultist and Chosen","ascension_level":0,"is_trial":false}