{"path_per_floor":["M","$","M","M","?","R","?","?","T","M","R","?","R","M","R","B",null,"M","?","?","M"],"character_chosen":"THE_SILENT","items_purchased":["Outmaneuver"],"gold_per_floor":[114,17,37,48,48,48,77,77,77,97,97,97,97,111,111,208,208,224,224,224,242],"floor_reached":22,"campfire_rested":1,"playtime":675,"current_hp_per_floor":[70,70,70,68,68,68,65,65,65,61,61,61,61,59,70,53,70,57,41,41,13],"items_purged":["Strike_G"],"gold":242,"score":200,"play_id":"b9dfdac0-f850-4bce-b604-3cfc2eb7bfaf","is_prod":false,"is_daily":false,"is_ascension_mode":true,"campfire_upgraded":2,"path_taken":["M","$","M","M","?","R","?","?","T","?","R","?","R","M","R","BOSS","M","?","?","M","M"],"build_version":"2018-02-15-PROD1","purchased_purges":1,"victory":false,"master_deck":["Defend_G","Defend_G","Defend_G","Defend_G","Strike_G","Strike_G","Strike_G","Survivor","Neutralize+1","Bouncing Flask+1","Outmaneuver","Poisoned Stab","Noxious Fumes","Acrobatics","Wraith Form","Backflip","Caltrops","Acrobatics","After Image","Noxious Fumes","Acrobatics+1"],"max_hp_per_floor":[70,70,70,70,70,70,70,70,70,70,70,70,70,70,70,70,70,70,70,70,70],"relics":["Ring of the Snake","Odd Mushroom","Peace Pipe","Question Card","Nilry\u0027s Codex","Nloth\u0027s Gift"],"card_choices":[{"not_picked":["Dagger Spray","Prepared"],"picked":"Bouncing Flask"},{"not_picked":["Masterful Stab","Dodge and Roll"],"picked":"Poisoned Stab"},{"not_picked":["Predator","Deflect"],"picked":"Noxious Fumes"},{"not_picked":["Flying Knee","Setup"],"picked":"Acrobatics"},{"not_picked":["Accuracy","Outmaneuver"],"picked":"Backflip"},{"not_picked":["Infinite Blades","Concentrate"],"picked":"Caltrops"},{"not_picked":["Distraction","Outmaneuver"],"picked":"Acrobatics"},{"not_picked":["Wraith Form","Grand Finale"],"picked":"After Image"},{"not_picked":["Dagger Spray","Sucker Punch","Underhanded Strike"],"picked":"Noxious Fumes"},{"not_picked":["After Image","Dagger Throw","Cloak And Dagger"],"picked":"Acrobatics"}],"player_experience":206581,"potions_floor_usage":[7,14,21,22],"damage_taken":[{"damage":0,"enemies":"Jaw Worm","floor":1,"turns":4},{"damage":0,"enemies":"Cultist","floor":3,"turns":3},{"damage":2,"enemies":"Small Slimes","floor":4,"turns":3},{"damage":3,"enemies":"The Mushroom Lair","floor":7,"turns":4},{"damage":4,"enemies":"Looter","floor":10,"turns":3},{"damage":2,"enemies":"2 Fungi Beasts","floor":14,"turns":3},{"damage":17,"enemies":"Hexaghost","floor":16,"turns":8},{"damage":13,"enemies":"Spheric Guardian","floor":18,"turns":4},{"damage":28,"enemies":"3 Byrds","floor":21,"turns":5},{"damage":26,"enemies":"3 Cultists","floor":22,"turns":4}],"event_choices":[{"event_name":"The Lab","player_choice":"Got Potions","floor":5,"damage_taken":0},{"event_name":"Mushrooms","player_choice":"Fought Mushrooms","floor":7,"damage_taken":0},{"event_name":"Transmorgrifier","player_choice":"Transform","floor":8,"damage_taken":0},{"event_name":"Liars Game","player_choice":"disagreed","floor":12,"damage_taken":0},{"event_name":"Cursed Tome","player_choice":"Obtained Book","floor":19,"damage_taken":0},{"event_name":"N\u0027loth","player_choice":"Traded a Dream Catcher","floor":20,"damage_taken":0}],"boss_relics":[{"not_picked":["Runic Dome","White Beast Statue"],"picked":"Question Card"}],"potions_floor_spawned":[4,10,16,21],"seed_played":"-7908683803863041602","killed_by":"3 Cultists","ascension_level":3,"is_trial":false}