{"path_per_floor":["M","?","M","M","$","R","M","E","T","R","M","M","?","T","R","B",null,"M","M","M","M","?","R","E","R","T","$","R","$","T","?","R","B",null,"M","?","?","T","?","R","M","M","T","R","?","M","M"],"character_chosen":"THE_SILENT","items_purchased":["Noxious Fumes","Sadistic Nature","Noxious Fumes","Energy Potion"],"gold_per_floor":[112,77,88,108,70,70,88,113,113,113,130,146,146,169,169,265,265,281,296,308,321,321,321,346,346,376,130,130,5,5,5,5,109,109,119,119,119,170,170,170,184,200,200,200,0,15,33],"floor_reached":48,"campfire_rested":5,"playtime":6774,"current_hp_per_floor":[62,70,68,68,68,68,66,45,45,66,66,66,66,66,66,18,70,65,57,48,31,31,52,27,48,48,48,48,48,48,48,69,13,70,43,61,61,61,61,61,38,22,22,43,43,14,3],"items_purged":["Strike_G"],"gold":33,"score":471,"play_id":"16c15b6d-e8a6-440c-bc33-78e6ee372b6f","is_prod":false,"is_daily":false,"is_ascension_mode":true,"campfire_upgraded":4,"path_taken":["M","?","?","M","$","R","M","E","T","R","M","M","?","?","R","BOSS","M","M","M","M","?","R","E","R","T","$","R","?","?","?","R","BOSS","M","?","?","?","?","R","M","M","T","R","?","M","M","M"],"build_version":"2018-02-12-PROD1","purchased_purges":1,"victory":false,"master_deck":["Defend_G","Defend_G","Defend_G","Defend_G","Strike_G","Survivor","Neutralize","Infinite Blades+1","Prepared","Poisoned Stab","Noxious Fumes","Poisoned Stab","Sucker Punch+1","Dodge and Roll","Dagger Spray","Poisoned Stab","Die Die Die","Slice+1","A Thousand Cuts+1","Malaise+1","Poisoned Stab","Backflip+1","Acrobatics+1","Heel Hook+1","Sucker Punch","Bane","Poisoned Stab+1","Sadistic Nature+1","Noxious Fumes+1","Backstab","Die Die Die","Cloak And Dagger","Outmaneuver","Well Laid Plans+1","Calculated Gamble","PiercingWail+1"],"max_hp_per_floor":[70,70,70,70,70,70,70,70,70,70,70,70,70,70,70,70,70,70,70,70,70,70,70,70,70,70,70,70,70,70,70,70,70,70,70,70,70,70,70,70,70,70,70,70,70,70,70],"relics":["Ring of the Snake","Centennial Puzzle","Dream Catcher","Orichalcum","Astrolabe","Prayer Wheel","Tiny Chest","Bronze Scales","The Specimen","Juzu Bracelet","Kunai","Red Mask"],"card_choices":[{"not_picked":["Escape Plan","Choke"],"picked":"Infinite Blades"},{"not_picked":["Dagger Spray","Blade Dance"],"picked":"Prepared"},{"not_picked":["Glass Knife","Deadly Poison"],"picked":"Poisoned Stab"},{"not_picked":["Malaise","Riddle With Holes"],"picked":"Poisoned Stab"},{"not_picked":["Slice","Deflect"],"picked":"Sucker Punch"},{"not_picked":["Deflect","Dagger Throw"],"picked":"Dodge and Roll"},{"not_picked":["Bouncing Flask","Flying Knee"],"picked":"Dagger Spray"},{"not_picked":["Masterful Stab","PiercingWail"],"picked":"Poisoned Stab"},{"not_picked":["Adrenaline","Bullet Time"],"picked":"Die Die Die"},{"not_picked":["Deflect","Slice"],"picked":"Poisoned Stab"},{"not_picked":["Predator","Deflect"],"picked":"Backflip"},{"not_picked":["Crippling Poison","Slice"],"picked":"Acrobatics"},{"not_picked":["Backflip","Underhanded Strike"],"picked":"Heel Hook"},{"not_picked":["Acrobatics","Expertise"],"picked":"Sucker Punch"},{"not_picked":["Sucker Punch","Eviscerate"],"picked":"Dodge and Roll"},{"not_picked":["Dash","Phantasmal Killer"],"picked":"Bane"},{"not_picked":["Infinite Blades","Deadly Poison"],"picked":"Poisoned Stab"},{"not_picked":["Sucker Punch","Slice"],"picked":"Backstab"},{"not_picked":["A Thousand Cuts","Phantasmal Killer"],"picked":"Die Die Die"},{"not_picked":["Underhanded Strike","PiercingWail"],"picked":"Cloak And Dagger"},{"not_picked":["Terror","Predator"],"picked":"Outmaneuver"},{"not_picked":["Envenom","Underhanded Strike"],"picked":"Well Laid Plans"},{"not_picked":["Dagger Throw","Bane"],"picked":"Calculated Gamble"},{"not_picked":["Flying Knee","Deadly Poison"],"picked":"PiercingWail"}],"player_experience":218149,"potions_floor_usage":[12,16,21,24,24,33,42,42,47,48],"damage_taken":[{"damage":8,"enemies":"Blue Slaver","floor":1,"turns":8},{"damage":2,"enemies":"Jaw Worm","floor":3,"turns":5},{"damage":0,"enemies":"Small Slimes","floor":4,"turns":4},{"damage":2,"enemies":"Looter","floor":7,"turns":4},{"damage":21,"enemies":"3 Sentries","floor":8,"turns":8},{"damage":0,"enemies":"Large Slime","floor":11,"turns":4},{"damage":0,"enemies":"3 Louse","floor":12,"turns":1},{"damage":48,"enemies":"Hexaghost","floor":16,"turns":10},{"damage":5,"enemies":"Shell Parasite","floor":18,"turns":7},{"damage":8,"enemies":"Chosen","floor":19,"turns":5},{"damage":9,"enemies":"Snake Plant","floor":20,"turns":6},{"damage":17,"enemies":"Centurion and Healer","floor":21,"turns":3},{"damage":25,"enemies":"Gremlin Leader","floor":24,"turns":7},{"damage":56,"enemies":"Collector","floor":33,"turns":7},{"damage":27,"enemies":"3 Darklings","floor":35,"turns":4},{"damage":23,"enemies":"3 Shapes","floor":41,"turns":4},{"damage":16,"enemies":"Sphere and 2 Shapes","floor":42,"turns":5},{"damage":29,"enemies":"4 Shapes","floor":46,"turns":5},{"damage":11,"enemies":"3 Darklings","floor":47,"turns":4},{"damage":4,"enemies":"Sphere and 2 Shapes","floor":48,"turns":2}],"event_choices":[{"event_name":"The Cleric","player_choice":"Healed","floor":2,"damage_taken":0},{"event_name":"Golden Idol","player_choice":"Ignored","floor":13,"damage_taken":0},{"event_name":"Back to Basics","player_choice":"Elegance","floor":22,"damage_taken":0},{"event_name":"Beggar","player_choice":"Ignored","floor":31,"damage_taken":0},{"event_name":"Winding Halls","player_choice":"Writhe","floor":36,"damage_taken":0},{"event_name":"Fountain of Cleansing","player_choice":"Removed Curse","floor":39,"damage_taken":0},{"event_name":"Tomb of Lord Red Mask","player_choice":"Paid","floor":45,"damage_taken":0}],"boss_relics":[{"not_picked":["Runic Dome","Ectoplasm"],"picked":"Astrolabe"},{"not_picked":["Calling Bell","White Beast Statue"],"picked":"The Specimen"}],"potions_floor_spawned":[1,4,8,12,20,33,35,41,47],"seed_played":"-7114256381845598423","killed_by":"Sphere and 2 Shapes","ascension_level":1,"is_trial":false}