{"path_per_floor":["M","M","$","?","?","R","E","R","T","R","M","R","M","$","R","B",null,"M","?","M","M","M","R","M","R","T","R","M","?","R","M","R"],"character_chosen":"THE_SILENT","items_purchased":["Kunai"],"gold_per_floor":[111,125,50,125,300,300,334,334,357,357,376,376,388,42,42,139,139,94,94,94,94,94,94,94,94,94,94,94,19,19,19,19],"floor_reached":33,"campfire_rested":0,"playtime":1359,"current_hp_per_floor":[70,70,70,59,59,59,52,52,52,52,52,52,52,52,52,52,70,70,77,77,77,57,57,21,21,21,21,21,21,21,21,21],"items_purged":["Strike_G","Doubt"],"gold":19,"score":297,"play_id":"04e9c4af-ff3a-4def-b361-38ca2657fd8b","is_prod":false,"is_daily":false,"is_ascension_mode":false,"campfire_upgraded":3,"path_taken":["M","M","$","?","?","R","E","R","T","R","M","R","M","?","R","BOSS","M","?","M","M","M","R","M","R","T","R","M","?","R","M","R","BOSS"],"build_version":"2018-02-15-PROD1","purchased_purges":2,"victory":false,"master_deck":["Defend_G","Defend_G","Defend_G","Defend_G","Strike_G","Strike_G","Strike_G","Strike_G","Survivor","Neutralize+1","Poisoned Stab","Heel Hook","Calculated Gamble+1","Backflip","Heel Hook","Doppelganger","Deadly Poison+1","Outmaneuver+1","Prepared","Heel Hook","Dagger Throw+1","Envenom+1","Prepared"],"max_hp_per_floor":[70,70,70,70,70,70,70,70,70,70,70,70,70,70,70,70,70,70,77,77,77,77,77,77,77,77,77,77,77,77,77,77],"relics":["Ring of the Snake","Shovel","Bag of Marbles","Anchor","Paper Crane","Kunai","Mercury Hourglass","Ectoplasm","Strawberry","Molten Egg 2","Toolbox","Unceasing Top","Gremlin Horn","Dodecahedron"],"card_choices":[{"not_picked":["Malaise","Masterful Stab"],"picked":"Poisoned Stab"},{"not_picked":["Quick Slash","Dagger Throw"],"picked":"Heel Hook"},{"not_picked":["Acrobatics","Skewer"],"picked":"Calculated Gamble"},{"not_picked":["Setup","Quick Slash"],"picked":"Backflip"},{"not_picked":["Flechettes","Masterful Stab"],"picked":"Heel Hook"},{"not_picked":["Corpse Explosion","Storm of Steel"],"picked":"Doppelganger"},{"not_picked":["Prepared","Deflect"],"picked":"Deadly Poison"},{"not_picked":["Skewer","Sucker Punch"],"picked":"Outmaneuver"},{"not_picked":["Masterful Stab","Underhanded Strike"],"picked":"Prepared"},{"not_picked":["Flying Knee","Riddle With Holes"],"picked":"Heel Hook"},{"not_picked":["Dodge and Roll","Cloak And Dagger"],"picked":"Dagger Throw"},{"not_picked":["Slice","Dodge and Roll"],"picked":"Envenom"},{"not_picked":["Terror","Dagger Throw"],"picked":"Prepared"}],"player_experience":359953,"potions_floor_usage":[7,33],"damage_taken":[{"damage":0,"enemies":"2 Louse","floor":1,"turns":2},{"damage":0,"enemies":"Jaw Worm","floor":2,"turns":5},{"damage":22,"enemies":"3 Sentries","floor":7,"turns":12},{"damage":0,"enemies":"Small Slimes","floor":11,"turns":3},{"damage":0,"enemies":"3 Louse","floor":13,"turns":4},{"damage":0,"enemies":"Hexaghost","floor":16,"turns":10},{"damage":0,"enemies":"2 Thieves","floor":18,"turns":4},{"damage":0,"enemies":"3 Byrds","floor":20,"turns":4},{"damage":0,"enemies":"Centurion and Healer","floor":21,"turns":8},{"damage":20,"enemies":"Snecko","floor":22,"turns":6},{"damage":36,"enemies":"3 Cultists","floor":24,"turns":7},{"damage":0,"enemies":"Snake Plant","floor":28,"turns":3},{"damage":0,"enemies":"Centurion and Healer","floor":31,"turns":4},{"damage":24,"enemies":"Collector","floor":33,"turns":7}],"event_choices":[{"event_name":"World of Goop","player_choice":"Gather Gold","floor":4,"damage_taken":0},{"event_name":"Liars Game","player_choice":"agreed","floor":5,"damage_taken":0},{"event_name":"The Mausoleum","player_choice":"Yes","floor":19,"damage_taken":0},{"event_name":"Beggar","player_choice":"Gave Gold","floor":29,"damage_taken":0}],"boss_relics":[{"not_picked":["The Specimen","Runic Dome"],"picked":"Ectoplasm"}],"potions_floor_spawned":[1,16,20,21,24,31],"seed_played":"-9050841673789237972","killed_by":"Collector","ascension_level":0,"is_trial":false}