{"path_per_floor":["M","$","M","?","M","R","M","R","T","M","M","R","?","?","R","B",null,"M","M","?","?","M","R","E","M","T","R","M","$","E","?","R"],"character_chosen":"THE_SILENT","items_purchased":["Caltrops","Footwork"],"gold_per_floor":[218,62,80,80,95,95,108,108,176,187,204,204,267,267,267,393,393,409,428,428,428,449,449,488,508,557,557,582,441,482,482,482],"floor_reached":33,"campfire_rested":1,"playtime":1987,"current_hp_per_floor":[60,60,58,51,43,43,28,28,28,28,28,28,26,26,26,3,47,47,46,46,46,44,44,44,40,40,40,5,5,5,5,23],"items_purged":["Parasite","Defend_G"],"gold":482,"score":507,"play_id":"99de1a99-8c31-4caf-af30-1b1a7bfc617c","is_prod":false,"is_daily":false,"is_ascension_mode":true,"campfire_upgraded":6,"path_taken":["M","$","M","?","M","R","M","R","T","M","M","R","?","?","R","BOSS","M","M","?","?","M","R","E","?","T","R","M","$","E","?","R","BOSS"],"build_version":"2018-02-08-PROD1","purchased_purges":2,"victory":false,"master_deck":["Defend_G+1","Defend_G+1","Defend_G+1","Defend_G+1","Strike_G+1","Strike_G+1","Strike_G+1","Strike_G+1","Survivor","Neutralize+1","Slice","Caltrops+1","Dash+1","Dagger Throw","Deflect","Dagger Spray+1","Backflip","A Thousand Cuts","Dash+1","Dash+1","Backflip","Eviscerate+1","Backflip+1","Footwork","Bullet Time"],"max_hp_per_floor":[70,67,67,67,67,67,67,67,67,67,67,67,67,62,62,62,62,62,62,62,62,62,62,62,62,62,62,62,62,62,62,62],"relics":["Ring of the Snake","Centennial Puzzle","Golden Idol","Snecko Eye","Nloth\u0027s Gift","Kunai","Omamori","Letter Opener"],"card_choices":[{"not_picked":["PiercingWail","Poisoned Stab"],"picked":"Slice"},{"not_picked":["Quick Slash","Concentrate"],"picked":"Dash"},{"not_picked":["Underhanded Strike","Terror"],"picked":"Dagger Throw"},{"not_picked":["Cloak And Dagger","PiercingWail"],"picked":"Deflect"},{"not_picked":["Quick Slash","Poisoned Stab"],"picked":"Dagger Spray"},{"not_picked":["Reflex","Flechettes"],"picked":"Backflip"},{"not_picked":["Tools of the Trade","Grand Finale"],"picked":"A Thousand Cuts"},{"not_picked":["Infinite Blades","Acrobatics"],"picked":"Dash"},{"not_picked":["Cloak And Dagger","Poisoned Stab"],"picked":"Dash"},{"not_picked":["Venomology","Deflect"],"picked":"Backflip"},{"not_picked":["Deadly Poison","Dodge and Roll"],"picked":"Eviscerate"},{"not_picked":["Poisoned Stab","Distraction"],"picked":"Backflip"},{"not_picked":["Sucker Punch","Outmaneuver"],"picked":"Bullet Time"}],"player_experience":332989,"potions_floor_usage":[13,16,16,30,30],"damage_taken":[{"damage":3,"enemies":"Cultist","floor":1,"turns":5},{"damage":2,"enemies":"Jaw Worm","floor":3,"turns":5},{"damage":8,"enemies":"Small Slimes","floor":5,"turns":4},{"damage":15,"enemies":"Gremlin Gang","floor":7,"turns":4},{"damage":0,"enemies":"2 Fungi Beasts","floor":10,"turns":3},{"damage":0,"enemies":"3 Louse","floor":11,"turns":2},{"damage":2,"enemies":"Gremlin Nob","floor":13,"turns":3},{"damage":23,"enemies":"The Guardian","floor":16,"turns":12},{"damage":0,"enemies":"Chosen","floor":18,"turns":4},{"damage":1,"enemies":"3 Byrds","floor":19,"turns":5},{"damage":2,"enemies":"Snecko","floor":22,"turns":4},{"damage":0,"enemies":"Gremlin Leader","floor":24,"turns":8},{"damage":4,"enemies":"3 Cultists","floor":25,"turns":4},{"damage":35,"enemies":"Slaver and Parasite","floor":28,"turns":7},{"damage":0,"enemies":"Slavers","floor":30,"turns":6},{"damage":33,"enemies":"Champ","floor":33,"turns":11}],"event_choices":[{"event_name":"Golden Wing","player_choice":"Card Removal","floor":4,"damage_taken":0},{"event_name":"Dead Adventurer","player_choice":"Searched \u00272\u0027 times","floor":13,"damage_taken":0},{"event_name":"Golden Idol","player_choice":"Lose Max HP","floor":14,"damage_taken":0},{"event_name":"N\u0027loth","player_choice":"Traded a Gremlin Horn","floor":20,"damage_taken":0},{"event_name":"Back to Basics","player_choice":"Simplicity","floor":21,"damage_taken":0},{"event_name":"Cursed Tome","player_choice":"Ignored","floor":31,"damage_taken":0}],"boss_relics":[{"not_picked":["Lizard Tail","The Specimen"],"picked":"Snecko Eye"}],"potions_floor_spawned":[3,10,11,13,25],"seed_played":"-5516428575744441871","killed_by":"Champ","ascension_level":11,"is_trial":false}