{"path_per_floor":["M","?","T","M","M","R","M","M","T","R","M","M","?","M","R","B",null,"M","?","M","M","$","E","R","E","T","R","M","?","M","$","R"],"character_chosen":"THE_SILENT","items_purchased":["Ice Cream","Skewer","Terror"],"gold_per_floor":[116,116,116,132,151,151,165,181,181,181,197,213,213,224,224,321,321,337,337,355,366,67,126,126,152,177,177,197,197,209,98,98],"floor_reached":33,"campfire_rested":4,"playtime":1604,"current_hp_per_floor":[70,56,56,56,56,56,56,56,56,56,55,56,56,55,74,9,74,74,74,64,37,37,27,49,42,42,64,66,50,50,50,74],"items_purged":[],"gold":98,"score":337,"play_id":"b425a814-acdf-4d4b-a1f2-6fbc9332c338","is_prod":false,"is_daily":false,"is_ascension_mode":true,"campfire_upgraded":2,"path_taken":["M","?","?","M","M","R","M","M","T","R","M","M","?","M","R","BOSS","M","?","M","M","$","E","R","E","T","R","?","?","M","$","R","BOSS"],"build_version":"2018-02-15-PROD1","purchased_purges":1,"victory":false,"master_deck":["Defend_G+1","Defend_G+1","Defend_G+1","Defend_G+1","Defend_G+1","Strike_G+1","Strike_G+1","Strike_G+1","Strike_G+1","Survivor","Neutralize+1","Leg Sweep","Backstab","Caltrops+1","Dagger Spray","Concentrate","Outmaneuver","Finisher","Tactician","Acrobatics+1","Escape Plan","Adrenaline","Leg Sweep","Necronomicurse","Skewer","Terror"],"max_hp_per_floor":[70,70,70,70,70,70,70,70,70,70,70,72,72,74,74,74,74,74,74,74,76,76,76,76,76,76,76,78,78,80,80,80],"relics":["Ring of the Snake","Anchor","Frozen Eye","Singing Bowl","Sozu","Ice Cream","Tiny Chest","Dead Branch","Bag of Marbles","Necronomicon"],"card_choices":[{"not_picked":["Cloak And Dagger","Deadly Poison"],"picked":"Leg Sweep"},{"not_picked":["Blade Dance","PiercingWail"],"picked":"Backstab"},{"not_picked":["Underhanded Strike","Masterful Stab"],"picked":"Caltrops"},{"not_picked":["Bane","Flying Knee"],"picked":"Dagger Spray"},{"not_picked":["Prepared","Finisher"],"picked":"Concentrate"},{"not_picked":["Endless Agony","Blade Dance"],"picked":"Outmaneuver"},{"not_picked":["Venomology","Grand Finale"],"picked":"Tactician"},{"not_picked":["Bane","Sucker Punch"],"picked":"Acrobatics"},{"not_picked":["Choke","Sucker Punch"],"picked":"Escape Plan"},{"not_picked":["Calculated Gamble","Prepared"],"picked":"Adrenaline"},{"not_picked":["Dagger Throw","Quick Slash"],"picked":"Leg Sweep"}],"player_experience":252777,"potions_floor_usage":[],"damage_taken":[{"damage":0.0,"enemies":"Small Slimes","floor":1.0,"turns":3.0},{"damage":0.0,"enemies":"Jaw Worm","floor":4.0,"turns":5.0},{"damage":0.0,"enemies":"2 Louse","floor":5.0,"turns":2.0},{"damage":0.0,"enemies":"2 Fungi Beasts","floor":7.0,"turns":4.0},{"damage":0.0,"enemies":"Exordium Wildlife","floor":8.0,"turns":3.0},{"damage":1.0,"enemies":"Looter","floor":11.0,"turns":2.0},{"damage":1.0,"enemies":"Exordium Thugs","floor":12.0,"turns":4.0},{"damage":3.0,"enemies":"Blue Slaver","floor":14.0,"turns":4.0},{"damage":65.0,"enemies":"Slime Boss","floor":16.0,"turns":14.0},{"damage":0,"enemies":"3 Byrds","floor":18,"turns":3},{"damage":10,"enemies":"Spheric Guardian","floor":20,"turns":4},{"damage":29,"enemies":"Cultist and Chosen","floor":21,"turns":9},{"damage":10,"enemies":"Book of Stabbing","floor":23,"turns":6},{"damage":7,"enemies":"Gremlin Leader","floor":25,"turns":8},{"damage":0,"enemies":"Snecko","floor":28,"turns":1},{"damage":2,"enemies":"Sentry and Sphere","floor":30,"turns":6},{"damage":82,"enemies":"Champ","floor":33,"turns":8}],"event_choices":[{"event_name":"Shining Light","player_choice":"Entered Light","floor":2.0,"damage_taken":0.0},{"event_name":"Living Wall","player_choice":"Change","floor":13.0,"damage_taken":0.0},{"event_name":"Back to Basics","player_choice":"Simplicity","floor":19,"damage_taken":0},{"event_name":"Cursed Tome","player_choice":"Obtained Book","floor":29,"damage_taken":0}],"boss_relics":[{"not_picked":["The Specimen","Tiny House"],"picked":"Sozu"}],"potions_floor_spawned":[5,7,11,12,16,18,21,28,30],"seed_played":"-3387412483800072073","killed_by":"Champ","ascension_level":4,"is_trial":false}