{"path_per_floor":["M","$","?","M","M","R","E","R","T","M","M","?","?","?","R","B",null,"M","?","M","M","?","R","?","$","T","?","M","$","M","M","R","B",null,"M","M","?","M","M","R","E","R","T","M","$","R","$","M","R"],"character_chosen":"THE_SILENT","items_purchased":["Footwork","Infinite Blades","Caltrops","Blind"],"gold_per_floor":[113,45,45,60,75,75,107,107,164,174,185,185,215,215,215,320,320,338,253,270,285,285,285,285,143,143,143,159,18,37,49,49,149,149,168,180,280,291,306,306,335,335,335,348,117,117,117,128,128],"floor_reached":50,"campfire_rested":6,"playtime":2998,"current_hp_per_floor":[70,70,75,74,74,74,62,62,62,58,54,21,21,21,45,26,82,81,81,72,71,55,55,55,55,55,55,32,32,23,23,64,19,87,84,68,68,31,28,69,39,80,80,43,43,84,84,31,72],"items_purged":["Strike_G","Strike_G","Strike_G"],"gold":128,"score":513,"play_id":"77cf0fc9-2e27-40ae-93d3-815d35f9e6c2","is_prod":false,"is_daily":false,"is_ascension_mode":true,"campfire_upgraded":3,"path_taken":["M","$","?","?","?","R","E","R","T","M","M","?","?","?","R","BOSS","M","?","M","M","?","R","?","$","T","?","M","$","M","M","R","BOSS","M","M","?","M","M","R","E","R","T","M","$","R","$","M","R","BOSS"],"build_version":"2018-02-15-PROD1","purchased_purges":3,"victory":false,"master_deck":["Defend_G+1","Defend_G+1","Defend_G+1","Defend_G+1","Defend_G+1","Survivor","Neutralize","Accuracy+1","Footwork+1","Cloak And Dagger+1","Burst","Dagger Throw","Malaise","Blade Dance","Envenom","Backflip","Acrobatics+1","Cloak And Dagger","Infinite Blades","Footwork","Caltrops","Dagger Spray+1","Cloak And Dagger+1","Terror","Infinite Blades+1","Dodge and Roll+1","Blind+1","Blade Dance+1"],"max_hp_per_floor":[70,70,75,75,75,75,82,82,82,82,82,82,82,82,82,82,82,82,82,82,82,87,87,87,87,87,87,87,87,87,87,87,87,87,87,87,87,87,87,87,87,87,87,87,87,87,87,87,87],"relics":["Ring of the Snake","Lantern","Strawberry","Tiny Chest","Vajra","Sozu","Regal Pillow","Prayer Wheel","The Specimen","Dream Catcher","Toxic Egg 2"],"card_choices":[{"not_picked":["Distraction","Prepared"],"picked":"Accuracy"},{"not_picked":["Acrobatics","Quick Slash"],"picked":"Cloak And Dagger"},{"not_picked":["Skewer","Quick Slash"],"picked":"Burst"},{"not_picked":["Catalyst","Acrobatics"],"picked":"Dagger Throw"},{"not_picked":["PiercingWail","Slice"],"picked":"Malaise"},{"not_picked":["Tactician","A Thousand Cuts"],"picked":"Envenom"},{"not_picked":["Slice","PiercingWail"],"picked":"Backflip"},{"not_picked":["Poisoned Stab","Dagger Throw"],"picked":"Acrobatics"},{"not_picked":["Corpse Explosion","Acrobatics"],"picked":"Cloak And Dagger"},{"not_picked":["Acrobatics","Flying Knee"],"picked":"Footwork"},{"not_picked":["Prepared","Quick Slash"],"picked":"Dagger Spray"},{"not_picked":["Bane","Dagger Spray"],"picked":"Cloak And Dagger"},{"not_picked":["Deadly Poison","Eviscerate"],"picked":"Terror"},{"not_picked":["Deflect","Flying Knee"],"picked":"Infinite Blades"},{"not_picked":["Dagger Spray","Corpse Explosion"],"picked":"Dodge and Roll"},{"not_picked":["Bouncing Flask","Crippling Poison"],"picked":"Blade Dance"}],"player_experience":243719,"potions_floor_usage":[7],"damage_taken":[{"damage":0,"enemies":"Small Slimes","floor":1,"turns":3},{"damage":1,"enemies":"2 Louse","floor":4,"turns":5},{"damage":0,"enemies":"Cultist","floor":5,"turns":4},{"damage":19,"enemies":"3 Sentries","floor":7,"turns":8},{"damage":4,"enemies":"Lots of Slimes","floor":10,"turns":6},{"damage":4,"enemies":"Looter","floor":11,"turns":3},{"damage":19,"enemies":"Hexaghost","floor":16,"turns":10},{"damage":1,"enemies":"Spheric Guardian","floor":18,"turns":4},{"damage":9,"enemies":"Chosen","floor":20,"turns":5},{"damage":1,"enemies":"Centurion and Healer","floor":21,"turns":6},{"damage":23,"enemies":"Snake Plant","floor":28,"turns":5},{"damage":9,"enemies":"Chosen and Byrds","floor":30,"turns":8},{"damage":0,"enemies":"Centurion and Healer","floor":31,"turns":5},{"damage":45,"enemies":"Collector","floor":33,"turns":10},{"damage":3,"enemies":"3 Shapes","floor":35,"turns":5},{"damage":16,"enemies":"3 Darklings","floor":36,"turns":6},{"damage":37,"enemies":"4 Shapes","floor":38,"turns":7},{"damage":3,"enemies":"Maw","floor":39,"turns":9},{"damage":30,"enemies":"Giant Head","floor":41,"turns":6},{"damage":37,"enemies":"3 Darklings","floor":44,"turns":6},{"damage":53,"enemies":"Sphere and 2 Shapes","floor":48,"turns":7},{"damage":82,"enemies":"Time Eater","floor":50,"turns":12}],"event_choices":[{"event_name":"Big Fish","player_choice":"Donut","floor":3,"damage_taken":0},{"event_name":"Scrap Ooze","player_choice":"success","floor":12,"damage_taken":33},{"event_name":"Dead Adventurer","player_choice":"Searched \u00271\u0027 times","floor":13,"damage_taken":0},{"event_name":"Living Wall","player_choice":"Change","floor":14,"damage_taken":0},{"event_name":"Addict","player_choice":"Obtained Relic","floor":19,"damage_taken":0},{"event_name":"Forgotten Altar","player_choice":"Shed Blood","floor":22,"damage_taken":0},{"event_name":"Purifier","player_choice":"One Purge","floor":24,"damage_taken":0},{"event_name":"Back to Basics","player_choice":"Simplicity","floor":27,"damage_taken":0},{"event_name":"Golden Shrine","player_choice":"Pray","floor":37,"damage_taken":0}],"boss_relics":[{"not_picked":["Eternal Feather","Velvet Choker"],"picked":"Sozu"},{"not_picked":["Astrolabe","Runic Pyramid"],"picked":"The Specimen"}],"potions_floor_spawned":[1,5,7,10,18,21,28,35,36],"seed_played":"5075163550174020974","killed_by":"Time Eater","ascension_level":3,"is_trial":false}