{"path_per_floor":["M","?","?","$","?","E","R","E","T","?","M","T","M","M","R","B",null,"M","$","?","?","M","R","E","R","T","M","R","M","E","M","R","B",null,"M","M","?","M","M","R","?","$","T","R","M","R","?","M","R","B"],"character_chosen":"THE_SILENT","items_purchased":["Acrobatics","Juzu Bracelet"],"gold_per_floor":[112,112,187,62,62,132,132,168,168,168,187,240,255,279,279,368,368,368,111,111,111,111,111,111,111,111,111,111,111,111,111,111,111,111,111,111,111,111,111,111,111,111,111,111,111,111,111,111,111,111],"floor_reached":51,"campfire_rested":4,"playtime":3247,"current_hp_per_floor":[56,56,45,45,45,30,30,1,1,62,62,62,62,47,47,23,52,52,52,52,52,54,54,43,43,43,41,41,43,20,22,22,9,49,29,19,19,17,4,22,14,14,14,32,34,52,52,18,36,21],"items_purged":["Parasite","Defend_G"],"gold":111,"score":883,"play_id":"e8f133a7-19d9-4ad7-8524-2e1896924838","is_prod":false,"is_daily":false,"is_ascension_mode":true,"campfire_upgraded":4,"path_taken":["M","?","?","$","?","E","R","E","T","?","M","?","?","M","R","BOSS","M","$","?","?","M","R","E","R","T","M","R","M","E","M","R","BOSS","M","M","?","M","M","R","?","?","T","R","M","R","?","M","R","BOSS"],"build_version":"2018-02-15-PROD1","purchased_purges":2,"victory":true,"master_deck":["Defend_G","Defend_G","Defend_G","Survivor","Neutralize+1","Quick Slash+1","Wraith Form+1","Outmaneuver+1","Acrobatics","Backflip","Prepared","Deflect","Prepared+1","Calculated Gamble+1","Acrobatics","Heel Hook","Backflip","Tactician","Calculated Gamble+1","Reflex","Concentrate+1","Madness","Madness","Blur","Footwork","Concentrate","Well Laid Plans"],"max_hp_per_floor":[70,70,70,67,62,62,62,62,62,62,62,62,62,62,62,62,62,62,62,62,62,62,62,62,62,62,62,62,62,62,62,62,62,62,62,62,62,62,62,62,62,62,62,62,62,62,62,62,62,62],"relics":["Astrolabe","Golden Idol","Tiny Chest","Dream Catcher","Bird Faced Urn","Vajra","Ectoplasm","Juzu Bracelet","Tingsha","Peace Pipe","Pen Nib","Orichalcum","Orrery","Sundial","Shovel"],"card_choices":[{"not_picked":["Underhanded Strike","Bouncing Flask"],"picked":"Outmaneuver"},{"not_picked":["Masterful Stab","Finisher"],"picked":"Backflip"},{"not_picked":["Leg Sweep","Deadly Poison"],"picked":"Prepared"},{"not_picked":["Outmaneuver","Acrobatics"],"picked":"Deflect"},{"not_picked":["Dodge and Roll","Heel Hook"],"picked":"Prepared"},{"not_picked":["PiercingWail","Backflip"],"picked":"Calculated Gamble"},{"not_picked":["Cloak And Dagger","Dagger Spray"],"picked":"Acrobatics"},{"not_picked":["Slice","Underhanded Strike"],"picked":"Heel Hook"},{"not_picked":["Deadly Poison","All Out Attack"],"picked":"Backflip"},{"not_picked":["Bullet Time","Tools of the Trade"],"picked":"Tactician"},{"not_picked":["Bane","Outmaneuver"],"picked":"Calculated Gamble"},{"not_picked":["Flying Knee","Backflip"],"picked":"Reflex"},{"not_picked":["Flying Knee","Skewer"],"picked":"Concentrate"},{"not_picked":["Terror","Acrobatics"],"picked":"Blur"},{"not_picked":["Flying Knee","Dagger Spray"],"picked":"Footwork"},{"not_picked":["Setup","Sucker Punch"],"picked":"Well Laid Plans"}],"player_experience":385331,"potions_floor_usage":[8,16,30,30,33,39,50,50],"damage_taken":[{"damage":7,"enemies":"Jaw Worm","floor":1,"turns":6},{"damage":15,"enemies":"Lagavulin","floor":6,"turns":6},{"damage":41,"enemies":"3 Sentries","floor":8,"turns":9},{"damage":0,"enemies":"2 Louse","floor":11,"turns":3},{"damage":0,"enemies":"Small Slimes","floor":13,"turns":4},{"damage":15,"enemies":"3 Louse","floor":14,"turns":4},{"damage":26,"enemies":"Slime Boss","floor":16,"turns":6},{"damage":2,"enemies":"3 Byrds","floor":18,"turns":4},{"damage":0,"enemies":"Chosen","floor":22,"turns":3},{"damage":13,"enemies":"Gremlin Leader","floor":24,"turns":5},{"damage":4,"enemies":"Snecko","floor":27,"turns":4},{"damage":0,"enemies":"Cultist and Chosen","floor":29,"turns":3},{"damage":25,"enemies":"Slavers","floor":30,"turns":3},{"damage":0,"enemies":"Sentry and Sphere","floor":31,"turns":3},{"damage":15,"enemies":"Champ","floor":33,"turns":6},{"damage":22,"enemies":"3 Darklings","floor":35,"turns":3},{"damage":12,"enemies":"3 Shapes","floor":36,"turns":3},{"damage":0,"enemies":"Mysterious Sphere","floor":37,"turns":4},{"damage":4,"enemies":"3 Darklings","floor":38,"turns":3},{"damage":15,"enemies":"Sphere and 2 Shapes","floor":39,"turns":4},{"damage":0,"enemies":"Maw","floor":45,"turns":5},{"damage":38,"enemies":"4 Shapes","floor":48,"turns":6},{"damage":21,"enemies":"Time Eater","floor":50,"turns":8}],"event_choices":[{"event_name":"Living Wall","player_choice":"Forget","floor":2,"damage_taken":0},{"event_name":"World of Goop","player_choice":"Gather Gold","floor":3,"damage_taken":0},{"event_name":"Golden Idol","player_choice":"Lose Max HP","floor":5,"damage_taken":0},{"event_name":"Bonfire Elementals","player_choice":"UNCOMMON","floor":10,"damage_taken":0},{"event_name":"Vampires","player_choice":"Ignored","floor":20,"damage_taken":0},{"event_name":"The Mausoleum","player_choice":"Yes","floor":21,"damage_taken":0},{"event_name":"Mysterious Sphere","player_choice":"Fight","floor":37,"damage_taken":0},{"event_name":"Winding Halls","player_choice":"Embrace Madness","floor":41,"damage_taken":0},{"event_name":"Transmorgrifier","player_choice":"Transform","floor":47,"damage_taken":0}],"boss_relics":[{"not_picked":["Cursed Key","Pandora\u0027s Box"],"picked":"Ectoplasm"},{"not_picked":["Question Card","Black Star"],"picked":"Orrery"}],"potions_floor_spawned":[6,14,16,22,29,31,35,37,45],"seed_played":"3192850016756049047","ascension_level":13,"is_trial":false}