{"path_per_floor":["M","$","?","?","$","R","M","M","T","M","R","?","M","$","R","B",null,"M","$","?","M","M","R","?"],"character_chosen":"THE_SILENT","items_purchased":["Well Laid Plans","Footwork"],"gold_per_floor":[111,74,74,74,74,74,90,109,178,193,193,268,285,210,210,307,307,324,145,195,210,220,220,220],"floor_reached":25,"campfire_rested":2,"playtime":857,"current_hp_per_floor":[69,69,74,74,74,74,74,72,72,72,72,61,60,60,75,36,75,64,64,64,30,24,46,46],"items_purged":["Defend_G","Strike_G"],"gold":220,"score":220,"play_id":"577c4be4-2374-472f-81f8-35aaa4b37cb7","is_prod":false,"is_daily":false,"is_ascension_mode":true,"campfire_upgraded":2,"path_taken":["M","$","?","?","$","R","M","M","T","M","R","?","?","$","R","BOSS","M","$","?","M","M","R","?","M"],"build_version":"2018-02-15-PROD1","purchased_purges":3,"victory":false,"master_deck":["Defend_G","Defend_G","Defend_G","Defend_G","Strike_G","Strike_G","Strike_G","Survivor","Neutralize","Skewer+1","Well Laid Plans","Distraction","Terror+1","Backflip","Unload","Footwork","Deflect","Decay"],"max_hp_per_floor":[70,70,75,75,75,75,75,75,75,75,75,75,75,75,75,75,75,75,75,75,75,75,75,75],"relics":["Ring of the Snake","Ornamental Fan","Sozu"],"card_choices":[{"not_picked":["PiercingWail","Flying Knee"],"picked":"Skewer"},{"not_picked":["Flying Knee","Dagger Throw"],"picked":"Terror"},{"not_picked":["Masterful Stab","Outmaneuver"],"picked":"Backflip"},{"not_picked":["Storm of Steel","Venomology"],"picked":"Unload"},{"not_picked":["Dagger Spray","Masterful Stab"],"picked":"Deflect"}],"player_experience":224286,"potions_floor_usage":[],"damage_taken":[{"damage":1,"enemies":"Small Slimes","floor":1,"turns":5},{"damage":0,"enemies":"Jaw Worm","floor":7,"turns":6},{"damage":2,"enemies":"2 Louse","floor":8,"turns":3},{"damage":0,"enemies":"2 Fungi Beasts","floor":10,"turns":5},{"damage":1,"enemies":"Looter","floor":13,"turns":3},{"damage":39,"enemies":"The Guardian","floor":16,"turns":12},{"damage":11,"enemies":"Spheric Guardian","floor":18,"turns":3},{"damage":34,"enemies":"Chosen","floor":21,"turns":7},{"damage":6,"enemies":"Snecko","floor":22,"turns":6},{"damage":49,"enemies":"Chosen and Byrds","floor":25,"turns":6}],"event_choices":[{"event_name":"Big Fish","player_choice":"Donut","floor":3,"damage_taken":0},{"event_name":"Living Wall","player_choice":"Change","floor":4,"damage_taken":0},{"event_name":"World of Goop","player_choice":"Gather Gold","floor":12,"damage_taken":0},{"event_name":"The Joust","player_choice":"Bet on Murderer","floor":20,"damage_taken":0},{"event_name":"Forgotten Altar","player_choice":"Smashed Altar","floor":24,"damage_taken":0}],"boss_relics":[{"not_picked":["Orrery","Calling Bell"],"picked":"Sozu"}],"potions_floor_spawned":[8,21],"seed_played":"-7226797066614671646","killed_by":"Chosen and Byrds","ascension_level":3,"is_trial":false}