{"path_per_floor":["M","?","?","$","T","R","E","R","T","R","E","M","M","M","R","B",null,"M","M","$","?","M","R","M","R","T","M","M","M","M","M","R","B",null,"M","$","?","M","M","R","M","R","T","M","M","$","?","E","R"],"character_chosen":"THE_SILENT","items_purchased":["Acrobatics","Slice","Apotheosis","Kunai","Strength Potion"],"gold_per_floor":[111,186,186,36,36,36,68,68,92,92,119,130,150,168,168,266,266,286,302,6,6,21,21,37,37,91,109,119,138,153,167,167,271,271,291,34,34,50,64,64,75,75,75,87,106,54,0,32,32],"floor_reached":50,"campfire_rested":8,"playtime":4306,"current_hp_per_floor":[70,59,45,45,45,66,32,53,53,53,52,54,56,58,70,51,70,57,59,59,59,41,62,44,65,65,67,61,59,60,56,56,29,70,49,49,49,51,38,59,39,60,60,32,18,18,18,3,24],"items_purged":["Defend_G","Strike_G"],"gold":32,"score":464,"play_id":"a7d38f4a-ec73-415c-9dc5-0bd1f00234b9","is_prod":false,"is_daily":false,"is_ascension_mode":false,"campfire_upgraded":2,"path_taken":["M","?","?","$","?","R","E","R","T","R","E","M","M","M","R","BOSS","M","?","$","?","M","R","M","R","T","M","?","M","M","?","R","BOSS","M","$","?","?","M","R","M","R","T","M","M","$","?","E","R","BOSS"],"build_version":"2018-02-15-PROD1","purchased_purges":2,"victory":false,"master_deck":["Defend_G","Defend_G+1","Defend_G+1","Strike_G","Strike_G","Strike_G","Strike_G","Survivor","Neutralize+1","Backflip","Acrobatics","Slice","Distraction","Finisher","Poisoned Stab","Prepared","Quick Slash","Backstab+1","Apotheosis","Slice","Blade Dance+1","Clumsy","Dash+1","After Image+1","A Thousand Cuts","Slice","Poisoned Stab+1","Slice+1","Pain","Malaise+1","Slice+1"],"max_hp_per_floor":[70,70,70,70,70,70,70,70,70,70,70,70,70,70,70,70,70,70,70,70,70,70,70,70,70,70,70,70,70,70,70,70,70,70,70,70,70,70,70,70,70,70,70,70,70,70,70,70,70],"relics":["Ring of the Snake","Ice Cream","Blood Vial","Snake Skull","Bottled Lightning","Cursed Key","Bag of Marbles","Lizard Tail","Kunai","Sundial","Red Mask","Toxic Egg 2"],"card_choices":[{"not_picked":["Prepared","Poisoned Stab"],"picked":"Backflip"},{"not_picked":["Outmaneuver","Caltrops"],"picked":"Distraction"},{"not_picked":["Well Laid Plans","Outmaneuver"],"picked":"Finisher"},{"not_picked":["Acrobatics","Blur"],"picked":"Poisoned Stab"},{"not_picked":["Burst","Flechettes"],"picked":"Quick Slash"},{"not_picked":["Quick Slash","Deflect"],"picked":"Prepared"},{"not_picked":["Flechettes","Well Laid Plans"],"picked":"Quick Slash"},{"not_picked":["PiercingWail","Distraction"],"picked":"Backstab"},{"not_picked":["PiercingWail","Dodge and Roll"],"picked":"Blade Dance"},{"not_picked":["Backflip","Outmaneuver"],"picked":"Dash"},{"not_picked":["Dagger Spray","Finisher"],"picked":"After Image"},{"not_picked":["Bullet Time","Doppelganger"],"picked":"A Thousand Cuts"},{"not_picked":["Deflect","Eviscerate"],"picked":"Slice"},{"not_picked":["Heel Hook","Acrobatics"],"picked":"Poisoned Stab"},{"not_picked":["Masterful Stab","All Out Attack"],"picked":"Slice"},{"not_picked":["Calculated Gamble","Heel Hook"],"picked":"Malaise"},{"not_picked":["Catalyst","Deflect"],"picked":"Slice"}],"player_experience":29245,"potions_floor_usage":[16,19,29,29,33,41,48,48],"damage_taken":[{"damage":0,"enemies":"Jaw Worm","floor":1,"turns":6},{"damage":34,"enemies":"Gremlin Nob","floor":7,"turns":6},{"damage":3,"enemies":"3 Sentries","floor":11,"turns":10},{"damage":0,"enemies":"Small Slimes","floor":12,"turns":4},{"damage":0,"enemies":"2 Louse","floor":13,"turns":3},{"damage":0,"enemies":"Blue Slaver","floor":14,"turns":2},{"damage":19,"enemies":"Hexaghost","floor":16,"turns":12},{"damage":13,"enemies":"Spheric Guardian","floor":18,"turns":4},{"damage":0,"enemies":"Shell Parasite","floor":19,"turns":6},{"damage":20,"enemies":"Sentry and Sphere","floor":22,"turns":5},{"damage":20,"enemies":"Slaver and Parasite","floor":24,"turns":6},{"damage":0,"enemies":"Snake Plant","floor":27,"turns":3},{"damage":8,"enemies":"Centurion and Healer","floor":28,"turns":4},{"damage":4,"enemies":"Sentry and Sphere","floor":29,"turns":7},{"damage":1,"enemies":"Snecko","floor":30,"turns":4},{"damage":6,"enemies":"Chosen and Byrds","floor":31,"turns":4},{"damage":29,"enemies":"Collector","floor":33,"turns":11},{"damage":21,"enemies":"3 Shapes","floor":35,"turns":5},{"damage":0,"enemies":"Orb Walker","floor":38,"turns":3},{"damage":15,"enemies":"3 Darklings","floor":39,"turns":6},{"damage":22,"enemies":"Sphere and 2 Shapes","floor":41,"turns":6},{"damage":30,"enemies":"Maw","floor":44,"turns":7},{"damage":16,"enemies":"3 Darklings","floor":45,"turns":6},{"damage":17,"enemies":"Nemesis","floor":48,"turns":10},{"damage":89,"enemies":"Donu and Deca","floor":50,"turns":11}],"event_choices":[{"event_name":"World of Goop","player_choice":"Gather Gold","floor":2,"damage_taken":0},{"event_name":"Shining Light","player_choice":"Entered Light","floor":3,"damage_taken":0},{"event_name":"The Library","player_choice":"Read","floor":21,"damage_taken":0},{"event_name":"Tomb of Lord Red Mask","player_choice":"Paid","floor":47,"damage_taken":0}],"boss_relics":[{"not_picked":["Philosopher\u0027s Stone","Velvet Choker"],"picked":"Cursed Key"},{"not_picked":["Astrolabe","White Beast Statue"],"picked":"Lizard Tail"}],"potions_floor_spawned":[11,13,14,16,18,22,28,33,35,39,45],"seed_played":"-4200324225950644751","killed_by":"Donu and Deca","ascension_level":0,"is_trial":false}