{"path_per_floor":["M","M","?","M","?","R","M","R","T","M","$","M","M","M","R"],"character_chosen":"THE_SILENT","items_purchased":["Regen Potion"],"gold_per_floor":[111,125,125,138,138,138,151,151,151,166,39,64,85,103,103],"floor_reached":16,"campfire_rested":2,"playtime":812,"current_hp_per_floor":[66,65,65,65,70,70,31,53,53,48,48,43,42,42,64],"items_purged":["Injury"],"gold":103,"score":115,"play_id":"ad3b24a0-db25-48d8-8b66-e1664b379915","is_prod":false,"is_daily":false,"is_ascension_mode":true,"campfire_upgraded":1,"path_taken":["M","M","?","?","?","R","M","R","T","?","?","M","M","M","R","BOSS"],"build_version":"2018-02-15-PROD1","purchased_purges":1,"victory":false,"master_deck":["Defend_G","Defend_G","Defend_G","Defend_G","Defend_G","Strike_G","Strike_G","Strike_G","Strike_G","Strike_G","Survivor","Neutralize","Predator","Flying Knee","Bouncing Flask+1","Acrobatics","Backflip","Dodge and Roll","Acrobatics","Cloak And Dagger","Terror"],"max_hp_per_floor":[70,70,70,70,75,75,75,75,75,75,75,75,75,75,75],"relics":["Ring of the Snake","Golden Idol","Pantograph"],"card_choices":[{"not_picked":["Cloak And Dagger","Deadly Poison"],"picked":"Predator"},{"not_picked":["Heel Hook","Choke"],"picked":"Flying Knee"},{"not_picked":["Accuracy","Poisoned Stab"],"picked":"Bouncing Flask"},{"not_picked":["Riddle With Holes","Glass Knife"],"picked":"Acrobatics"},{"not_picked":["Deflect","Underhanded Strike"],"picked":"Backflip"},{"not_picked":["Riddle With Holes","Slice"],"picked":"Dodge and Roll"},{"not_picked":["Blur","Choke"],"picked":"Acrobatics"},{"not_picked":["Riddle With Holes","Dagger Throw"],"picked":"Cloak And Dagger"},{"not_picked":["Venomology","Finisher"],"picked":"Terror"}],"player_experience":255105,"potions_floor_usage":[12,16,16,16],"damage_taken":[{"damage":4,"enemies":"Jaw Worm","floor":1,"turns":3},{"damage":1,"enemies":"2 Louse","floor":2,"turns":2},{"damage":0,"enemies":"Cultist","floor":4,"turns":3},{"damage":39,"enemies":"Exordium Wildlife","floor":7,"turns":8},{"damage":5,"enemies":"Blue Slaver","floor":10,"turns":3},{"damage":17,"enemies":"Exordium Thugs","floor":12,"turns":4},{"damage":1,"enemies":"Looter","floor":13,"turns":4},{"damage":0,"enemies":"2 Fungi Beasts","floor":14,"turns":4},{"damage":75,"enemies":"Hexaghost","floor":16,"turns":12}],"event_choices":[{"event_name":"Golden Idol","player_choice":"Take Wound","floor":3,"damage_taken":0},{"event_name":"Big Fish","player_choice":"Donut","floor":5,"damage_taken":0}],"boss_relics":[],"potions_floor_spawned":[2,7,10,14],"seed_played":"3983075925279393826","killed_by":"Hexaghost","ascension_level":4,"is_trial":false}