{"path_per_floor":["M","?","?","M","?","R","E","M","T","?","M","R","?","M","R","B",null,"M"],"character_chosen":"THE_SILENT","items_purchased":[],"gold_per_floor":[112,112,112,132,132,132,166,185,238,338,355,355,415,428,428,533,533,553],"floor_reached":19,"campfire_rested":0,"playtime":662,"current_hp_per_floor":[70,70,63,63,68,68,68,66,66,66,67,67,67,69,69,29,64,32],"items_purged":[],"gold":553,"score":240,"play_id":"d030ba0c-ebff-4aaf-8063-1d29db3934b7","is_prod":false,"is_daily":false,"is_ascension_mode":true,"campfire_upgraded":3,"path_taken":["M","?","?","M","?","R","E","M","T","?","M","R","?","M","R","BOSS","M","M"],"build_version":"2018-02-15-PROD1","purchased_purges":0,"victory":false,"master_deck":["Defend_G","Defend_G","Defend_G","Defend_G","Defend_G","Strike_G","Strike_G","Strike_G","Strike_G","Strike_G","Survivor","Neutralize","Flying Knee+1","Finesse","Cloak And Dagger","Terror","Burst+1","Malaise","Flechettes+1","Night Terror","Flechettes","PiercingWail+1"],"max_hp_per_floor":[70,70,70,70,75,75,75,75,75,75,75,75,75,75,75,75,75,75],"relics":["Ring of the Snake","NeowsBlessing","Frozen Egg 2","Ornamental Fan","Blood Vial","Tiny Chest","Orrery"],"card_choices":[{"not_picked":["Dagger Throw","Dodge and Roll"],"picked":"Flying Knee"},{"not_picked":["Riddle With Holes","Slice"],"picked":"Terror"},{"not_picked":["Noxious Fumes","Cloak And Dagger"],"picked":"Burst"},{"not_picked":["Accuracy","Underhanded Strike"],"picked":"Malaise"},{"not_picked":["Quick Slash","Masterful Stab"],"picked":"Flechettes"},{"not_picked":["Storm of Steel","Burst"],"picked":"Night Terror"},{"not_picked":["Prepared","Bouncing Flask"],"picked":"Flechettes"},{"not_picked":["Expertise","Riddle With Holes"],"picked":"PiercingWail"}],"player_experience":281371,"potions_floor_usage":[18,19],"damage_taken":[{"damage":0,"enemies":"Jaw Worm","floor":1,"turns":1},{"damage":0,"enemies":"Cultist","floor":4,"turns":1},{"damage":0,"enemies":"Gremlin Nob","floor":7,"turns":1},{"damage":2,"enemies":"2 Louse","floor":8,"turns":3},{"damage":1,"enemies":"Looter","floor":11,"turns":3},{"damage":0,"enemies":"2 Fungi Beasts","floor":14,"turns":6},{"damage":42,"enemies":"Hexaghost","floor":16,"turns":14},{"damage":34,"enemies":"Chosen","floor":18,"turns":8},{"damage":37,"enemies":"Spheric Guardian","floor":19,"turns":6}],"event_choices":[{"event_name":"Match and Keep!","player_choice":"2 cards matched","floor":2,"damage_taken":0},{"event_name":"Scrap Ooze","player_choice":"success","floor":3,"damage_taken":7},{"event_name":"Big Fish","player_choice":"Donut","floor":5,"damage_taken":0},{"event_name":"Golden Shrine","player_choice":"Pray","floor":10,"damage_taken":0},{"event_name":"Dead Adventurer","player_choice":"Searched \u00272\u0027 times","floor":13,"damage_taken":0}],"boss_relics":[{"not_picked":["Runic Dome","Runic Pyramid"],"picked":"Orrery"}],"potions_floor_spawned":[4,14],"seed_played":"5086377632408839397","killed_by":"Spheric Guardian","ascension_level":5,"is_trial":false}