{"path_per_floor":["M","?","?","M","M","R","M","R","T","?","R","M","$","M","R","B",null,"M","M","?"],"character_chosen":"THE_SILENT","items_purchased":["Paper Crane"],"gold_per_floor":[119,119,171,189,209,209,223,223,248,248,248,262,1,15,15,110,110,126,145,145],"floor_reached":21,"campfire_rested":1,"playtime":724,"current_hp_per_floor":[68,68,68,68,67,67,67,70,70,70,70,65,65,65,65,40,70,39,39,39],"items_purged":[],"gold":145,"score":205,"play_id":"cb78aaba-30a0-4921-9df7-09c83dcb1822","is_prod":false,"is_daily":false,"is_ascension_mode":true,"campfire_upgraded":3,"path_taken":["M","?","?","M","M","R","M","R","T","?","R","M","$","M","R","BOSS","M","M","?","M"],"build_version":"2018-02-15-PROD1","purchased_purges":0,"victory":false,"master_deck":["Defend_G+1","Defend_G+1","Defend_G+1","Defend_G+1","Defend_G+1","Strike_G+1","Strike_G+1","Strike_G+1","Strike_G+1","Survivor","Neutralize+1","Unload","Terror+1","Concentrate","Dash+1","Backflip","Underhanded Strike","Flying Knee","Blade Dance","Tactician","Cloak And Dagger","Cloak And Dagger"],"max_hp_per_floor":[70,70,70,70,70,70,70,70,70,70,70,70,70,70,70,70,70,70,70,70],"relics":["Ring of the Snake","Bag of Marbles","Paper Crane","Lizard Tail"],"card_choices":[{"not_picked":["PiercingWail","Unload"],"picked":"Terror"},{"not_picked":["Finisher","Underhanded Strike"],"picked":"Concentrate"},{"not_picked":["Bane","Dagger Spray"],"picked":"Dash"},{"not_picked":["Masterful Stab","Setup"],"picked":"Backflip"},{"not_picked":["Choke","Masterful Stab"],"picked":"Flying Knee"},{"not_picked":["Terror","Bane"],"picked":"Blade Dance"},{"not_picked":["Grand Finale","Storm of Steel"],"picked":"Tactician"},{"not_picked":["Riddle With Holes","Eviscerate"],"picked":"Cloak And Dagger"},{"not_picked":["Prepared","Slice"],"picked":"Cloak And Dagger"}],"player_experience":254381,"potions_floor_usage":[19,19],"damage_taken":[{"damage":2.0,"enemies":"Small Slimes","floor":1.0,"turns":4.0},{"damage":0.0,"enemies":"Jaw Worm","floor":4.0,"turns":4.0},{"damage":1.0,"enemies":"2 Louse","floor":5.0,"turns":3.0},{"damage":0.0,"enemies":"2 Fungi Beasts","floor":7.0,"turns":3.0},{"damage":5.0,"enemies":"Exordium Thugs","floor":12.0,"turns":5.0},{"damage":0.0,"enemies":"Looter","floor":14.0,"turns":2.0},{"damage":25.0,"enemies":"The Guardian","floor":16.0,"turns":11.0},{"damage":31,"enemies":"Spheric Guardian","floor":18,"turns":6},{"damage":0,"enemies":"2 Thieves","floor":19,"turns":4},{"damage":90,"enemies":"Sentry and Sphere","floor":21,"turns":11}],"event_choices":[{"event_name":"Liars Game","player_choice":"disagreed","floor":2.0,"damage_taken":0.0},{"event_name":"Golden Wing","player_choice":"Gained Gold","floor":3.0,"damage_taken":0.0},{"event_name":"Living Wall","player_choice":"Change","floor":10.0,"damage_taken":0.0},{"event_name":"Back to Basics","player_choice":"Simplicity","floor":20,"damage_taken":0}],"boss_relics":[{"not_picked":["Velvet Choker","Question Card"],"picked":"Lizard Tail"}],"potions_floor_spawned":[1,7,12,16,19],"seed_played":"-237940381338804081","killed_by":"Sentry and Sphere","ascension_level":4,"is_trial":false}