{"path_per_floor":["M","$","?","?","T","E","R","M","T","$","?","M","R","M","R","B",null,"M","M","$","M","M","R","M","M","T","R","M","$","M","?","R","B",null,"M","?","$","M","?","E","?","M","T","M"],"character_chosen":"THE_SILENT","items_purchased":["Infinite Blades","Vajra","Footwork","Regen Potion"],"gold_per_floor":[113,1,1,1,24,49,49,62,62,62,137,149,149,166,166,271,301,311,292,35,48,65,65,80,94,94,94,104,16,29,29,29,124,124,134,134,9,27,0,33,33,50,125,135],"floor_reached":45,"campfire_rested":4,"playtime":2966,"current_hp_per_floor":[70,70,70,63,63,59,59,59,59,59,48,48,69,69,69,19,75,70,46,46,30,9,31,13,13,13,35,33,33,34,34,56,14,75,68,68,68,40,40,40,40,26,26,26],"items_purged":["Doubt","Defend_G","Strike_G"],"gold":135,"score":422,"play_id":"ab08658b-9c05-412e-8a50-b80703ff8558","is_prod":false,"is_daily":false,"is_ascension_mode":false,"campfire_upgraded":2,"path_taken":["M","$","?","?","?","E","R","M","T","$","?","M","R","M","R","BOSS","M","M","$","M","M","R","M","M","T","R","M","$","M","?","R","BOSS","M","?","$","M","?","E","?","?","T","M","E"],"build_version":"2018-02-15-PROD1","purchased_purges":3,"victory":false,"master_deck":["Defend_G","Defend_G","Defend_G","Strike_G","Strike_G","Strike_G","Survivor+1","Neutralize+1","Dodge and Roll","Distraction","Infinite Blades+1","Backflip","Dagger Throw","Dagger Throw+1","Adrenaline","Finisher","Malaise+1","Quick Slash","Poisoned Stab+1","Flying Knee","Adrenaline","Footwork","Noxious Fumes+1","Neutralize+1","After Image","Backflip+1","Footwork+1","Endless Agony+1","Outmaneuver+1"],"max_hp_per_floor":[70,70,70,70,70,70,70,70,70,70,70,70,70,70,70,70,75,75,75,75,75,75,75,75,75,75,75,75,75,75,75,75,75,75,75,75,75,75,75,75,75,75,75,75],"relics":["Ring of the Snake","Ginger","Omamori","Unceasing Top","Sundial","Tiny House","Vajra","Ice Cream","Cursed Key","Red Mask","Bag of Preparation","War Paint","Kunai"],"card_choices":[{"not_picked":["Acrobatics","Backstab"],"picked":"Distraction"},{"not_picked":["Deadly Poison","PiercingWail"],"picked":"Backflip"},{"not_picked":["Deflect","Underhanded Strike"],"picked":"Dagger Throw"},{"not_picked":["Heel Hook","Poisoned Stab"],"picked":"Dagger Throw"},{"not_picked":["Unload","Tactician"],"picked":"Adrenaline"},{"not_picked":["Catalyst","Underhanded Strike"],"picked":"Finisher"},{"not_picked":["Outmaneuver","Acrobatics"],"picked":"Malaise"},{"not_picked":["Poisoned Stab","Calculated Gamble"],"picked":"Quick Slash"},{"not_picked":["Eviscerate","Bane"],"picked":"Poisoned Stab"},{"not_picked":["Quick Slash","Infinite Blades"],"picked":"Flying Knee"},{"not_picked":["Noxious Fumes","Slice"],"picked":"Adrenaline"},{"not_picked":["Dash","Dodge and Roll"],"picked":"Noxious Fumes"},{"not_picked":["Tactician","Venomology"],"picked":"After Image"},{"not_picked":["Quick Slash","Outmaneuver"],"picked":"Backflip"},{"not_picked":["Choke","Dagger Spray"],"picked":"Footwork"},{"not_picked":["Malaise","Slice"],"picked":"Endless Agony"},{"not_picked":["Deflect","Flying Knee"],"picked":"Outmaneuver"}],"player_experience":39117,"potions_floor_usage":[6,16,22,22,25,30,33,38,38,40],"damage_taken":[{"damage":0,"enemies":"Jaw Worm","floor":1,"turns":6},{"damage":4,"enemies":"Gremlin Nob","floor":6,"turns":4},{"damage":0,"enemies":"2 Louse","floor":8,"turns":3},{"damage":0,"enemies":"Cultist","floor":12,"turns":6},{"damage":0,"enemies":"Exordium Wildlife","floor":14,"turns":3},{"damage":50,"enemies":"The Guardian","floor":16,"turns":14},{"damage":5,"enemies":"Chosen","floor":18,"turns":5},{"damage":24,"enemies":"2 Thieves","floor":19,"turns":4},{"damage":16,"enemies":"Snecko","floor":21,"turns":4},{"damage":21,"enemies":"Centurion and Healer","floor":22,"turns":5},{"damage":18,"enemies":"Chosen and Byrds","floor":24,"turns":6},{"damage":0,"enemies":"Snake Plant","floor":25,"turns":5},{"damage":2,"enemies":"Centurion and Healer","floor":28,"turns":5},{"damage":14,"enemies":"Slaver and Parasite","floor":30,"turns":6},{"damage":42,"enemies":"Collector","floor":33,"turns":7},{"damage":7,"enemies":"Orb Walker","floor":35,"turns":4},{"damage":28,"enemies":"3 Darklings","floor":38,"turns":5},{"damage":0,"enemies":"Giant Head","floor":40,"turns":6},{"damage":14,"enemies":"4 Shapes","floor":42,"turns":6},{"damage":0,"enemies":"Maw","floor":44,"turns":6},{"damage":26,"enemies":"2 Orb Walkers","floor":45,"turns":5}],"event_choices":[{"event_name":"Big Fish","player_choice":"Box","floor":3,"damage_taken":0},{"event_name":"Golden Wing","player_choice":"Card Removal","floor":4,"damage_taken":0},{"event_name":"World of Goop","player_choice":"Gather Gold","floor":11,"damage_taken":0},{"event_name":"Duplicator","player_choice":"One dupe","floor":31,"damage_taken":0},{"event_name":"Tomb of Lord Red Mask","player_choice":"Paid","floor":39,"damage_taken":0},{"event_name":"Accursed Blacksmith","player_choice":"Rummage","floor":41,"damage_taken":0}],"boss_relics":[{"not_picked":["Snecko Eye","White Beast Statue"],"picked":"Tiny House"},{"not_picked":["Lizard Tail","Eternal Feather"],"picked":"Cursed Key"}],"potions_floor_spawned":[1,12,21,24,30,33,35,38],"seed_played":"3802948312204851226","killed_by":"2 Orb Walkers","ascension_level":0,"is_trial":false}