{"path_per_floor":["M","?","?","$","?","E","?","M","T","R","E","R","$","M","R","B",null,"M","?","$","?","M","R","M","R","T","E","$","R","M","M","R","B",null,"M","?","M","$","M","R","$","R","T","E","$","?","T","M","R","B"],"character_chosen":"THE_SILENT","items_purchased":["Infinite Blades","Underhanded Strike","Footwork","Accuracy","Slice","Accuracy","Backflip","Toolbox","Flash of Steel","Accuracy"],"gold_per_floor":[119,69,69,33,33,66,66,84,111,111,149,149,46,71,71,202,202,222,222,27,27,39,39,49,49,76,105,6,6,26,37,37,139,439,452,452,464,28,44,44,44,44,70,99,27,78,155,169,169,169],"floor_reached":51,"campfire_rested":4,"playtime":6627,"current_hp_per_floor":[69,69,55,55,70,69,69,67,67,67,59,59,59,59,70,68,70,48,48,48,48,41,62,57,70,70,55,55,55,58,62,62,47,70,70,70,70,70,70,70,70,70,70,70,70,70,70,56,70,42],"items_purged":["Strike_G","Underhanded Strike"],"gold":169,"score":676,"play_id":"0ad9cd7f-c01f-4ddf-adb6-86cb858f73e5","is_prod":false,"is_daily":false,"is_ascension_mode":false,"campfire_upgraded":6,"path_taken":["M","?","?","$","?","E","?","?","T","R","E","R","$","M","R","BOSS","M","?","$","?","M","R","M","R","T","E","$","R","M","M","R","BOSS","M","?","M","$","M","R","?","R","T","E","?","?","?","?","R","BOSS"],"build_version":"2018-02-22-PROD2","purchased_purges":2,"victory":true,"master_deck":["Defend_G","Defend_G+1","Defend_G","Defend_G","Defend_G","Strike_G+1","Strike_G","Strike_G","Survivor","Neutralize+1","Outmaneuver","Infinite Blades+1","Infinite Blades","Injury","Poisoned Stab","Poisoned Stab","Noxious Fumes+1","Footwork","After Image+1","A Thousand Cuts","Dash","Writhe","Accuracy","Slice+1","Blur","Dagger Throw+1","Cloak And Dagger+1","Riddle With Holes","Accuracy+1","Backflip","Finisher","Accuracy+1","Tools of the Trade","Regret","Clumsy","Parasite","Quick Slash+1","Acrobatics+1","Flash of Steel+1","Infinite Blades+1","Dagger Spray+1","Backstab+1","Accuracy","Blur+1","Infinite Blades+1"],"max_hp_per_floor":[70,70,70,70,70,70,70,70,70,70,70,70,70,70,70,70,70,70,70,70,70,70,70,70,70,70,70,70,70,70,70,70,70,70,70,70,70,70,70,70,70,70,70,70,70,70,70,70,70,70],"relics":["Ring of the Snake","Torii","Prayer Wheel","Bloody Idol","Bag of Preparation","Du-Vu Doll","Sozu","Bronze Scales","Ancient Tea Set","Pen Nib","Calling Bell","Happy Flower","Old Coin","Vajra","Toolbox","Bag of Marbles","Whetstone","Bird Faced Urn","Letter Opener"],"card_choices":[{"not_picked":["Bouncing Flask","Catalyst"],"picked":"Outmaneuver"},{"not_picked":["Prepared","Reflex"],"picked":"Infinite Blades"},{"not_picked":["Outmaneuver","Reflex"],"picked":"Poisoned Stab"},{"not_picked":["Deflect","Endless Agony"],"picked":"Poisoned Stab"},{"not_picked":["Prepared","Backflip"],"picked":"Noxious Fumes"},{"not_picked":["Skewer","Escape Plan"],"picked":"After Image"},{"not_picked":["Phantasmal Killer","Venomology"],"picked":"A Thousand Cuts"},{"not_picked":["Acrobatics","Deadly Poison"],"picked":"Dash"},{"not_picked":["Outmaneuver","Calculated Gamble"],"picked":"Blur"},{"not_picked":["Deadly Poison","Unload"],"picked":"Dagger Throw"},{"not_picked":["Underhanded Strike","Acrobatics"],"picked":"Cloak And Dagger"},{"not_picked":["Heel Hook","Underhanded Strike"],"picked":"Riddle With Holes"},{"not_picked":["Bane","Venomology"],"picked":"Finisher"},{"not_picked":["Backstab","Prepared"],"picked":"Accuracy"},{"not_picked":["Corpse Explosion","Phantasmal Killer"],"picked":"Tools of the Trade"},{"not_picked":["Catalyst","Noxious Fumes"],"picked":"Quick Slash"},{"not_picked":["Accuracy","Underhanded Strike"],"picked":"Acrobatics"},{"not_picked":["Calculated Gamble","Riddle With Holes"],"picked":"Infinite Blades"},{"not_picked":["Bane","Deadly Poison"],"picked":"Dagger Spray"},{"not_picked":["Bane","Flechettes"],"picked":"Backstab"},{"not_picked":["Flying Knee","Outmaneuver"],"picked":"Blur"},{"not_picked":["Adrenaline","Heel Hook"],"picked":"Infinite Blades"}],"player_experience":57674,"potions_floor_usage":[6,16,33],"damage_taken":[{"damage":1,"enemies":"Small Slimes","floor":1,"turns":5},{"damage":8,"enemies":"3 Sentries","floor":6,"turns":10},{"damage":2,"enemies":"Jaw Worm","floor":8,"turns":5},{"damage":8,"enemies":"Lagavulin","floor":11,"turns":6},{"damage":0,"enemies":"2 Louse","floor":14,"turns":2},{"damage":2,"enemies":"Slime Boss","floor":16,"turns":8},{"damage":22,"enemies":"Chosen","floor":18,"turns":6},{"damage":12,"enemies":"Spheric Guardian","floor":22,"turns":4},{"damage":10,"enemies":"3 Cultists","floor":24,"turns":4},{"damage":20,"enemies":"Book of Stabbing","floor":27,"turns":6},{"damage":2,"enemies":"Snake Plant","floor":30,"turns":3},{"damage":1,"enemies":"Sentry and Sphere","floor":31,"turns":3},{"damage":20,"enemies":"Champ","floor":33,"turns":8},{"damage":0,"enemies":"3 Shapes","floor":35,"turns":3},{"damage":0,"enemies":"Orb Walker","floor":37,"turns":2},{"damage":1,"enemies":"3 Darklings","floor":39,"turns":3},{"damage":2,"enemies":"Giant Head","floor":44,"turns":5},{"damage":0,"enemies":"Mysterious Sphere","floor":46,"turns":3},{"damage":21,"enemies":"4 Shapes","floor":48,"turns":2},{"damage":36,"enemies":"Donu and Deca","floor":50,"turns":5}],"event_choices":[{"event_name":"The Cleric","player_choice":"Card Removal","floor":2,"damage_taken":0},{"event_name":"Shining Light","player_choice":"Entered Light","floor":3,"damage_taken":0},{"event_name":"Big Fish","player_choice":"Banana","floor":5,"damage_taken":0},{"event_name":"Golden Idol","player_choice":"Take Wound","floor":7,"damage_taken":0},{"event_name":"The Mausoleum","player_choice":"Yes","floor":19,"damage_taken":0},{"event_name":"Forgotten Altar","player_choice":"Gave Idol","floor":21,"damage_taken":0},{"event_name":"Mysterious Sphere","player_choice":"Fight","floor":46,"damage_taken":0}],"boss_relics":[{"not_picked":["The Specimen","Pandora\u0027s Box"],"picked":"Sozu"},{"not_picked":["Lizard Tail","Tiny House"],"picked":"Calling Bell"}],"potions_floor_spawned":[1,11,14,18,27,30,39,46],"seed_played":"1462807329808124332","ascension_level":0,"is_trial":false}