{"path_per_floor":["M","M","?","M","$","R","?","R","T","E","?","M","?","M","R","B",null,"M","?","M","?","$","E","R"],"character_chosen":"THE_SILENT","items_purchased":["Letter Opener"],"gold_per_floor":[118,138,138,149,74,74,74,74,97,122,181,196,271,289,289,387,387,401,401,414,414,60,90,90],"floor_reached":25,"campfire_rested":2,"playtime":1431,"current_hp_per_floor":[62,62,50,40,40,40,40,40,40,35,25,25,14,14,47,34,63,54,54,37,37,37,39,63],"items_purged":["Strike_G","Regret"],"gold":90,"score":244,"play_id":"f7e8fb03-5ea7-4f8e-abe2-f79cbbc85250","is_prod":false,"is_daily":false,"is_ascension_mode":false,"campfire_upgraded":2,"path_taken":["M","?","?","M","$","R","?","R","T","E","?","M","?","M","R","BOSS","M","?","M","?","$","E","R","E"],"build_version":"2018-02-15-PROD1","purchased_purges":2,"victory":false,"master_deck":["Defend_G","Defend_G","Defend_G","Strike_G","Strike_G","Strike_G","Strike_G","Survivor","Neutralize+1","Venomology","Dagger Throw","Finisher+1","Flying Knee","Quick Slash","Skewer","After Image","Envenom","Dagger Throw+1","Infinite Blades+1","Writhe","Flying Knee"],"max_hp_per_floor":[63,63,63,63,63,63,63,63,63,63,63,63,63,63,63,63,63,63,63,63,63,63,63,63],"relics":["Ring of the Snake","Happy Flower","Regal Pillow","Vajra","Juzu Bracelet","Snecko Eye","Nloth\u0027s Gift","Blood Vial","Letter Opener","Pantograph"],"card_choices":[{"not_picked":["Bullet Time","Deadly Poison"],"picked":"Finisher"},{"not_picked":["Choke","PiercingWail"],"picked":"Flying Knee"},{"not_picked":["Dash","Dodge and Roll"],"picked":"Quick Slash"},{"not_picked":["Flying Knee","Dodge and Roll"],"picked":"Skewer"},{"not_picked":["Outmaneuver","Bane"],"picked":"After Image"},{"not_picked":["Tools of the Trade","Bullet Time"],"picked":"Envenom"},{"not_picked":["Backstab","Deflect"],"picked":"Dagger Throw"},{"not_picked":["Slice","Acrobatics"],"picked":"Infinite Blades"},{"not_picked":["Poisoned Stab","Unload"],"picked":"Flying Knee"}],"player_experience":33551,"potions_floor_usage":[10,10,10,11,11,14,14,14,16,16,20,20,23,23,25],"damage_taken":[{"damage":1,"enemies":"Cultist","floor":1,"turns":5},{"damage":0,"enemies":"2 Louse","floor":2,"turns":2},{"damage":10,"enemies":"Small Slimes","floor":4,"turns":3},{"damage":5,"enemies":"Lagavulin","floor":10,"turns":4},{"damage":16,"enemies":"Lagavulin Event","floor":11,"turns":4},{"damage":0,"enemies":"3 Louse","floor":12,"turns":3},{"damage":0,"enemies":"Large Slime","floor":14,"turns":1},{"damage":13,"enemies":"Hexaghost","floor":16,"turns":7},{"damage":9,"enemies":"3 Byrds","floor":18,"turns":5},{"damage":17,"enemies":"2 Thieves","floor":20,"turns":4},{"damage":0,"enemies":"Gremlin Leader","floor":23,"turns":7},{"damage":64,"enemies":"Slavers","floor":25,"turns":5}],"event_choices":[{"event_name":"Scrap Ooze","player_choice":"success","floor":3,"damage_taken":12},{"event_name":"Big Fish","player_choice":"Box","floor":7,"damage_taken":0},{"event_name":"Dead Adventurer","player_choice":"Searched \u00271\u0027 times","floor":11,"damage_taken":0},{"event_name":"World of Goop","player_choice":"Gather Gold","floor":13,"damage_taken":0},{"event_name":"N\u0027loth","player_choice":"Traded a Lantern","floor":19,"damage_taken":0},{"event_name":"The Mausoleum","player_choice":"Yes","floor":21,"damage_taken":0}],"boss_relics":[{"not_picked":["Sozu","Eternal Feather"],"picked":"Snecko Eye"}],"potions_floor_spawned":[1,4,12,14,18,20],"seed_played":"1101954502174881857","killed_by":"Slavers","ascension_level":0,"is_trial":false}