{"path_per_floor":["M","$","M","M","M","R","$","R","T","M","$","?","?","M","R","B",null,"M","M","M","?","M","R"],"character_chosen":"THE_SILENT","items_purchased":[],"gold_per_floor":[118,43,59,79,94,94,94,94,94,104,104,179,179,193,193,294,294,294,294,294,294,294,294],"floor_reached":24,"campfire_rested":0,"playtime":977,"current_hp_per_floor":[70,70,70,70,63,63,63,63,63,63,63,52,40,37,37,35,61,57,44,32,32,29,29],"items_purged":["Strike_G"],"gold":294,"score":238,"play_id":"45d532b1-3719-4684-a054-35521c2620e9","is_prod":false,"is_daily":false,"is_ascension_mode":true,"campfire_upgraded":4,"path_taken":["M","$","M","M","M","R","$","R","T","M","$","?","?","M","R","BOSS","M","M","?","?","M","R","M"],"build_version":"2018-02-22-PROD2","purchased_purges":1,"victory":false,"master_deck":["Defend_G","Defend_G","Defend_G","Defend_G","Defend_G","Strike_G","Strike_G","Strike_G","Survivor+1","Neutralize","Backstab","Flying Knee","Finisher+1","Malaise+1","Quick Slash+1","Caltrops","Predator+1","Blur","Infinite Blades","Concentrate"],"max_hp_per_floor":[70,70,70,70,70,70,70,70,70,70,70,70,70,70,70,70,70,70,70,70,70,70,70],"relics":["Ring of the Snake","Ancient Tea Set","Sundial","Orichalcum","Ectoplasm"],"card_choices":[{"not_picked":["Dodge and Roll","Acrobatics"],"picked":"Backstab"},{"not_picked":["Masterful Stab","Storm of Steel"],"picked":"Flying Knee"},{"not_picked":["Backstab","Sucker Punch"],"picked":"Finisher"},{"not_picked":["Eviscerate","PiercingWail"],"picked":"Malaise"},{"not_picked":["Endless Agony","Slice"],"picked":"Quick Slash"},{"not_picked":["Deflect","Quick Slash"],"picked":"Caltrops"},{"not_picked":["Distraction","Underhanded Strike"],"picked":"Predator"},{"not_picked":["Dagger Spray","Quick Slash"],"picked":"Blur"},{"not_picked":["Skewer","Dodge and Roll"],"picked":"Infinite Blades"}],"player_experience":312458,"potions_floor_usage":[19,20,24,24],"damage_taken":[{"damage":0,"enemies":"Jaw Worm","floor":1,"turns":5},{"damage":0,"enemies":"2 Louse","floor":3,"turns":2},{"damage":0,"enemies":"Cultist","floor":4,"turns":4},{"damage":7,"enemies":"Gremlin Gang","floor":5,"turns":4},{"damage":0,"enemies":"Exordium Wildlife","floor":10,"turns":1},{"damage":3,"enemies":"Lots of Slimes","floor":14,"turns":5},{"damage":2,"enemies":"Hexaghost","floor":16,"turns":11},{"damage":4,"enemies":"Chosen","floor":18,"turns":7},{"damage":16,"enemies":"Spheric Guardian","floor":19,"turns":4},{"damage":12,"enemies":"Slaver and Parasite","floor":20,"turns":8},{"damage":3,"enemies":"Snake Plant","floor":22,"turns":5},{"damage":29,"enemies":"Sentry and Sphere","floor":24,"turns":5}],"event_choices":[{"event_name":"World of Goop","player_choice":"Gather Gold","floor":12,"damage_taken":0},{"event_name":"Scrap Ooze","player_choice":"success","floor":13,"damage_taken":12},{"event_name":"Transmorgrifier","player_choice":"Transform","floor":21,"damage_taken":0}],"boss_relics":[{"not_picked":["Calling Bell","The Specimen"],"picked":"Ectoplasm"}],"potions_floor_spawned":[1,3,16,20],"seed_played":"4469788135050255442","killed_by":"Sentry and Sphere","ascension_level":5,"is_trial":false}