{"path_per_floor":["M","?","M","$","?","R","M","E","T","$","M","R","?","M","R","B",null,"M","$","?","?","M","R","M","M","T","?","?","M"],"character_chosen":"THE_SILENT","items_purchased":["Caltrops","Footwork","Footwork","Blur"],"gold_per_floor":[116,191,202,122,72,72,90,117,196,48,68,68,90,100,100,200,200,211,2,2,2,19,19,33,45,45,45,45,57],"floor_reached":30,"campfire_rested":1,"playtime":1351,"current_hp_per_floor":[68,57,53,53,53,53,53,32,32,32,28,49,44,44,44,25,59,59,59,59,59,52,52,25,23,23,23,7,4],"items_purged":["Strike_G","Strike_G"],"gold":57,"score":288,"play_id":"581cd2e1-175c-4e97-ac1b-ea711dcf46f8","is_prod":false,"is_daily":false,"is_ascension_mode":true,"campfire_upgraded":3,"path_taken":["M","?","M","$","?","R","M","E","T","$","M","R","?","M","R","BOSS","M","$","?","?","M","R","M","M","T","?","?","?","M"],"build_version":"2018-02-22-PROD1","purchased_purges":2,"victory":false,"master_deck":["Defend_G","Defend_G","Defend_G","Defend_G","Defend_G","Strike_G","Strike_G","Survivor","Neutralize","Flying Knee","Poisoned Stab+1","Caltrops","Poisoned Stab","Footwork","Noxious Fumes+1","PiercingWail","Envenom","Dodge and Roll+1","Footwork","Blur","Infinite Blades+1","Backflip","Necronomicurse"],"max_hp_per_floor":[70,70,70,70,70,70,70,70,70,70,70,70,70,70,70,70,70,70,70,70,70,70,70,70,70,70,70,70,70],"relics":["Ring of the Snake","Bag of Preparation","Dead Branch","Shuriken","Odd Mushroom","Question Card","Unceasing Top","Necronomicon"],"card_choices":[{"not_picked":["Slice","PiercingWail"],"picked":"Flying Knee"},{"not_picked":["PiercingWail","Underhanded Strike"],"picked":"Poisoned Stab"},{"not_picked":["Bane","Outmaneuver"],"picked":"Poisoned Stab"},{"not_picked":["Quick Slash","Deflect"],"picked":"Noxious Fumes"},{"not_picked":["Dagger Spray","Tactician"],"picked":"PiercingWail"},{"not_picked":["Burst","Grand Finale"],"picked":"Envenom"},{"not_picked":["Deflect","Poisoned Stab","Predator"],"picked":"Dodge and Roll"},{"not_picked":["Endless Agony","PiercingWail","Predator"],"picked":"Infinite Blades"},{"not_picked":["Quick Slash","Riddle With Holes","Poisoned Stab"],"picked":"Backflip"}],"player_experience":291888,"potions_floor_usage":[13,22,25],"damage_taken":[{"damage":2,"enemies":"2 Louse","floor":1,"turns":3},{"damage":4,"enemies":"Small Slimes","floor":3,"turns":4},{"damage":0,"enemies":"Cultist","floor":7,"turns":3},{"damage":21,"enemies":"Gremlin Nob","floor":8,"turns":4},{"damage":4,"enemies":"3 Louse","floor":11,"turns":6},{"damage":5,"enemies":"The Mushroom Lair","floor":13,"turns":3},{"damage":0,"enemies":"2 Fungi Beasts","floor":14,"turns":4},{"damage":19,"enemies":"Slime Boss","floor":16,"turns":10},{"damage":0,"enemies":"Chosen","floor":18,"turns":7},{"damage":7,"enemies":"3 Byrds","floor":22,"turns":4},{"damage":27,"enemies":"3 Cultists","floor":24,"turns":7},{"damage":2,"enemies":"Snake Plant","floor":25,"turns":6},{"damage":3,"enemies":"Centurion and Healer","floor":29,"turns":7},{"damage":4,"enemies":"Sentry and Sphere","floor":30,"turns":3}],"event_choices":[{"event_name":"World of Goop","player_choice":"Gather Gold","floor":2,"damage_taken":0},{"event_name":"The Cleric","player_choice":"Card Removal","floor":5,"damage_taken":0},{"event_name":"Mushrooms","player_choice":"Fought Mushrooms","floor":13,"damage_taken":0},{"event_name":"Vampires","player_choice":"Ignored","floor":20,"damage_taken":0},{"event_name":"Drug Dealer","player_choice":"Ignored","floor":21,"damage_taken":0},{"event_name":"Beggar","player_choice":"Ignored","floor":27,"damage_taken":0},{"event_name":"Cursed Tome","player_choice":"Obtained Book","floor":28,"damage_taken":0}],"boss_relics":[{"not_picked":["Runic Pyramid","Eternal Feather"],"picked":"Question Card"}],"potions_floor_spawned":[3,11,24],"seed_played":"-4715069279156509317","killed_by":"Sentry and Sphere","ascension_level":5,"is_trial":false}