{"path_per_floor":["M","?","M","$","M","R","M","?","T","R","?","M","R","M","R","B",null,"M","$","?","?","M","R","M","M","T","?","$","R","M","M","R"],"character_chosen":"THE_SILENT","items_purchased":["Well Laid Plans","Backflip","Footwork","Accuracy"],"gold_per_floor":[110,110,127,57,76,76,94,94,120,120,120,135,135,154,154,257,257,277,145,145,70,87,87,100,111,138,138,57,57,69,80,80],"floor_reached":33,"campfire_rested":4,"playtime":1494,"current_hp_per_floor":[69,69,69,69,64,64,57,57,57,57,57,54,70,70,70,55,70,65,65,52,52,36,58,44,11,11,11,11,33,48,14,36],"items_purged":[],"gold":80,"score":287,"play_id":"d7f93252-feb8-4a8c-a9e7-073fa8e0fec0","is_prod":false,"is_daily":false,"is_ascension_mode":true,"campfire_upgraded":3,"path_taken":["M","?","M","?","M","R","?","?","T","R","?","?","R","M","R","BOSS","M","$","?","?","?","R","M","M","T","?","$","R","M","M","R","BOSS"],"build_version":"2018-02-22-PROD1","purchased_purges":1,"victory":false,"master_deck":["Defend_G+1","Defend_G","Defend_G+1","Strike_G","Strike_G","Survivor","Neutralize","Backstab","Footwork+1","Well Laid Plans","Cloak And Dagger+1","Cloak And Dagger+1","Riddle With Holes","Footwork","Flechettes","Bullet Time","Backflip","Footwork","Writhe","Accuracy","Acrobatics"],"max_hp_per_floor":[70,70,70,70,70,70,70,70,70,70,70,70,70,70,70,70,70,70,70,75,75,75,75,75,75,75,75,75,75,75,75,75],"relics":["Ring of the Snake","Ancient Tea Set","White Beast Statue","Blood Vial","War Paint"],"card_choices":[{"not_picked":["Calculated Gamble","Dodge and Roll"],"picked":"Footwork"},{"not_picked":["Skewer","Poisoned Stab"],"picked":"Cloak And Dagger"},{"not_picked":["Flechettes","Riddle With Holes"],"picked":"Cloak And Dagger"},{"not_picked":["Endless Agony","Setup"],"picked":"Footwork"},{"not_picked":["Skewer","Dagger Spray"],"picked":"Flechettes"},{"not_picked":["Glass Knife","Unload"],"picked":"Bullet Time"},{"not_picked":["Footwork","Crippling Poison"],"picked":"Acrobatics"}],"player_experience":262396,"potions_floor_usage":[25,30,33,33,33],"damage_taken":[{"damage":1,"enemies":"Jaw Worm","floor":1,"turns":3},{"damage":0,"enemies":"Cultist","floor":3,"turns":4},{"damage":5,"enemies":"Small Slimes","floor":5,"turns":4},{"damage":7,"enemies":"Exordium Thugs","floor":7,"turns":8},{"damage":3,"enemies":"2 Fungi Beasts","floor":12,"turns":2},{"damage":0,"enemies":"Looter","floor":14,"turns":3},{"damage":15,"enemies":"Hexaghost","floor":16,"turns":15},{"damage":5,"enemies":"Shell Parasite","floor":18,"turns":5},{"damage":16,"enemies":"Chosen","floor":22,"turns":7},{"damage":14,"enemies":"Centurion and Healer","floor":24,"turns":11},{"damage":33,"enemies":"Snake Plant","floor":25,"turns":9},{"damage":2,"enemies":"Snecko","floor":30,"turns":7},{"damage":36,"enemies":"3 Cultists","floor":31,"turns":8},{"damage":60,"enemies":"Collector","floor":33,"turns":6}],"event_choices":[{"event_name":"Purifier","player_choice":"One Purge","floor":2,"damage_taken":0},{"event_name":"Living Wall","player_choice":"Change","floor":8,"damage_taken":0},{"event_name":"Bonfire Elementals","player_choice":"BASIC","floor":11,"damage_taken":0},{"event_name":"Forgotten Altar","player_choice":"Shed Blood","floor":20,"damage_taken":0},{"event_name":"Beggar","player_choice":"Gave Gold","floor":21,"damage_taken":0},{"event_name":"The Mausoleum","player_choice":"Yes","floor":27,"damage_taken":0}],"boss_relics":[{"not_picked":["Snecko Eye","Velvet Choker"],"picked":"White Beast Statue"}],"potions_floor_spawned":[1,7,12,16,18,22,24,25,30,31],"seed_played":"-3957349661987358692","killed_by":"Collector","ascension_level":4,"is_trial":false}