{"path_per_floor":["M","?","M","$","M","E","R","M","T","?","R","M","$","M","R","B",null,"M","M","?","?","M","R"],"character_chosen":"THE_SILENT","items_purchased":["Blade Dance"],"gold_per_floor":[112,112,137,62,87,130,130,144,169,119,119,143,67,81,81,211,211,224,245,170,170,190,190],"floor_reached":24,"campfire_rested":3,"playtime":1099,"current_hp_per_floor":[67,50,46,46,46,1,22,22,22,22,43,43,43,43,43,21,58,58,58,58,58,41,62],"items_purged":["Strike_G"],"gold":190,"score":248,"play_id":"039fd700-b180-4b69-8812-2be62850a938","is_prod":false,"is_daily":false,"is_ascension_mode":true,"campfire_upgraded":1,"path_taken":["M","?","M","$","M","E","R","M","T","?","R","M","$","M","R","BOSS","M","M","?","?","M","R","E"],"build_version":"2018-02-15-PROD1","purchased_purges":1,"victory":false,"master_deck":["Defend_G","Defend_G","Defend_G","Defend_G","Defend_G","Strike_G","Strike_G","Strike_G","Survivor","Neutralize","Accuracy+1","Infinite Blades","Dagger Spray","Heel Hook","Sucker Punch","Blade Dance","Adrenaline","Predator"],"max_hp_per_floor":[70,70,70,70,70,70,70,70,70,70,70,70,70,70,70,70,70,70,70,70,70,70,70],"relics":["Ring of the Snake","Bag of Marbles","Bloody Idol","Matryoshka","Ninja Scroll","Juzu Bracelet","Sozu"],"card_choices":[{"not_picked":["PiercingWail","Cloak And Dagger"],"picked":"Accuracy"},{"not_picked":["Dagger Throw","Dagger Spray"],"picked":"Infinite Blades"},{"not_picked":["Finisher","Quick Slash"],"picked":"Dagger Spray"},{"not_picked":["Dagger Spray","Footwork"],"picked":"Heel Hook"},{"not_picked":["Bane","Escape Plan"],"picked":"Sucker Punch"},{"not_picked":["Unload","A Thousand Cuts"],"picked":"Adrenaline"},{"not_picked":["Bullet Time","Deflect"],"picked":"Predator"}],"player_experience":280272,"potions_floor_usage":[16],"damage_taken":[{"damage":3,"enemies":"2 Louse","floor":1,"turns":3},{"damage":4,"enemies":"Jaw Worm","floor":3,"turns":5},{"damage":0,"enemies":"Small Slimes","floor":5,"turns":4},{"damage":45,"enemies":"Lagavulin","floor":6,"turns":11},{"damage":0,"enemies":"3 Louse","floor":8,"turns":1},{"damage":0,"enemies":"Blue Slaver","floor":12,"turns":5},{"damage":0,"enemies":"Large Slime","floor":14,"turns":3},{"damage":37,"enemies":"Slime Boss","floor":16,"turns":11},{"damage":0,"enemies":"3 Byrds","floor":18,"turns":5},{"damage":0,"enemies":"Chosen","floor":19,"turns":3},{"damage":22,"enemies":"Snecko","floor":22,"turns":6},{"damage":79,"enemies":"Book of Stabbing","floor":24,"turns":6}],"event_choices":[{"event_name":"Golden Idol","player_choice":"Take Damage","floor":2,"damage_taken":0},{"event_name":"World of Goop","player_choice":"Left","floor":10,"damage_taken":0},{"event_name":"Beggar","player_choice":"Gave Gold","floor":20,"damage_taken":0},{"event_name":"Forgotten Altar","player_choice":"Gave Idol","floor":21,"damage_taken":0}],"boss_relics":[{"not_picked":["Cursed Key","Black Star"],"picked":"Sozu"}],"potions_floor_spawned":[1,5,8,14],"seed_played":"-8998284809671750227","killed_by":"Book of Stabbing","ascension_level":5,"is_trial":false}