{"path_per_floor":["M","?","M","M","?","R","M","R","T","R","$","E","?","M","R","B",null,"M","M","$","?","?"],"character_chosen":"THE_SILENT","items_purchased":["Block Potion","Footwork","Blur"],"gold_per_floor":[109,109,128,152,152,152,172,172,246,246,122,155,231,247,247,375,375,398,416,216,131,56],"floor_reached":23,"campfire_rested":2,"playtime":1037,"current_hp_per_floor":[70,70,69,68,54,54,50,70,70,70,70,29,11,11,32,2,70,39,3,3,3,3],"items_purged":["Injury","Dagger Spray"],"gold":56,"score":227,"play_id":"36829273-76d1-42ee-a83f-1fb40884b6c1","is_prod":false,"is_daily":false,"is_ascension_mode":true,"campfire_upgraded":2,"path_taken":["M","?","?","M","?","R","?","R","T","R","$","E","?","M","R","BOSS","M","M","$","?","?","E"],"build_version":"2018-02-15-PROD1","purchased_purges":2,"victory":false,"master_deck":["Survivor","Neutralize+1","Acrobatics","Cloak And Dagger+1","Deadly Poison+1","Outmaneuver+1","Accuracy","Caltrops","Predator","Tools of the Trade","Deadly Poison","Flying Knee","Acrobatics","Distraction","Blade Dance+1","Bouncing Flask","Cloak And Dagger","Noxious Fumes","Infinite Blades","Cloak And Dagger+1","Footwork","Blur"],"max_hp_per_floor":[70,70,70,70,70,70,70,70,70,70,70,70,70,70,70,70,70,70,70,70,70,70],"relics":["Ring of the Snake","Golden Idol","Mercury Hourglass","Art of War","Smiling Mask","Pandora\u0027s Box","War Paint"],"card_choices":[{"not_picked":["Slice","Prepared"],"picked":"Acrobatics"},{"not_picked":["Flechettes","Noxious Fumes"],"picked":"Cloak And Dagger"},{"not_picked":["Doppelganger","Acrobatics"],"picked":"Deadly Poison"},{"not_picked":["Acrobatics","A Thousand Cuts"],"picked":"Outmaneuver"},{"not_picked":["Heel Hook","Dagger Spray"],"picked":"Accuracy"},{"not_picked":["Quick Slash","Deflect"],"picked":"Caltrops"},{"not_picked":["Deflect","Sucker Punch"],"picked":"Predator"},{"not_picked":["Corpse Explosion","Unload"],"picked":"Tools of the Trade"},{"not_picked":["Acrobatics","Dagger Spray"],"picked":"Infinite Blades"},{"not_picked":["Setup","Sucker Punch"],"picked":"Cloak And Dagger"}],"player_experience":256892,"potions_floor_usage":[12,16,16],"damage_taken":[{"damage":0,"enemies":"Small Slimes","floor":1,"turns":4},{"damage":1,"enemies":"Jaw Worm","floor":3,"turns":6},{"damage":1,"enemies":"Cultist","floor":4,"turns":4},{"damage":4,"enemies":"Large Slime","floor":7,"turns":7},{"damage":41,"enemies":"Lagavulin","floor":12,"turns":7},{"damage":18,"enemies":"3 Sentries","floor":13,"turns":8},{"damage":0,"enemies":"3 Louse","floor":14,"turns":3},{"damage":30,"enemies":"Slime Boss","floor":16,"turns":11},{"damage":31,"enemies":"Shell Parasite","floor":18,"turns":5},{"damage":36,"enemies":"2 Thieves","floor":19,"turns":5},{"damage":5,"enemies":"Book of Stabbing","floor":23,"turns":1}],"event_choices":[{"event_name":"Golden Idol","player_choice":"Take Wound","floor":2,"damage_taken":0},{"event_name":"Shining Light","player_choice":"Entered Light","floor":5,"damage_taken":0},{"event_name":"Dead Adventurer","player_choice":"Searched \u00271\u0027 times","floor":13,"damage_taken":0},{"event_name":"Addict","player_choice":"Obtained Relic","floor":21,"damage_taken":0},{"event_name":"Beggar","player_choice":"Gave Gold","floor":22,"damage_taken":0}],"boss_relics":[{"not_picked":["Snecko Eye","Runic Dome"],"picked":"Pandora\u0027s Box"}],"potions_floor_spawned":[3,12,13,14,19],"seed_played":"7967015919758235179","killed_by":"Book of Stabbing","ascension_level":4,"is_trial":false}