{"path_per_floor":["M","?","?","M","?","R","T","R","T","M","M","M","?","$","R","B",null,"M","$","M","?","M","R","?","M","T","?","T","?","M","$","R"],"character_chosen":"THE_SILENT","items_purchased":["Backflip","Flying Knee","Slice"],"gold_per_floor":[112,112,112,133,133,133,133,133,159,173,197,222,222,22,22,145,145,158,58,83,83,96,96,186,206,206,206,206,206,221,96,96],"floor_reached":33,"campfire_rested":3,"playtime":1091,"current_hp_per_floor":[70,53,53,53,28,49,49,70,77,77,69,67,67,67,67,73,77,77,77,70,70,68,68,36,15,15,15,15,15,9,9,32],"items_purged":["Defend_G","Regret","Strike_G"],"gold":96,"score":235,"play_id":"42fa0317-3f0e-451d-b34f-72539a2bf13e","is_prod":false,"is_daily":false,"is_ascension_mode":false,"campfire_upgraded":2,"path_taken":["M","?","?","?","?","R","?","R","T","M","M","M","?","$","R","BOSS","M","$","M","?","?","R","?","M","T","?","?","?","M","$","R","BOSS"],"build_version":"2018-02-15-PROD1","purchased_purges":3,"victory":false,"master_deck":["Defend_G+1","Defend_G+1","Defend_G+1","Defend_G+1","Strike_G+1","Strike_G+1","Strike_G+1","Survivor","Neutralize+1","Predator+1","Backstab+1","Skewer+1","Quick Slash+1","Backflip+1","Flying Knee+1","Slice+1","Die Die Die+1","Injury","Writhe","Backstab+1","Flash of Steel+1","Madness+1","Footwork"],"max_hp_per_floor":[70,70,70,70,70,70,70,70,77,77,77,77,77,77,77,77,77,77,77,77,77,77,77,77,77,77,77,77,77,77,77,77],"relics":["Ring of the Snake","Golden Idol","Molten Egg 2","Du-Vu Doll","Strawberry","Calling Bell","Toxic Egg 2","Mummified Hand","Lantern","Ginger","Oddly Smooth Stone","Girya"],"card_choices":[{"not_picked":["Heel Hook","Sucker Punch"],"picked":"Predator"},{"not_picked":["Backflip","Accuracy"],"picked":"Backstab"},{"not_picked":["Flying Knee","Dagger Throw"],"picked":"Skewer"},{"not_picked":["Well Laid Plans","Tactician"],"picked":"Quick Slash"},{"not_picked":["Envenom","Unload"],"picked":"Die Die Die"},{"not_picked":["Well Laid Plans","Malaise"],"picked":"Backstab"},{"not_picked":["Infinite Blades","Deadly Poison"],"picked":"Footwork"}],"player_experience":49621,"potions_floor_usage":[4,4,10,16,16,30,33],"damage_taken":[{"damage":0,"enemies":"2 Louse","floor":1,"turns":3},{"damage":0,"enemies":"Jaw Worm","floor":4,"turns":5},{"damage":0,"enemies":"Small Slimes","floor":10,"turns":4},{"damage":8,"enemies":"Red Slaver","floor":11,"turns":2},{"damage":2,"enemies":"Exordium Thugs","floor":12,"turns":4},{"damage":9,"enemies":"Slime Boss","floor":16,"turns":8},{"damage":0,"enemies":"Chosen","floor":18,"turns":2},{"damage":7,"enemies":"3 Byrds","floor":20,"turns":4},{"damage":2,"enemies":"Centurion and Healer","floor":22,"turns":3},{"damage":21,"enemies":"Snake Plant","floor":25,"turns":2},{"damage":15,"enemies":"Cultist and Chosen","floor":30,"turns":4},{"damage":41,"enemies":"Collector","floor":33,"turns":7}],"event_choices":[{"event_name":"Golden Idol","player_choice":"Take Damage","floor":2,"damage_taken":0},{"event_name":"The Lab","player_choice":"Got Potions","floor":3,"damage_taken":0},{"event_name":"Scrap Ooze","player_choice":"success","floor":5,"damage_taken":25},{"event_name":"Living Wall","player_choice":"Forget","floor":13,"damage_taken":0},{"event_name":"Vampires","player_choice":"Ignored","floor":21,"damage_taken":0},{"event_name":"Knowing Skull","player_choice":"CARD CARD GOLD ","floor":24,"damage_taken":0},{"event_name":"The Mausoleum","player_choice":"Yes","floor":27,"damage_taken":0},{"event_name":"Back to Basics","player_choice":"Simplicity","floor":29,"damage_taken":0}],"boss_relics":[{"not_picked":["Lizard Tail","Astrolabe"],"picked":"Calling Bell"}],"potions_floor_spawned":[4,12,22,25],"seed_played":"7974285770343081244","killed_by":"Collector","ascension_level":0,"is_trial":false}