{"path_per_floor":["M","M","$","M","$","R","M","R","T","R","M","E","M","M","R","B",null,"M","?","M"],"character_chosen":"THE_SILENT","items_purchased":["Malaise"],"gold_per_floor":[119,129,17,36,36,36,50,50,99,99,109,140,156,171,171,270,270,282,282,302],"floor_reached":21,"campfire_rested":1,"playtime":1150,"current_hp_per_floor":[70,66,66,64,64,64,58,58,58,58,60,47,45,36,58,15,74,65,65,34],"items_purged":["Strike_G"],"gold":302,"score":220,"play_id":"55a361b1-c851-4d2c-8569-659ef2e008e9","is_prod":false,"is_daily":false,"is_ascension_mode":true,"campfire_upgraded":3,"path_taken":["M","M","$","M","$","R","?","R","T","R","M","E","M","M","R","BOSS","M","?","M","?"],"build_version":"2018-02-15-PROD1","purchased_purges":1,"victory":false,"master_deck":["Survivor","Neutralize","Flying Knee","Flechettes+1","Malaise+1","Backflip+1","Skewer","Sucker Punch","PiercingWail","Bullet Time","Distraction","PiercingWail","Caltrops","Skewer","Cloak And Dagger","Poisoned Stab","Deflect","Dodge and Roll","Dodge and Roll","Madness","Dagger Spray"],"max_hp_per_floor":[70,70,70,70,70,70,70,70,70,70,72,72,74,74,74,74,74,76,76,76],"relics":["Sozu","Singing Bowl","Bag of Preparation","Pandora\u0027s Box"],"card_choices":[{"not_picked":["PiercingWail","Masterful Stab"],"picked":"Flying Knee"},{"not_picked":["Accuracy","Bane"],"picked":"Flechettes"},{"not_picked":["Outmaneuver","Cloak And Dagger"],"picked":"Backflip"},{"not_picked":["Dodge and Roll","Reflex"],"picked":"Skewer"},{"not_picked":["Envenom","Leg Sweep"],"picked":"Sucker Punch"},{"not_picked":["Dodge and Roll","Cloak And Dagger"],"picked":"PiercingWail"},{"not_picked":["Die Die Die","Unload"],"picked":"Bullet Time"},{"not_picked":["Dagger Throw","Bane"],"picked":"Dagger Spray"}],"player_experience":270713,"potions_floor_usage":[],"damage_taken":[{"damage":0,"enemies":"Cultist","floor":1,"turns":5},{"damage":4,"enemies":"Jaw Worm","floor":2,"turns":4},{"damage":2,"enemies":"2 Louse","floor":4,"turns":3},{"damage":6,"enemies":"Large Slime","floor":7,"turns":11},{"damage":0,"enemies":"Exordium Wildlife","floor":11,"turns":4},{"damage":13,"enemies":"3 Sentries","floor":12,"turns":9},{"damage":4,"enemies":"Blue Slaver","floor":13,"turns":2},{"damage":9,"enemies":"Lots of Slimes","floor":14,"turns":4},{"damage":43,"enemies":"Hexaghost","floor":16,"turns":16},{"damage":11,"enemies":"2 Thieves","floor":18,"turns":5},{"damage":31,"enemies":"3 Byrds","floor":20,"turns":6},{"damage":40,"enemies":"3 Cultists","floor":21,"turns":5}],"event_choices":[{"event_name":"Match and Keep!","player_choice":"1 cards matched","floor":19,"damage_taken":0}],"boss_relics":[{"not_picked":["Tiny House","Calling Bell"],"picked":"Pandora\u0027s Box"}],"potions_floor_spawned":[2,11,14],"seed_played":"8933459952183991408","killed_by":"3 Cultists","ascension_level":4,"is_trial":false}