{"path_per_floor":["M","M","M","M","M","E","R","E","T","?","M","R","E","$","R","B",null,"M","M","M","$","T","E","$"],"character_chosen":"THE_SILENT","items_purchased":["Girya"],"gold_per_floor":[109,123,136,154,172,200,200,225,279,279,297,297,322,32,32,134,134,120,130,140,65,92,127,27],"floor_reached":25,"campfire_rested":1,"playtime":1687,"current_hp_per_floor":[70,70,70,64,64,58,58,24,24,50,47,71,62,62,62,18,80,66,50,21,21,21,8,8],"items_purged":["Strike_G","Strike_G"],"gold":27,"score":292,"play_id":"53f6ed71-769c-431e-a248-0655370fef90","is_prod":false,"is_daily":false,"is_ascension_mode":true,"campfire_upgraded":1,"path_taken":["M","M","M","M","M","E","R","E","T","?","M","R","E","$","R","BOSS","M","M","M","$","?","E","$","M"],"build_version":"2018-02-15-PROD1","purchased_purges":2,"victory":false,"master_deck":["Defend_G","Defend_G+1","Defend_G","Defend_G","Defend_G","Strike_G","Strike_G","Survivor","Neutralize","Flechettes+1","Dagger Spray","Blur","Backflip+1","Leg Sweep","Skewer","Adrenaline","Malaise+1","Die Die Die"],"max_hp_per_floor":[70,70,70,70,70,80,80,80,80,80,80,80,80,80,80,80,80,80,80,80,80,80,80,80],"relics":["Ring of the Snake","Pear","Art of War","Blood Vial","Bag of Marbles","Girya","Philosopher\u0027s Stone","War Paint","Omamori"],"card_choices":[{"not_picked":["Deadly Poison","Riddle With Holes"],"picked":"Flechettes"},{"not_picked":["Expertise","Prepared"],"picked":"Dagger Spray"},{"not_picked":["Leg Sweep","Bane"],"picked":"Blur"},{"not_picked":["Deflect","Outmaneuver"],"picked":"Backflip"},{"not_picked":["Bane","Quick Slash"],"picked":"Leg Sweep"},{"not_picked":["Calculated Gamble","Poisoned Stab"],"picked":"Skewer"},{"not_picked":["Tactician","Wraith Form"],"picked":"Adrenaline"},{"not_picked":["Sucker Punch","Bane"],"picked":"Malaise"},{"not_picked":["Dagger Throw","Bouncing Flask"],"picked":"Die Die Die"}],"player_experience":274973,"potions_floor_usage":[6,8,11,18,25,25],"damage_taken":[{"damage":0,"enemies":"2 Louse","floor":1,"turns":3},{"damage":0,"enemies":"Jaw Worm","floor":2,"turns":5},{"damage":0,"enemies":"Cultist","floor":3,"turns":3},{"damage":6,"enemies":"Exordium Wildlife","floor":4,"turns":5},{"damage":0,"enemies":"Looter","floor":5,"turns":4},{"damage":16,"enemies":"3 Sentries","floor":6,"turns":8},{"damage":34,"enemies":"Gremlin Nob","floor":8,"turns":5},{"damage":5,"enemies":"Exordium Thugs","floor":11,"turns":7},{"damage":11,"enemies":"3 Sentries","floor":13,"turns":12},{"damage":46,"enemies":"Slime Boss","floor":16,"turns":16},{"damage":14,"enemies":"2 Thieves","floor":18,"turns":4},{"damage":18,"enemies":"Shell Parasite","floor":19,"turns":9},{"damage":31,"enemies":"Sentry and Sphere","floor":20,"turns":8},{"damage":15,"enemies":"Slavers","floor":23,"turns":8},{"damage":18,"enemies":"Centurion and Healer","floor":25,"turns":5}],"event_choices":[{"event_name":"Big Fish","player_choice":"Banana","floor":10,"damage_taken":0}],"boss_relics":[{"not_picked":["The Specimen","Tiny House"],"picked":"Philosopher\u0027s Stone"}],"potions_floor_spawned":[2,3,5,6,11,18,19],"seed_played":"8688197654931466043","killed_by":"Centurion and Healer","ascension_level":4,"is_trial":false}