{"path_per_floor":["M","M","M","M","?","R","E","R","T","R","M","M","$","?","R","B",null,"M","M","?","T","?","R","?","E","T","T","$","M","R","$","R","B",null,"M","?","M","M","?","R","$","R","T","R","?","$","M","M","R","B"],"character_chosen":"THE_SILENT","items_purchased":["Paper Crane","Footwork"],"gold_per_floor":[116,136,146,162,162,162,189,189,237,237,255,274,18,18,18,113,113,132,148,148,148,148,148,63,92,92,92,17,27,27,27,27,131,131,141,141,157,173,173,173,73,73,73,73,73,35,54,65,65,65],"floor_reached":51,"campfire_rested":3,"playtime":2424,"current_hp_per_floor":[70,70,70,65,65,65,42,42,42,42,32,32,32,32,68,30,70,53,47,47,47,34,71,71,71,71,71,71,47,47,47,75,23,75,75,75,75,75,66,66,66,66,66,66,66,66,64,64,64,64],"items_purged":["Strike_G","Strike_G"],"gold":65,"score":696,"play_id":"19bdc9e1-c110-4d57-839e-b8ddc0a268bc","is_prod":false,"is_daily":false,"is_ascension_mode":true,"campfire_upgraded":6,"path_taken":["M","M","M","M","?","R","E","R","T","R","M","M","$","?","R","BOSS","M","M","?","?","?","R","?","E","T","?","?","M","R","$","R","BOSS","M","?","M","M","?","R","$","R","T","R","?","$","M","?","R","BOSS"],"build_version":"2018-02-15-PROD1","purchased_purges":2,"victory":true,"master_deck":["Defend_G","Defend_G","Defend_G","Defend_G","Defend_G","Survivor","Neutralize","Sucker Punch","Leg Sweep+1","Noxious Fumes+1","Adrenaline","Blur+1","Cloak And Dagger","Adrenaline","Blur+1","Malaise","PiercingWail+1","Bouncing Flask+1","Footwork+1","Madness","Madness","Footwork+1","PiercingWail"],"max_hp_per_floor":[70,70,70,70,70,70,70,70,70,70,70,70,70,70,70,70,70,70,70,70,70,75,75,75,75,75,75,75,75,75,75,75,75,75,75,75,75,75,75,75,75,75,75,75,75,75,75,75,75,75],"relics":["Ring of the Snake","Bottled Tornado","Regal Pillow","Paper Crane","The Specimen","Dead Branch","Ice Cream","Meat on the Bone","Sundial","Peace Pipe","Velvet Choker","Frozen Eye"],"card_choices":[{"not_picked":["Dodge and Roll","Deadly Poison"],"picked":"Poisoned Stab"},{"not_picked":["Deadly Poison","Backstab"],"picked":"Sucker Punch"},{"not_picked":["Underhanded Strike","Quick Slash"],"picked":"Leg Sweep"},{"not_picked":["Cloak And Dagger","Deflect"],"picked":"Noxious Fumes"},{"not_picked":["Eviscerate","All Out Attack"],"picked":"Adrenaline"},{"not_picked":["Riddle With Holes","Prepared"],"picked":"Blur"},{"not_picked":["Phantasmal Killer","Die Die Die"],"picked":"Adrenaline"},{"not_picked":["Accuracy","Dagger Throw"],"picked":"Blur"},{"not_picked":["All Out Attack","Underhanded Strike"],"picked":"Malaise"},{"not_picked":["Malaise","Deadly Poison"],"picked":"PiercingWail"},{"not_picked":["Poisoned Stab","Dodge and Roll"],"picked":"Bouncing Flask"},{"not_picked":["Eviscerate","Crippling Poison"],"picked":"Footwork"},{"not_picked":["Deadly Poison","Sucker Punch"],"picked":"PiercingWail"}],"player_experience":276890,"potions_floor_usage":[4,50,50,50],"damage_taken":[{"damage":0,"enemies":"2 Louse","floor":1,"turns":3},{"damage":0,"enemies":"Small Slimes","floor":2,"turns":3},{"damage":0,"enemies":"Cultist","floor":3,"turns":4},{"damage":5,"enemies":"Exordium Thugs","floor":4,"turns":8},{"damage":23,"enemies":"3 Sentries","floor":7,"turns":11},{"damage":10,"enemies":"Lots of Slimes","floor":11,"turns":3},{"damage":0,"enemies":"2 Fungi Beasts","floor":12,"turns":4},{"damage":38,"enemies":"Hexaghost","floor":16,"turns":10},{"damage":17,"enemies":"3 Byrds","floor":18,"turns":5},{"damage":6,"enemies":"2 Thieves","floor":19,"turns":5},{"damage":0,"enemies":"Book of Stabbing","floor":25,"turns":9},{"damage":24,"enemies":"Cultist and Chosen","floor":29,"turns":6},{"damage":64,"enemies":"Automaton","floor":33,"turns":10},{"damage":0,"enemies":"3 Shapes","floor":35,"turns":6},{"damage":0,"enemies":"3 Darklings","floor":37,"turns":6},{"damage":0,"enemies":"4 Shapes","floor":38,"turns":7},{"damage":2,"enemies":"Sphere and 2 Shapes","floor":47,"turns":6},{"damage":0,"enemies":"3 Darklings","floor":48,"turns":5},{"damage":0,"enemies":"Time Eater","floor":50,"turns":18}],"event_choices":[{"event_name":"Liars Game","player_choice":"disagreed","floor":5,"damage_taken":0},{"event_name":"Transmorgrifier","player_choice":"Transform","floor":14,"damage_taken":0},{"event_name":"Drug Dealer","player_choice":"Ignored","floor":20,"damage_taken":0},{"event_name":"Forgotten Altar","player_choice":"Shed Blood","floor":22,"damage_taken":0},{"event_name":"Addict","player_choice":"Obtained Relic","floor":24,"damage_taken":0},{"event_name":"Mysterious Sphere","player_choice":"Ignore","floor":36,"damage_taken":0},{"event_name":"Winding Halls","player_choice":"Embrace Madness","floor":39,"damage_taken":0}],"boss_relics":[{"not_picked":["Pandora\u0027s Box","Orrery"],"picked":"The Specimen"},{"not_picked":["White Beast Statue","Astrolabe"],"picked":"Velvet Choker"}],"potions_floor_spawned":[2,12,16,18,19,25,37,47,48],"seed_played":"-6889482342720846420","ascension_level":4,"is_trial":false}