{"path_per_floor":["M","M","M","$","?","R","M","R","T","?","?","M","$","?","R","B",null,"M","?","?"],"character_chosen":"THE_SILENT","items_purchased":["Noxious Fumes"],"gold_per_floor":[117,129,145,70,70,70,88,88,162,162,162,173,173,173,173,294,294,313,313,313],"floor_reached":21,"campfire_rested":0,"playtime":574,"current_hp_per_floor":[70,70,70,70,70,70,70,70,70,70,70,67,67,50,50,23,58,36,36,20],"items_purged":[],"gold":313,"score":209,"play_id":"fad45b24-cf67-4ef1-9a0c-cfb4f434c39b","is_prod":false,"is_daily":false,"is_ascension_mode":true,"campfire_upgraded":3,"path_taken":["M","?","M","$","?","R","M","R","T","?","?","M","$","?","R","BOSS","M","?","?","M"],"build_version":"2018-02-22-PROD2","purchased_purges":1,"victory":false,"master_deck":["Defend_G+1","Defend_G+1","Defend_G+1","Defend_G+1","Defend_G+1","Strike_G+1","Strike_G+1","Strike_G+1","Strike_G+1","Survivor","Neutralize","Noxious Fumes+1","Cloak And Dagger","Poisoned Stab","Noxious Fumes+1","Expertise","Quick Slash","Dagger Spray+1","After Image"],"max_hp_per_floor":[70,70,70,70,70,70,70,70,70,70,70,70,70,70,70,70,70,70,70,70],"relics":["Ring of the Snake","NeowsBlessing","Bottled Lightning","Ginger","Golden Idol","The Specimen","Nilry\u0027s Codex"],"card_choices":[{"not_picked":["Deflect","Slice"],"picked":"Noxious Fumes"},{"not_picked":["Acrobatics","Underhanded Strike"],"picked":"Cloak And Dagger"},{"not_picked":["Underhanded Strike","Prepared"],"picked":"Poisoned Stab"},{"not_picked":["Glass Knife","Expertise"],"picked":"Quick Slash"},{"not_picked":["Dagger Throw","Dodge and Roll"],"picked":"Dagger Spray"},{"not_picked":["Storm of Steel","Wraith Form"],"picked":"After Image"}],"player_experience":311274,"potions_floor_usage":[12,18,18,21],"damage_taken":[{"damage":0,"enemies":"Cultist","floor":1,"turns":1},{"damage":0,"enemies":"Jaw Worm","floor":2,"turns":1},{"damage":0,"enemies":"2 Louse","floor":3,"turns":1},{"damage":0,"enemies":"Looter","floor":7,"turns":4},{"damage":3,"enemies":"Large Slime","floor":12,"turns":5},{"damage":27,"enemies":"Slime Boss","floor":16,"turns":8},{"damage":22,"enemies":"Shell Parasite","floor":18,"turns":7},{"damage":23,"enemies":"Spheric Guardian","floor":21,"turns":5}],"event_choices":[{"event_name":"Living Wall","player_choice":"Change","floor":5,"damage_taken":0},{"event_name":"Dead Adventurer","player_choice":"Searched \u00271\u0027 times","floor":10,"damage_taken":0},{"event_name":"Liars Game","player_choice":"disagreed","floor":11,"damage_taken":0},{"event_name":"Golden Idol","player_choice":"Take Damage","floor":14,"damage_taken":0},{"event_name":"Back to Basics","player_choice":"Simplicity","floor":19,"damage_taken":0},{"event_name":"Cursed Tome","player_choice":"Obtained Book","floor":20,"damage_taken":0}],"boss_relics":[{"not_picked":["Runic Pyramid","Ectoplasm"],"picked":"The Specimen"}],"potions_floor_spawned":[2,3,7,16],"seed_played":"-1173297349611046245","killed_by":"Spheric Guardian","ascension_level":5,"is_trial":false}