{"path_per_floor":["M","M","?","M","$","R","M","?","T","M","?","E","$","M","R","B",null,"M","$","M","?","M","R","T","R","T","?","?","R","T","M","R"],"character_chosen":"THE_SILENT","items_purchased":["Dash"],"gold_per_floor":[109,122,72,90,14,14,26,26,26,42,67,99,24,37,37,141,141,153,53,65,65,77,77,377,377,377,377,377,377,377,392,392],"floor_reached":33,"campfire_rested":1,"playtime":1733,"current_hp_per_floor":[70,70,70,68,68,68,65,51,65,65,64,49,49,49,49,30,71,71,71,71,71,71,71,71,71,71,71,55,55,55,55,80],"items_purged":["Strike_G","Strike_G"],"gold":392,"score":306,"play_id":"034ace7e-56d4-402c-a281-58deb4d8c322","is_prod":false,"is_daily":false,"is_ascension_mode":true,"campfire_upgraded":5,"path_taken":["M","M","?","M","$","R","M","?","T","M","?","E","$","M","R","BOSS","M","$","M","?","M","R","?","R","T","?","?","R","?","?","R","BOSS"],"build_version":"2018-02-15-PROD1","purchased_purges":3,"victory":false,"master_deck":["Defend_G+1","Defend_G","Defend_G","Defend_G","Defend_G+1","Strike_G","Strike_G","Survivor","Neutralize","Dagger Throw","Dagger Spray+1","Leg Sweep","Dash+1","Sucker Punch+1","Distraction+1","Caltrops+1","Adrenaline","Blur+1","Backflip+1","Dash","Panacea","Escape Plan+1"],"max_hp_per_floor":[70,70,70,70,70,70,70,70,84,84,84,84,84,84,84,84,84,84,84,84,84,84,84,84,84,84,84,84,84,84,84,84],"relics":["Ring of the Snake","Omamori","Mango","Odd Mushroom","Blue Candle","Sozu","Old Coin","Dead Branch","Peace Pipe"],"card_choices":[{"not_picked":["Deflect","Prepared"],"picked":"Dagger Throw"},{"not_picked":["Flying Knee","Concentrate"],"picked":"Dagger Spray"},{"not_picked":["Outmaneuver","Calculated Gamble"],"picked":"Leg Sweep"},{"not_picked":["Prepared","Dash"],"picked":"Sucker Punch"},{"not_picked":["Cloak And Dagger","Dagger Throw"],"picked":"Distraction"},{"not_picked":["Deadly Poison","Backflip"],"picked":"Caltrops"},{"not_picked":["Tools of the Trade","Storm of Steel"],"picked":"Adrenaline"},{"not_picked":["Poisoned Stab","Reflex"],"picked":"Blur"},{"not_picked":["Acrobatics","Expertise"],"picked":"Backflip"},{"not_picked":["Caltrops","Cloak And Dagger"],"picked":"Dash"},{"not_picked":["Deadly Poison","Poisoned Stab"],"picked":"Escape Plan"}],"player_experience":290155,"potions_floor_usage":[16,16],"damage_taken":[{"damage":0,"enemies":"2 Louse","floor":1,"turns":6},{"damage":0,"enemies":"Small Slimes","floor":2,"turns":3},{"damage":2,"enemies":"Jaw Worm","floor":4,"turns":4},{"damage":3,"enemies":"Blue Slaver","floor":7,"turns":4},{"damage":0,"enemies":"Looter","floor":10,"turns":3},{"damage":1,"enemies":"The Mushroom Lair","floor":11,"turns":4},{"damage":15,"enemies":"Gremlin Nob","floor":12,"turns":4},{"damage":0,"enemies":"Large Slime","floor":14,"turns":8},{"damage":19,"enemies":"Slime Boss","floor":16,"turns":15},{"damage":0,"enemies":"Shell Parasite","floor":18,"turns":9},{"damage":0,"enemies":"Chosen","floor":20,"turns":8},{"damage":0,"enemies":"Centurion and Healer","floor":22,"turns":15},{"damage":0,"enemies":"Snecko","floor":31,"turns":6},{"damage":105,"enemies":"Champ","floor":33,"turns":17}],"event_choices":[{"event_name":"The Cleric","player_choice":"Card Removal","floor":3,"damage_taken":0},{"event_name":"Shining Light","player_choice":"Entered Light","floor":8,"damage_taken":0},{"event_name":"Mushrooms","player_choice":"Fought Mushrooms","floor":11,"damage_taken":0},{"event_name":"Beggar","player_choice":"Ignored","floor":21,"damage_taken":0},{"event_name":"Vampires","player_choice":"Ignored","floor":27,"damage_taken":0},{"event_name":"Knowing Skull","player_choice":"CARD ","floor":28,"damage_taken":0}],"boss_relics":[{"not_picked":["Orrery","Calling Bell"],"picked":"Sozu"}],"potions_floor_spawned":[4,11,14,18],"seed_played":"-2950590364432907221","killed_by":"Champ","ascension_level":5,"is_trial":false}