{"path_per_floor":["M","M","?","M","M","E","R","?","T","M","?","R","?","M","R","B",null,"M","M","?","M","$","R","?","M","T","?","M","M","E"],"character_chosen":"THE_SILENT","items_purchased":["Poisoned Stab","Pear"],"gold_per_floor":[210,229,179,197,217,249,249,249,249,269,269,269,269,289,289,387,387,399,412,412,424,56,56,56,73,73,73,89,102,135],"floor_reached":31,"campfire_rested":2,"playtime":1417,"current_hp_per_floor":[68,64,64,64,46,33,54,54,54,54,54,54,54,50,50,15,56,56,33,33,29,39,63,47,18,18,44,31,31,4],"items_purged":["Strike_G"],"gold":135,"score":324,"play_id":"1fdea9aa-6060-4133-99eb-7ea2c696c22e","is_prod":false,"is_daily":false,"is_ascension_mode":true,"campfire_upgraded":0,"path_taken":["M","M","?","?","M","E","R","?","T","M","?","R","?","M","R","BOSS","M","M","?","?","?","R","?","?","T","?","M","M","E","M"],"build_version":"2018-02-22-PROD2","purchased_purges":1,"victory":false,"master_deck":["Defend_G","Defend_G","Defend_G","Defend_G","Defend_G","Survivor","Neutralize","Dash","Noxious Fumes","Caltrops","Glass Knife","Noxious Fumes","Blur+1","Quick Slash+1","Poisoned Stab","Deadly Poison+1","Blur"],"max_hp_per_floor":[70,70,70,70,70,70,70,70,70,70,70,70,70,70,70,70,70,70,70,70,70,80,80,80,80,80,80,80,80,80],"relics":["Ring of the Snake","Matryoshka","Snake Skull","Peace Pipe","Velvet Choker","Pear","Nilry\u0027s Codex","Ancient Tea Set","Gambling Chip","Omamori"],"card_choices":[{"not_picked":["Finisher","Poisoned Stab"],"picked":"Dash"},{"not_picked":["Acrobatics","Prepared"],"picked":"Noxious Fumes"},{"not_picked":["Prepared","Acrobatics"],"picked":"Caltrops"},{"not_picked":["Corpse Explosion","Adrenaline"],"picked":"Glass Knife"},{"not_picked":["Deflect","Dodge and Roll"],"picked":"Noxious Fumes"},{"not_picked":["Outmaneuver","Riddle With Holes"],"picked":"Blur"},{"not_picked":["Acrobatics","Cloak And Dagger"],"picked":"Quick Slash"},{"not_picked":["Prepared","Underhanded Strike"],"picked":"Deadly Poison"},{"not_picked":["Footwork","Deadly Poison"],"picked":"Blur"}],"player_experience":318921,"potions_floor_usage":[14,14,21,31,31,31],"damage_taken":[{"damage":2,"enemies":"Jaw Worm","floor":1,"turns":5},{"damage":4,"enemies":"Small Slimes","floor":2,"turns":4},{"damage":0,"enemies":"2 Louse","floor":4,"turns":2},{"damage":18,"enemies":"Gremlin Gang","floor":5,"turns":7},{"damage":13,"enemies":"3 Sentries","floor":6,"turns":13},{"damage":0,"enemies":"3 Louse","floor":10,"turns":5},{"damage":4,"enemies":"Exordium Thugs","floor":14,"turns":7},{"damage":35,"enemies":"The Guardian","floor":16,"turns":12},{"damage":0,"enemies":"Shell Parasite","floor":18,"turns":8},{"damage":23,"enemies":"3 Byrds","floor":19,"turns":3},{"damage":19,"enemies":"Centurion and Healer","floor":21,"turns":7},{"damage":29,"enemies":"Snake Plant","floor":25,"turns":6},{"damage":13,"enemies":"Snecko","floor":28,"turns":4},{"damage":0,"enemies":"Centurion and Healer","floor":29,"turns":5},{"damage":27,"enemies":"Gremlin Leader","floor":30,"turns":7},{"damage":5,"enemies":"3 Cultists","floor":31,"turns":3}],"event_choices":[{"event_name":"The Cleric","player_choice":"Card Removal","floor":3,"damage_taken":0},{"event_name":"Bonfire Elementals","player_choice":"BASIC","floor":8,"damage_taken":0},{"event_name":"The Woman in Blue","player_choice":"Bought 0 Potions","floor":11,"damage_taken":0},{"event_name":"Dead Adventurer","player_choice":"Searched \u00271\u0027 times","floor":13,"damage_taken":0},{"event_name":"The Mausoleum","player_choice":"No","floor":20,"damage_taken":0},{"event_name":"Cursed Tome","player_choice":"Obtained Book","floor":24,"damage_taken":0},{"event_name":"The Library","player_choice":"Heal","floor":27,"damage_taken":0}],"boss_relics":[{"not_picked":["Astrolabe","White Beast Statue"],"picked":"Velvet Choker"}],"potions_floor_spawned":[4,5,6,10,14,18,19,30],"seed_played":"7496592893059108935","killed_by":"3 Cultists","ascension_level":5,"is_trial":false}