{"path_per_floor":["M","?","M","M","M","R","$","M","T","M","M","?","M","M","R"],"character_chosen":"THE_SILENT","items_purchased":["Dagger Throw"],"gold_per_floor":[112,112,126,144,155,155,129,143,143,157,177,236,249,265,265],"floor_reached":16,"campfire_rested":1,"playtime":621,"current_hp_per_floor":[70,70,68,64,43,43,43,38,38,30,20,20,17,17,38],"items_purged":[],"gold":265,"score":123,"play_id":"5e58935a-72fa-488a-aeec-3320304107e4","is_prod":false,"is_daily":false,"is_ascension_mode":true,"campfire_upgraded":1,"path_taken":["M","?","M","M","M","R","$","M","T","M","M","?","M","M","R","BOSS"],"build_version":"2018-02-22-PROD2","purchased_purges":0,"victory":false,"master_deck":["Defend_G","Defend_G","Defend_G","Defend_G","Defend_G","Strike_G","Strike_G","Strike_G","Strike_G","Survivor","Neutralize","Malaise+1","Catalyst","Flechettes","Dash","Predator","Dagger Throw","Skewer","Backstab","Blur","Backflip"],"max_hp_per_floor":[70,70,70,70,70,70,70,70,70,70,70,70,70,70,70],"relics":["Ring of the Snake","Anchor","Dream Catcher"],"card_choices":[{"not_picked":["Bane","Accuracy"],"picked":"Malaise"},{"not_picked":["Slice","Outmaneuver"],"picked":"Flechettes"},{"not_picked":["Poisoned Stab","Eviscerate"],"picked":"Dash"},{"not_picked":["Blade Dance","Heel Hook"],"picked":"Predator"},{"not_picked":["Heel Hook","Bane"],"picked":"Skewer"},{"not_picked":["PiercingWail","Deadly Poison"],"picked":"Backstab"},{"not_picked":["Dash","Phantasmal Killer"],"picked":"Blur"},{"not_picked":["Cloak And Dagger","Quick Slash"],"picked":"Backflip"}],"player_experience":316318,"potions_floor_usage":[],"damage_taken":[{"damage":0,"enemies":"Small Slimes","floor":1,"turns":4},{"damage":2,"enemies":"Jaw Worm","floor":3,"turns":9},{"damage":4,"enemies":"Cultist","floor":4,"turns":5},{"damage":21,"enemies":"Large Slime","floor":5,"turns":11},{"damage":5,"enemies":"2 Fungi Beasts","floor":8,"turns":3},{"damage":8,"enemies":"3 Louse","floor":10,"turns":4},{"damage":10,"enemies":"Lots of Slimes","floor":11,"turns":4},{"damage":3,"enemies":"Exordium Wildlife","floor":13,"turns":5},{"damage":0,"enemies":"3 Louse","floor":14,"turns":2},{"damage":53,"enemies":"Slime Boss","floor":16,"turns":6}],"event_choices":[{"event_name":"Living Wall","player_choice":"Change","floor":2,"damage_taken":0},{"event_name":"Golden Wing","player_choice":"Gained Gold","floor":12,"damage_taken":0}],"boss_relics":[],"potions_floor_spawned":[1,5,8],"seed_played":"5479892456303572834","killed_by":"Slime Boss","ascension_level":5,"is_trial":false}