{"path_per_floor":["M","M","?","M","?","R","?","R","T","M","E","?","$","M","R","B",null,"M","?","M","?","M","E","R","E","T","R","M","R","M","M","R"],"character_chosen":"THE_SILENT","items_purchased":["Flying Knee","Blade Dance"],"gold_per_floor":[109,127,127,145,145,145,145,145,145,155,187,137,15,32,32,135,135,151,76,96,11,28,59,59,87,135,135,152,152,171,187,187],"floor_reached":33,"campfire_rested":3,"playtime":2487,"current_hp_per_floor":[69,69,69,62,55,55,70,70,70,68,49,49,49,46,67,24,67,52,52,34,34,44,20,55,28,28,63,63,63,63,58,58],"items_purged":[],"gold":187,"score":287,"play_id":"f438fdb0-c3fe-4827-b48c-751370b45f60","is_prod":false,"is_daily":false,"is_ascension_mode":false,"campfire_upgraded":4,"path_taken":["M","M","?","M","?","R","?","R","T","?","E","?","$","M","R","BOSS","M","?","M","?","?","E","R","E","T","R","M","R","M","M","R","BOSS"],"build_version":"2018-02-15-PROD1","purchased_purges":0,"victory":false,"master_deck":["Defend_G","Defend_G","Defend_G","Defend_G","Defend_G","Strike_G","Strike_G","Strike_G","Strike_G","Survivor","Neutralize+1","Backflip+1","Quick Slash+1","Riddle With Holes","Prepared","Deadly Poison","Flying Knee","Blade Dance","Quick Slash","Venomology","Noxious Fumes+1","Deadly Poison","Bouncing Flask","Bane+1","Prepared+1","Venomology","Escape Plan","Poisoned Stab","Dagger Spray+1","Backstab"],"max_hp_per_floor":[70,70,70,70,70,70,70,70,70,70,70,67,67,67,67,67,67,67,67,67,67,67,67,67,67,67,67,67,67,67,67,67],"relics":["Ring of the Snake","Regal Pillow","Bag of Marbles","Bottled Lightning","Oddly Smooth Stone","Velvet Choker","Gambling Chip","Dream Catcher","Bottled Tornado","Vajra"],"card_choices":[{"not_picked":["Deadly Poison","Acrobatics"],"picked":"Backflip"},{"not_picked":["Dagger Throw","Outmaneuver"],"picked":"Quick Slash"},{"not_picked":["Corpse Explosion","Sucker Punch"],"picked":"Riddle With Holes"},{"not_picked":["Bane","Dagger Spray"],"picked":"Prepared"},{"not_picked":["Dodge and Roll","Malaise"],"picked":"Deadly Poison"},{"not_picked":["Endless Agony","Calculated Gamble"],"picked":"Quick Slash"},{"not_picked":["Bullet Time","Doppelganger"],"picked":"Venomology"},{"not_picked":["Malaise","Poisoned Stab"],"picked":"Noxious Fumes"},{"not_picked":["Deflect","Malaise"],"picked":"Deadly Poison"},{"not_picked":["PiercingWail","Dagger Spray"],"picked":"Bouncing Flask"},{"not_picked":["Leg Sweep","Quick Slash"],"picked":"Bane"},{"not_picked":["Footwork","Bouncing Flask"],"picked":"Prepared"},{"not_picked":["Outmaneuver","Heel Hook"],"picked":"Venomology"},{"not_picked":["Backflip","Dodge and Roll"],"picked":"Escape Plan"},{"not_picked":["Expertise","Endless Agony"],"picked":"Poisoned Stab"},{"not_picked":["Slice","Glass Knife"],"picked":"Dagger Spray"},{"not_picked":["Quick Slash","Deadly Poison"],"picked":"Backstab"}],"player_experience":25578,"potions_floor_usage":[11,16,16,18,18,20,22,22,23,23,25,28,30,30,31,31,33,33,33,33],"damage_taken":[{"damage":1,"enemies":"Jaw Worm","floor":1,"turns":5},{"damage":0,"enemies":"2 Louse","floor":2,"turns":4},{"damage":7,"enemies":"Small Slimes","floor":4,"turns":4},{"damage":2,"enemies":"Looter","floor":10,"turns":3},{"damage":19,"enemies":"Lagavulin","floor":11,"turns":11},{"damage":3,"enemies":"3 Louse","floor":14,"turns":4},{"damage":43,"enemies":"Slime Boss","floor":16,"turns":14},{"damage":15,"enemies":"Chosen","floor":18,"turns":3},{"damage":18,"enemies":"3 Byrds","floor":20,"turns":5},{"damage":5,"enemies":"Snake Plant","floor":22,"turns":5},{"damage":24,"enemies":"Slavers","floor":23,"turns":7},{"damage":27,"enemies":"Book of Stabbing","floor":25,"turns":5},{"damage":0,"enemies":"Snecko","floor":28,"turns":5},{"damage":0,"enemies":"Centurion and Healer","floor":30,"turns":5},{"damage":5,"enemies":"Slaver and Parasite","floor":31,"turns":5},{"damage":59,"enemies":"Champ","floor":33,"turns":8}],"event_choices":[{"event_name":"Big Fish","player_choice":"Box","floor":3,"damage_taken":0},{"event_name":"Golden Wing","player_choice":"Card Removal","floor":5,"damage_taken":0},{"event_name":"Mushrooms","player_choice":"Healed and dodged fight","floor":7,"damage_taken":0},{"event_name":"The Cleric","player_choice":"Card Removal","floor":12,"damage_taken":0},{"event_name":"Beggar","player_choice":"Gave Gold","floor":19,"damage_taken":0},{"event_name":"Addict","player_choice":"Obtained Relic","floor":21,"damage_taken":0}],"boss_relics":[{"not_picked":["Runic Pyramid","Cursed Key"],"picked":"Velvet Choker"}],"potions_floor_spawned":[2,4,11,16,20,22,25,28],"seed_played":"-4814787336901707082","killed_by":"Champ","ascension_level":0,"is_trial":false}