{"path_per_floor":["M","M","?","M","?","R","E","?","T","R","M","?","$","?","R","B",null,"M","$","?","?","M","R","M","E","T","R","T"],"character_chosen":"THE_SILENT","items_purchased":["Backflip","Well Laid Plans","Footwork"],"gold_per_floor":[113,125,125,146,146,146,185,185,185,185,209,284,126,126,126,245,245,264,93,93,93,112,112,133,167,167,167,194],"floor_reached":29,"campfire_rested":2,"playtime":967,"current_hp_per_floor":[70,66,66,64,64,64,58,58,58,58,49,38,38,61,61,16,70,51,51,51,51,23,44,16,2,2,24,24],"items_purged":["Strike_G","Strike_G"],"gold":194,"score":286,"play_id":"8fcef36a-65d4-4589-9834-203d6b66207b","is_prod":false,"is_daily":false,"is_ascension_mode":true,"campfire_upgraded":3,"path_taken":["M","?","?","M","?","R","E","?","T","R","?","?","$","?","R","BOSS","M","$","?","?","M","R","M","E","T","R","?","M"],"build_version":"2018-02-22-PROD2","purchased_purges":3,"victory":false,"master_deck":["Defend_G","Defend_G","Defend_G","Defend_G","Defend_G","Strike_G","Strike_G","Strike_G","Survivor+1","Neutralize+1","Skewer+1","Dagger Spray","Prepared","Dodge and Roll+1","Escape Plan+1","Backflip","Well Laid Plans+1","Doppelganger","Footwork","Distraction","Dodge and Roll+1"],"max_hp_per_floor":[70,70,70,70,70,70,70,70,70,70,70,70,70,70,70,70,70,72,72,72,72,72,72,74,74,74,74,74],"relics":["Runic Dome","Golden Idol","Spirit Poop","Lantern","Singing Bowl","Black Star","Du-Vu Doll","Blood Vial","War Paint","Juzu Bracelet","Orichalcum"],"card_choices":[{"not_picked":["Distraction","Infinite Blades"],"picked":"Skewer"},{"not_picked":["Accuracy","Poisoned Stab"],"picked":"Dagger Spray"},{"not_picked":["Deflect","Setup"],"picked":"Prepared"},{"not_picked":["Venomology","Eviscerate"],"picked":"Dodge and Roll"},{"not_picked":["Dodge and Roll","Dagger Throw"],"picked":"Escape Plan"},{"not_picked":["Venomology","Corpse Explosion"],"picked":"Doppelganger"},{"not_picked":["Dagger Spray","Infinite Blades"],"picked":"Distraction"},{"not_picked":["Sucker Punch","Flechettes"],"picked":"Dodge and Roll"}],"player_experience":275071,"potions_floor_usage":[7,22,24,29],"damage_taken":[{"damage":0,"enemies":"Cultist","floor":1,"turns":4},{"damage":4,"enemies":"Small Slimes","floor":2,"turns":3},{"damage":2,"enemies":"Jaw Worm","floor":4,"turns":5},{"damage":6,"enemies":"Gremlin Nob","floor":7,"turns":3},{"damage":9,"enemies":"Red Slaver","floor":11,"turns":2},{"damage":45,"enemies":"Hexaghost","floor":16,"turns":15},{"damage":21,"enemies":"Shell Parasite","floor":18,"turns":7},{"damage":28,"enemies":"Chosen","floor":22,"turns":5},{"damage":30,"enemies":"Slaver and Parasite","floor":24,"turns":8},{"damage":14,"enemies":"Book of Stabbing","floor":25,"turns":7},{"damage":29,"enemies":"3 Cultists","floor":29,"turns":5}],"event_choices":[{"event_name":"Golden Idol","player_choice":"Take Wound","floor":3,"damage_taken":0},{"event_name":"Bonfire Elementals","player_choice":"CURSE","floor":5,"damage_taken":0},{"event_name":"Upgrade Shrine","player_choice":"Upgraded","floor":8,"damage_taken":0},{"event_name":"World of Goop","player_choice":"Gather Gold","floor":12,"damage_taken":0},{"event_name":"Big Fish","player_choice":"Banana","floor":14,"damage_taken":0},{"event_name":"Beggar","player_choice":"Ignored","floor":20,"damage_taken":0},{"event_name":"The Mausoleum","player_choice":"Yes","floor":21,"damage_taken":0}],"boss_relics":[{"not_picked":["White Beast Statue","Ectoplasm"],"picked":"Black Star"}],"potions_floor_spawned":[1,2,4,18,22],"seed_played":"-8213934863486625946","killed_by":"3 Cultists","ascension_level":4,"is_trial":false}