{"path_per_floor":["M","M","M","M","?","R","M","$","T","?","E","R","?","M","R","B",null,"M","?"],"character_chosen":"THE_SILENT","items_purchased":[],"gold_per_floor":[110,129,146,159,159,159,169,94,94,94,129,129,129,141,141,241,241,181,181],"floor_reached":20,"campfire_rested":3,"playtime":958,"current_hp_per_floor":[69,69,62,56,31,52,34,34,34,20,7,28,21,21,42,14,56,33,33],"items_purged":["Strike_G"],"gold":181,"score":215,"play_id":"1744cb00-0b69-4f03-acf0-82405f244f1f","is_prod":false,"is_daily":false,"is_ascension_mode":true,"campfire_upgraded":0,"path_taken":["M","M","M","M","?","R","M","$","T","?","E","R","?","M","R","BOSS","M","?","M"],"build_version":"2018-02-15-PROD1","purchased_purges":1,"victory":false,"master_deck":["Defend_G","Defend_G","Defend_G+1","Defend_G","Defend_G","Strike_G","Strike_G","Strike_G","Survivor","Neutralize+1","Corpse Explosion","Accuracy","Flechettes","Infinite Blades","Terror","Well Laid Plans","After Image","Skewer"],"max_hp_per_floor":[70,70,70,70,70,70,70,70,70,70,70,70,70,70,70,70,70,70,70],"relics":["Ring of the Snake","Ancient Tea Set","Ice Cream","Bottled Flame","Runic Dome"],"card_choices":[{"not_picked":["Backflip","Underhanded Strike"],"picked":"Accuracy"},{"not_picked":["Deflect","Sucker Punch"],"picked":"Flechettes"},{"not_picked":["Poisoned Stab","Deadly Poison"],"picked":"Infinite Blades"},{"not_picked":["Poisoned Stab","Sucker Punch"],"picked":"Terror"},{"not_picked":["Dodge and Roll","Slice"],"picked":"Well Laid Plans"},{"not_picked":["Corpse Explosion","Bullet Time"],"picked":"After Image"},{"not_picked":["Quick Slash","Outmaneuver"],"picked":"Skewer"}],"player_experience":279314,"potions_floor_usage":[4,16],"damage_taken":[{"damage":1,"enemies":"Jaw Worm","floor":1,"turns":6},{"damage":0,"enemies":"2 Louse","floor":2,"turns":3},{"damage":7,"enemies":"Cultist","floor":3,"turns":5},{"damage":6,"enemies":"Large Slime","floor":4,"turns":8},{"damage":18,"enemies":"Exordium Thugs","floor":7,"turns":5},{"damage":13,"enemies":"3 Sentries","floor":11,"turns":10},{"damage":0,"enemies":"Lots of Slimes","floor":14,"turns":6},{"damage":28,"enemies":"The Guardian","floor":16,"turns":14},{"damage":23,"enemies":"2 Thieves","floor":18,"turns":4},{"damage":38,"enemies":"Chosen","floor":20,"turns":4}],"event_choices":[{"event_name":"Scrap Ooze","player_choice":"success","floor":5,"damage_taken":25},{"event_name":"Shining Light","player_choice":"Entered Light","floor":10,"damage_taken":0},{"event_name":"Golden Wing","player_choice":"Card Removal","floor":13,"damage_taken":0},{"event_name":"Drug Dealer","player_choice":"Ignored","floor":19,"damage_taken":0}],"boss_relics":[{"not_picked":["Tiny House","The Specimen"],"picked":"Runic Dome"}],"potions_floor_spawned":[3,7,14],"seed_played":"-9093666887950759917","killed_by":"Chosen","ascension_level":5,"is_trial":false}