{"path_per_floor":["M","M","?","$","?","R","$","R","T","E","?","M","$","?","R","B",null,"M","$","?","$","M","R","?","M","T","M","M","E","$","E","R","B",null,"M","$","?","T","M","R","E","R","T","$","R","M","M","$","R","B"],"character_chosen":"THE_SILENT","items_purchased":["Skewer"],"gold_per_floor":[110,120,120,120,120,120,120,120,120,145,145,161,161,161,161,258,258,274,199,199,99,115,115,40,56,81,97,115,150,25,54,54,151,151,163,13,13,13,33,33,65,65,65,30,30,43,57,57,57,57],"floor_reached":51,"campfire_rested":0,"playtime":1989,"current_hp_per_floor":[65,65,58,58,63,63,63,63,63,63,48,48,48,48,48,29,75,75,75,75,75,60,60,60,60,60,56,56,39,39,37,37,37,75,74,74,65,65,65,65,67,67,67,67,67,57,57,57,57,31],"items_purged":["Strike_G","Defend_G","Strike_G","Dagger Throw"],"gold":57,"score":659,"play_id":"c961d629-5699-4d71-addf-44f71fdd0fcb","is_prod":false,"is_daily":false,"is_ascension_mode":false,"campfire_upgraded":9,"path_taken":["M","M","?","$","?","R","$","R","T","E","?","M","?","?","R","BOSS","M","$","?","?","M","R","?","M","T","?","M","E","$","E","R","BOSS","M","?","?","?","?","R","E","R","T","?","R","M","M","$","R","BOSS"],"build_version":"2018-02-22-PROD2","purchased_purges":4,"victory":true,"master_deck":["Survivor+1","Neutralize+1","Dagger Spray+1","Tactician+1","Noxious Fumes+1","Escape Plan","Envenom+1","Cloak And Dagger","Madness","Madness+1","Skewer+1","Escape Plan+1","Backflip+1"],"max_hp_per_floor":[70,70,70,70,75,75,75,75,75,75,75,75,75,75,75,75,75,75,75,75,75,75,75,75,75,75,75,75,75,75,75,75,75,75,75,75,75,75,75,75,77,77,77,77,77,77,77,77,77,77],"relics":["Ring of the Snake","Thread and Needle","Ice Cream","Sozu","Oddly Smooth Stone","Paper Crane","Tingsha","Pandora\u0027s Box","Ginger","Singing Bowl","Frozen Eye"],"card_choices":[{"not_picked":["Grand Finale","Acrobatics"],"picked":"Dagger Spray"},{"not_picked":["Underhanded Strike","Flying Knee"],"picked":"Noxious Fumes"},{"not_picked":["Deadly Poison","PiercingWail"],"picked":"Escape Plan"},{"not_picked":["Unload","Storm of Steel"],"picked":"Envenom"},{"not_picked":["Backstab","Accuracy"],"picked":"Escape Plan"},{"not_picked":["Deadly Poison","Night Terror"],"picked":"Backflip"}],"player_experience":421161,"potions_floor_usage":[16],"damage_taken":[{"damage":5,"enemies":"2 Louse","floor":1,"turns":3},{"damage":0,"enemies":"Small Slimes","floor":2,"turns":3},{"damage":0,"enemies":"Lagavulin","floor":10,"turns":8},{"damage":0,"enemies":"Jaw Worm","floor":12,"turns":3},{"damage":19,"enemies":"Hexaghost","floor":16,"turns":14},{"damage":0,"enemies":"Shell Parasite","floor":18,"turns":6},{"damage":15,"enemies":"Spheric Guardian","floor":22,"turns":4},{"damage":0,"enemies":"Snecko","floor":25,"turns":6},{"damage":4,"enemies":"Snake Plant","floor":27,"turns":5},{"damage":0,"enemies":"3 Cultists","floor":28,"turns":4},{"damage":17,"enemies":"Book of Stabbing","floor":29,"turns":6},{"damage":2,"enemies":"Slavers","floor":31,"turns":5},{"damage":0,"enemies":"Automaton","floor":33,"turns":11},{"damage":1,"enemies":"3 Darklings","floor":35,"turns":4},{"damage":0,"enemies":"3 Shapes","floor":39,"turns":7},{"damage":0,"enemies":"Giant Head","floor":41,"turns":10},{"damage":10,"enemies":"3 Darklings","floor":46,"turns":3},{"damage":0,"enemies":"Maw","floor":47,"turns":5},{"damage":26,"enemies":"Donu and Deca","floor":50,"turns":7}],"event_choices":[{"event_name":"Golden Wing","player_choice":"Card Removal","floor":3,"damage_taken":0},{"event_name":"Big Fish","player_choice":"Donut","floor":5,"damage_taken":0},{"event_name":"Shining Light","player_choice":"Entered Light","floor":11,"damage_taken":0},{"event_name":"Living Wall","player_choice":"Forget","floor":14,"damage_taken":0},{"event_name":"Transmorgrifier","player_choice":"Transform","floor":20,"damage_taken":0},{"event_name":"Beggar","player_choice":"Gave Gold","floor":24,"damage_taken":0},{"event_name":"Winding Halls","player_choice":"Embrace Madness","floor":37,"damage_taken":0}],"boss_relics":[{"not_picked":["Runic Dome","Ectoplasm"],"picked":"Sozu"},{"not_picked":["White Beast Statue","Lizard Tail"],"picked":"Pandora\u0027s Box"}],"potions_floor_spawned":[10,12,22,31,33,46,47],"seed_played":"3107350091210871898","ascension_level":0,"is_trial":false}