{"path_per_floor":["M","M","$","T","?","R","E","R","T","R","M","R","M","?","R","B",null,"M","?","$","M","M","R"],"character_chosen":"THE_SILENT","items_purchased":["Accuracy","Footwork"],"gold_per_floor":[149,164,9,56,56,56,87,87,87,87,101,101,118,218,218,314,314,328,328,160,172,192,192],"floor_reached":24,"campfire_rested":2,"playtime":769,"current_hp_per_floor":[66,62,62,62,62,62,46,46,46,46,46,46,45,45,66,9,55,43,43,43,28,1,22],"items_purged":["Pain","Strike_G"],"gold":192,"score":243,"play_id":"ed4ef604-6cd0-4219-b6e3-cb157f53cd4a","local_time":"20180311134118","is_prod":false,"is_daily":false,"is_ascension_mode":true,"campfire_upgraded":4,"timestamp":1520793678,"path_taken":["M","M","$","?","?","R","E","R","T","R","M","R","M","?","R","BOSS","M","?","$","?","M","R","M"],"build_version":"2018-03-09","purchased_purges":4,"victory":false,"master_deck":["Defend_G","Defend_G","Defend_G","Defend_G","Defend_G","Strike_G","Strike_G","Strike_G","Strike_G","Survivor","Neutralize+1","Clumsy","Clumsy","Cloak And Dagger+1","Choke","Accuracy+1","Outmaneuver","Accuracy+1","Glass Knife","A Thousand Cuts","Malaise+1","Footwork","Backflip","Terror+1"],"max_hp_per_floor":[70,70,70,70,70,70,70,70,70,70,70,70,70,70,70,70,70,70,70,70,70,70,70],"relics":["Calling Bell","Tiny Chest","Orichalcum","Torii","Happy Flower","Art of War","Vajra","Sozu"],"card_choices":[{"not_picked":["Infinite Blades","Backflip"],"picked":"Cloak And Dagger"},{"not_picked":["Bouncing Flask","Cloak And Dagger"],"picked":"Choke"},{"not_picked":["Flying Knee","PiercingWail"],"picked":"Outmaneuver"},{"not_picked":["Expertise","Dash"],"picked":"Accuracy"},{"not_picked":["Heel Hook","Sucker Punch"],"picked":"Glass Knife"},{"not_picked":["Venomology","Tactician"],"picked":"A Thousand Cuts"},{"not_picked":["PiercingWail","Prepared"],"picked":"Malaise"},{"not_picked":["Outmaneuver","Finisher"],"picked":"Backflip"},{"not_picked":["Backstab","Distraction"],"picked":"Terror"}],"player_experience":351786,"potions_floor_usage":[7,16,18,21,21],"damage_taken":[{"damage":4,"enemies":"Cultist","floor":1,"turns":5},{"damage":4,"enemies":"2 Louse","floor":2,"turns":3},{"damage":16,"enemies":"Gremlin Nob","floor":7,"turns":4},{"damage":0,"enemies":"Small Slimes","floor":11,"turns":3},{"damage":1,"enemies":"3 Louse","floor":13,"turns":2},{"damage":57,"enemies":"Hexaghost","floor":16,"turns":10},{"damage":12,"enemies":"2 Thieves","floor":18,"turns":4},{"damage":30,"enemies":"3 Byrds","floor":21,"turns":6},{"damage":27,"enemies":"3 Cultists","floor":22,"turns":7},{"damage":30,"enemies":"Slaver and Parasite","floor":24,"turns":2}],"event_choices":[{"event_name":"The Lab","player_choice":"Got Potions","floor":5,"damage_taken":0},{"event_name":"Golden Shrine","player_choice":"Pray","floor":14,"damage_taken":0},{"event_name":"Vampires","player_choice":"Ignored","floor":19,"damage_taken":0}],"boss_relics":[{"not_picked":["Pandora\u0027s Box","Cursed Key"],"picked":"Sozu"}],"potions_floor_spawned":[2,11,13,16,21,22],"seed_played":"-4043540298918908532","killed_by":"Slaver and Parasite","ascension_level":5,"is_trial":false}