{"path_per_floor":["M","M","?","M","$","R","M","R","T","M","?","M","T","M","R","B",null,"M","M","M","?","$","R","M","R","T","R","$","E","M","M","R","B",null,"M","M","?","M"],"character_chosen":"THE_SILENT","items_purchased":["Lantern","Poisoned Stab","Footwork","Block Potion","Regen Potion"],"gold_per_floor":[210,227,227,247,5,5,19,19,65,78,78,97,123,138,138,238,238,219,238,255,255,35,35,49,49,49,49,0,28,40,51,51,153,153,169,184,184,198],"floor_reached":39,"campfire_rested":3,"playtime":1743,"current_hp_per_floor":[70,70,70,70,70,70,54,54,54,43,36,36,36,37,58,48,65,59,60,45,45,45,66,51,51,51,51,51,45,21,18,39,40,63,49,24,42,7],"items_purged":["Strike_G","Strike_G"],"gold":198,"score":465,"play_id":"ef9b7b47-55c8-4437-8699-98f91d9c8b6d","local_time":"20180303111055","is_prod":false,"is_daily":false,"is_ascension_mode":true,"campfire_upgraded":4,"timestamp":1520097055,"path_taken":["M","M","?","M","$","R","M","R","T","?","?","M","?","M","R","BOSS","M","M","?","?","$","R","?","R","T","R","$","E","?","M","R","BOSS","M","M","?","M","M"],"build_version":"2018-03-01-PROD1","purchased_purges":2,"victory":false,"master_deck":["Defend_G","Defend_G","Defend_G","Defend_G","Defend_G","Strike_G","Strike_G","Survivor","Neutralize","Outmaneuver","Backflip","Deadly Poison+1","Poisoned Stab","Footwork+1","Malaise+1","Deadly Poison","Deadly Poison","Well Laid Plans","Corpse Explosion","Bouncing Flask+1","Bouncing Flask","Deflect","Catalyst+1","Footwork","Acrobatics+1","Blur","PiercingWail","Outmaneuver+1","Wraith Form","Dodge and Roll+1","Writhe","Escape Plan+1"],"max_hp_per_floor":[70,70,70,70,70,70,70,70,70,70,70,70,70,70,70,70,70,70,70,70,70,70,70,70,70,70,70,70,70,70,70,70,70,70,70,70,70,70],"relics":["Ring of the Snake","Lantern","Prayer Wheel","Blood Vial","Lizard Tail","Molten Egg 2","Bag of Marbles","Eternal Feather"],"card_choices":[{"not_picked":["Cloak And Dagger","Terror"],"picked":"Outmaneuver"},{"not_picked":["Prepared","Wraith Form"],"picked":"Backflip"},{"not_picked":["Underhanded Strike","Infinite Blades"],"picked":"Deadly Poison"},{"not_picked":["Bane","Quick Slash"],"picked":"Footwork"},{"not_picked":["Slice","Prepared"],"picked":"Malaise"},{"not_picked":["Flying Knee","Backflip"],"picked":"Deadly Poison"},{"not_picked":["Prepared","Dagger Throw"],"picked":"Deadly Poison"},{"not_picked":["Reflex","Infinite Blades"],"picked":"Well Laid Plans"},{"not_picked":["After Image","Doppelganger"],"picked":"Corpse Explosion"},{"not_picked":["Deadly Poison","Malaise"],"picked":"Bouncing Flask"},{"not_picked":["Sucker Punch","Dodge and Roll"],"picked":"Bouncing Flask"},{"not_picked":["Slice","Dodge and Roll"],"picked":"Deflect"},{"not_picked":["Predator","Dagger Throw"],"picked":"Acrobatics"},{"not_picked":["Outmaneuver","Choke"],"picked":"Blur"},{"not_picked":["Poisoned Stab","Doppelganger"],"picked":"PiercingWail"},{"not_picked":["Acrobatics","Dagger Spray"],"picked":"Outmaneuver"},{"not_picked":["Venomology","Phantasmal Killer"],"picked":"Wraith Form"},{"not_picked":["PiercingWail","Flying Knee"],"picked":"Dodge and Roll"},{"not_picked":["Quick Slash","Deflect"],"picked":"Escape Plan"}],"player_experience":303505,"potions_floor_usage":[18,19,24,29],"damage_taken":[{"damage":0.0,"enemies":"Small Slimes","floor":1.0,"turns":4.0},{"damage":0.0,"enemies":"Cultist","floor":2.0,"turns":5.0},{"damage":0.0,"enemies":"2 Louse","floor":4.0,"turns":3.0},{"damage":16.0,"enemies":"Large Slime","floor":7.0,"turns":8.0},{"damage":11.0,"enemies":"Exordium Wildlife","floor":10.0,"turns":5.0},{"damage":15.0,"enemies":"Lots of Slimes","floor":12.0,"turns":8.0},{"damage":1,"enemies":"2 Fungi Beasts","floor":14,"turns":4},{"damage":12,"enemies":"The Guardian","floor":16,"turns":10},{"damage":8,"enemies":"2 Thieves","floor":18,"turns":4},{"damage":1,"enemies":"Chosen","floor":19,"turns":5},{"damage":17,"enemies":"Snake Plant","floor":20,"turns":5},{"damage":17,"enemies":"Snecko","floor":24,"turns":6},{"damage":23,"enemies":"Book of Stabbing","floor":29,"turns":5},{"damage":26,"enemies":"Cultist and Chosen","floor":30,"turns":8},{"damage":5,"enemies":"Snake Plant","floor":31,"turns":5},{"damage":1,"enemies":"Champ","floor":33,"turns":11},{"damage":16,"enemies":"3 Shapes","floor":35,"turns":9},{"damage":27,"enemies":"Orb Walker","floor":36,"turns":8},{"damage":37,"enemies":"3 Darklings","floor":38,"turns":6},{"damage":4,"enemies":"Sphere and 2 Shapes","floor":39,"turns":2}],"event_choices":[{"event_name":"The Lab","player_choice":"Got Potions","floor":3.0,"damage_taken":0.0},{"event_name":"Golden Wing","player_choice":"Card Removal","floor":11.0,"damage_taken":0.0},{"event_name":"The Library","player_choice":"Read","floor":21,"damage_taken":0},{"event_name":"Winding Halls","player_choice":"Writhe","floor":37,"damage_taken":0}],"boss_relics":[{"not_picked":["Runic Dome","Philosopher\u0027s Stone"],"picked":"Lizard Tail"},{"not_picked":["Black Star","White Beast Statue"],"picked":"Eternal Feather"}],"potions_floor_spawned":[2,4,12,14,19,24,29,31],"seed_played":"8346001427087821375","killed_by":"Sphere and 2 Shapes","ascension_level":5,"is_trial":false}