{"path_per_floor":["M","?","M","M","M","R","M","M","T","M","R","?","$","?","R","B",null,"M","M"],"character_chosen":"THE_SILENT","items_purchased":["Malaise","Poisoned Stab"],"gold_per_floor":[20,20,40,58,74,74,86,96,119,134,134,134,13,13,13,109,109,122,141],"floor_reached":20,"campfire_rested":1,"playtime":1180,"current_hp_per_floor":[70,70,70,64,50,50,47,44,44,38,59,52,52,69,69,57,67,59,55],"items_purged":[],"gold":141,"score":241,"play_id":"de8e9e14-0b60-4576-a9ff-4ad2eb69c6e9","local_time":"20180304094839","is_prod":false,"is_daily":false,"is_ascension_mode":true,"campfire_upgraded":2,"timestamp":1520178519,"path_taken":["M","?","?","M","M","R","M","M","T","?","R","?","$","?","R","BOSS","M","M","M"],"build_version":"2018-03-01-PROD1","purchased_purges":0,"victory":false,"master_deck":["Defend_G","Defend_G","Defend_G","Defend_G","Defend_G","Strike_G","Strike_G","Survivor","Neutralize","Venomology","Footwork+1","Night Terror+1","Deadly Poison","Well Laid Plans","Escape Plan","Catalyst","Blur","Malaise+1","Poisoned Stab","Parasite","Adrenaline","Noxious Fumes+1","Footwork+1"],"max_hp_per_floor":[70,70,70,70,70,70,70,70,70,70,70,70,70,70,70,70,70,70,70],"relics":["Ring of the Snake","Pen Nib","Lizard Tail"],"card_choices":[{"not_picked":["Cloak And Dagger","Outmaneuver"],"picked":"Night Terror"},{"not_picked":["Sucker Punch","Quick Slash"],"picked":"Deadly Poison"},{"not_picked":["Dagger Spray","Poisoned Stab"],"picked":"Well Laid Plans"},{"not_picked":["Bane","Dagger Spray"],"picked":"Escape Plan"},{"not_picked":["All Out Attack","Outmaneuver"],"picked":"Catalyst"},{"not_picked":["Sucker Punch","Bane"],"picked":"Blur"},{"not_picked":["Doppelganger","Glass Knife"],"picked":"Adrenaline"},{"not_picked":["Concentrate","Acrobatics"],"picked":"Noxious Fumes"},{"not_picked":["Crippling Poison","Slice"],"picked":"Footwork"}],"player_experience":316040,"potions_floor_usage":[7,8,8,10,10,16,18,19,19,20],"damage_taken":[{"damage":0.0,"enemies":"2 Louse","floor":1.0,"turns":5.0},{"damage":0.0,"enemies":"Small Slimes","floor":3.0,"turns":3.0},{"damage":6.0,"enemies":"Cultist","floor":4.0,"turns":5.0},{"damage":14.0,"enemies":"Lots of Slimes","floor":5.0,"turns":6.0},{"damage":3,"enemies":"Blue Slaver","floor":7,"turns":7},{"damage":3,"enemies":"Exordium Wildlife","floor":8,"turns":7},{"damage":21,"enemies":"Lots of Slimes","floor":10,"turns":8},{"damage":12,"enemies":"Hexaghost","floor":16,"turns":9},{"damage":8,"enemies":"Chosen","floor":18,"turns":12},{"damage":4,"enemies":"3 Byrds","floor":19,"turns":6},{"damage":100,"enemies":"3 Cultists","floor":20,"turns":6}],"event_choices":[{"event_name":"Living Wall","player_choice":"Grow","floor":2.0,"damage_taken":0.0},{"event_name":"Golden Wing","player_choice":"Card Removal","floor":12,"damage_taken":0},{"event_name":"Mushrooms","player_choice":"Healed and dodged fight","floor":14,"damage_taken":0}],"boss_relics":[{"not_picked":["Philosopher\u0027s Stone","Calling Bell"],"picked":"Lizard Tail"}],"potions_floor_spawned":[1,7,16],"seed_played":"-2706940324241670633","killed_by":"3 Cultists","ascension_level":5,"is_trial":false}