{"path_per_floor":["M","M","M","M","M","R","?","?","T","T","M","?","M","M","R","B",null,"M","M","?","M","M","R","E","?","T","$","M","?","R","T","R"],"character_chosen":"THE_SILENT","items_purchased":["Blur"],"gold_per_floor":[119,129,146,159,177,177,177,177,231,231,250,215,226,245,245,349,349,362,378,378,398,413,413,443,368,368,295,306,356,356,409,409],"floor_reached":33,"campfire_rested":4,"playtime":1458,"current_hp_per_floor":[70,70,65,50,48,48,48,41,41,41,40,57,49,53,70,42,63,58,33,33,19,18,47,14,14,14,14,8,8,37,37,66],"items_purged":[],"gold":409,"score":326,"play_id":"ab9e6f52-f9bb-468e-852a-0d983c5f3c64","local_time":"20180302183623","is_prod":false,"is_daily":false,"is_ascension_mode":true,"campfire_upgraded":1,"timestamp":1520037383,"path_taken":["M","?","M","M","M","R","?","?","T","?","M","?","M","M","R","BOSS","M","M","?","M","M","R","E","?","T","$","M","?","R","?","R","BOSS"],"build_version":"2018-03-01-PROD1","purchased_purges":1,"victory":false,"master_deck":["Defend_G","Defend_G","Defend_G","Defend_G","Strike_G","Strike_G","Survivor","Neutralize","Accuracy+1","A Thousand Cuts+1","Burst+1","Sucker Punch","Dagger Spray","Cloak And Dagger+1","Infinite Blades+1","Calculated Gamble","Backflip","Burst","Backflip","Malaise","Blur","Blur","Blade Dance"],"max_hp_per_floor":[70,70,70,70,70,70,70,70,70,70,70,70,70,70,70,70,70,70,70,70,70,70,70,70,70,70,70,70,70,70,70,70],"relics":["Astrolabe","Ancient Tea Set","Bird Faced Urn","Eternal Feather","Girya","Calipers","Singing Bowl"],"card_choices":[{"not_picked":["Bane","Outmaneuver"],"picked":"Sucker Punch"},{"not_picked":["Riddle With Holes","Prepared"],"picked":"Dagger Spray"},{"not_picked":["Slice","Terror"],"picked":"Cloak And Dagger"},{"not_picked":["Slice","Flechettes"],"picked":"Infinite Blades"},{"not_picked":["Endless Agony","Deadly Poison"],"picked":"Calculated Gamble"},{"not_picked":["Dagger Spray","Predator"],"picked":"Backflip"},{"not_picked":["Unload","Bullet Time"],"picked":"Burst"},{"not_picked":["Dagger Spray","Underhanded Strike"],"picked":"Backflip"},{"not_picked":["Deflect","Dodge and Roll"],"picked":"Malaise"},{"not_picked":["Underhanded Strike","Slice"],"picked":"Blur"},{"not_picked":["Flechettes","Masterful Stab"],"picked":"Blade Dance"}],"player_experience":300750,"potions_floor_usage":[4,14,19,19,24,24,28],"damage_taken":[{"damage":0,"enemies":"Cultist","floor":1,"turns":5},{"damage":0,"enemies":"2 Louse","floor":2,"turns":4},{"damage":5,"enemies":"Jaw Worm","floor":3,"turns":4},{"damage":15,"enemies":"Large Slime","floor":4,"turns":8},{"damage":2,"enemies":"2 Fungi Beasts","floor":5,"turns":4},{"damage":7,"enemies":"Exordium Wildlife","floor":11,"turns":6},{"damage":8,"enemies":"Looter","floor":13,"turns":4},{"damage":0,"enemies":"3 Louse","floor":14,"turns":2},{"damage":28,"enemies":"Hexaghost","floor":16,"turns":8},{"damage":11,"enemies":"Spheric Guardian","floor":18,"turns":3},{"damage":37,"enemies":"Chosen","floor":19,"turns":5},{"damage":20,"enemies":"Snake Plant","floor":21,"turns":6},{"damage":7,"enemies":"Snecko","floor":22,"turns":5},{"damage":37,"enemies":"Slavers","floor":24,"turns":7},{"damage":10,"enemies":"Centurion and Healer","floor":28,"turns":8},{"damage":79,"enemies":"Champ","floor":33,"turns":15}],"event_choices":[{"event_name":"Upgrade Shrine","player_choice":"Upgraded","floor":7,"damage_taken":0},{"event_name":"Golden Wing","player_choice":"Card Removal","floor":8,"damage_taken":0},{"event_name":"The Cleric","player_choice":"Healed","floor":12,"damage_taken":0},{"event_name":"Forgotten Altar","player_choice":"Smashed Altar","floor":20,"damage_taken":0},{"event_name":"Beggar","player_choice":"Gave Gold","floor":25,"damage_taken":0},{"event_name":"The Joust","player_choice":"Bet on Murderer","floor":29,"damage_taken":0}],"boss_relics":[{"not_picked":["Velvet Choker","Philosopher\u0027s Stone"],"picked":"Eternal Feather"}],"potions_floor_spawned":[2,11,13,14,19,21,24,28],"seed_played":"-8954993805805505424","killed_by":"Champ","ascension_level":5,"is_trial":false}