{"path_per_floor":["M","$","?","?","M","R","M","M","T","R","M","R","M","M","R","B",null,"M","$","?","?","M","R","E","M","T","R","M","R","$","E","R","B",null,"M","?","$","M","?","R","E","R","T","M","R","M","M","$","R"],"character_chosen":"THE_SILENT","items_purchased":["Footwork","Oddly Smooth Stone","Happy Flower","Caltrops"],"gold_per_floor":[112,37,37,37,47,47,63,81,81,81,96,96,107,124,124,221,221,238,238,238,163,177,177,205,222,246,246,256,256,21,52,52,156,156,170,170,120,136,136,136,168,168,168,186,186,203,218,35,35],"floor_reached":50,"campfire_rested":7,"playtime":1949,"current_hp_per_floor":[68,68,68,61,61,61,61,61,61,61,61,61,61,58,58,25,59,39,39,23,23,18,39,31,21,21,42,29,50,50,31,52,6,54,54,45,45,45,45,66,17,39,39,42,42,46,7,7,29],"items_purged":["Grand Finale","Setup"],"gold":35,"score":628,"play_id":"7ca4789b-2a66-4757-b9dc-39229fe9075d","local_time":"20180310181359","is_prod":false,"is_daily":false,"is_ascension_mode":true,"campfire_upgraded":4,"timestamp":1520727239,"path_taken":["M","$","?","?","?","R","M","M","T","R","M","R","M","M","R","BOSS","M","$","?","?","?","R","E","M","T","R","M","R","?","E","R","BOSS","M","?","$","M","?","R","E","R","T","M","R","M","M","$","R","BOSS"],"build_version":"2018-03-09","purchased_purges":4,"victory":false,"master_deck":["Survivor","Neutralize+1","Dagger Spray+1","Predator+1","Well Laid Plans","Flying Knee","Sucker Punch+1","Backflip","Tactician","Dash","Flying Knee","Dagger Spray","Noxious Fumes","Infinite Blades","Deflect","Dagger Throw+1","Backflip+1","Escape Plan+1","Footwork","Flying Knee","Tactician","Terror+1","Madness","Madness","Injury","Escape Plan+1","Acrobatics","Caltrops"],"max_hp_per_floor":[70,70,70,70,70,70,70,70,70,70,70,70,70,70,70,70,70,70,70,70,70,70,70,70,70,70,70,70,70,70,70,70,70,70,70,70,70,72,72,72,74,74,74,74,74,76,76,76,76],"relics":["Ring of the Snake","Mummified Hand","Pandora\u0027s Box","Nilry\u0027s Codex","Smiling Mask","Singing Bowl","Oddly Smooth Stone","Bag of Marbles","Cursed Key","Shovel","Bird Faced Urn","Omamori","Happy Flower"],"card_choices":[{"not_picked":["Poisoned Stab","Escape Plan"],"picked":"Dagger Spray"},{"not_picked":["All Out Attack","Masterful Stab"],"picked":"Well Laid Plans"},{"not_picked":["Bane","Finisher"],"picked":"Flying Knee"},{"not_picked":["Accuracy","Poisoned Stab"],"picked":"Sucker Punch"},{"not_picked":["Deadly Poison","Bane"],"picked":"Backflip"},{"not_picked":["A Thousand Cuts","Doppelganger"],"picked":"Tactician"},{"not_picked":["Dagger Spray","Bane"],"picked":"Deflect"},{"not_picked":["Underhanded Strike","Accuracy"],"picked":"Dagger Throw"},{"not_picked":["Deadly Poison","Expertise"],"picked":"Backflip"},{"not_picked":["Poisoned Stab","Deadly Poison"],"picked":"Escape Plan"},{"not_picked":["Glass Knife","Cloak And Dagger"],"picked":"Flying Knee"},{"not_picked":["Wraith Form","Phantasmal Killer"],"picked":"Tactician"},{"not_picked":["Blur","Cloak And Dagger"],"picked":"Terror"},{"not_picked":["Slice","Deadly Poison"],"picked":"Escape Plan"},{"not_picked":["Deadly Poison","Caltrops"],"picked":"Acrobatics"}],"player_experience":343587,"potions_floor_usage":[16,24,24,33,33,50,50],"damage_taken":[{"damage":2,"enemies":"Jaw Worm","floor":1,"turns":5},{"damage":0,"enemies":"2 Louse","floor":5,"turns":2},{"damage":0,"enemies":"Small Slimes","floor":7,"turns":2},{"damage":0,"enemies":"3 Louse","floor":8,"turns":2},{"damage":0,"enemies":"Lots of Slimes","floor":11,"turns":1},{"damage":0,"enemies":"Large Slime","floor":13,"turns":4},{"damage":3,"enemies":"Looter","floor":14,"turns":2},{"damage":33,"enemies":"The Guardian","floor":16,"turns":12},{"damage":20,"enemies":"2 Thieves","floor":18,"turns":3},{"damage":5,"enemies":"3 Byrds","floor":22,"turns":4},{"damage":8,"enemies":"Gremlin Leader","floor":24,"turns":5},{"damage":10,"enemies":"Centurion and Healer","floor":25,"turns":5},{"damage":13,"enemies":"Snake Plant","floor":28,"turns":4},{"damage":19,"enemies":"Book of Stabbing","floor":31,"turns":7},{"damage":46,"enemies":"Collector","floor":33,"turns":10},{"damage":0,"enemies":"3 Shapes","floor":35,"turns":4},{"damage":2,"enemies":"Orb Walker","floor":38,"turns":4},{"damage":51,"enemies":"2 Orb Walkers","floor":41,"turns":5},{"damage":7,"enemies":"3 Darklings","floor":44,"turns":4},{"damage":6,"enemies":"Maw","floor":46,"turns":7},{"damage":49,"enemies":"Sphere and 2 Shapes","floor":47,"turns":7},{"damage":48,"enemies":"Awakened One","floor":50,"turns":2}],"event_choices":[{"event_name":"Living Wall","player_choice":"Change","floor":3,"damage_taken":0},{"event_name":"Golden Wing","player_choice":"Card Removal","floor":4,"damage_taken":0},{"event_name":"Cursed Tome","player_choice":"Obtained Book","floor":20,"damage_taken":0},{"event_name":"Beggar","player_choice":"Gave Gold","floor":21,"damage_taken":0},{"event_name":"Winding Halls","player_choice":"Embrace Madness","floor":36,"damage_taken":0}],"boss_relics":[{"not_picked":["Velvet Choker","The Specimen"],"picked":"Pandora\u0027s Box"},{"not_picked":["White Beast Statue","Tiny House"],"picked":"Cursed Key"}],"potions_floor_spawned":[8,11,16,25,31,35,47],"seed_played":"-8003236885456537151","killed_by":"Awakened One","ascension_level":5,"is_trial":false}