{"path_per_floor":["M","M","?","M","M","R","T","M","T","R","?","?","M","$","R","B",null,"M","?","M","?","M","R","E","?","T"],"character_chosen":"THE_SILENT","items_purchased":["Footwork"],"gold_per_floor":[18,28,28,42,55,55,55,71,71,71,142,142,155,46,46,166,166,166,166,166,166,166,166,166,166,166],"floor_reached":27,"campfire_rested":2,"playtime":719,"current_hp_per_floor":[63,58,44,44,37,58,58,44,44,44,44,44,44,44,65,52,66,66,66,60,70,60,60,29,29,29],"items_purged":["Injury"],"gold":166,"score":290,"play_id":"47a9c8ba-8894-428e-ae3f-ac2e9bf29609","local_time":"20180313200229","is_prod":false,"is_daily":false,"is_ascension_mode":true,"campfire_upgraded":2,"timestamp":1520989349,"path_taken":["M","?","?","M","?","R","?","M","T","R","?","?","M","$","R","BOSS","M","?","M","?","M","R","E","?","T","?"],"build_version":"2018-03-09","purchased_purges":1,"victory":false,"master_deck":["Defend_G","Defend_G+1","Defend_G","Defend_G","Defend_G","Strike_G+1","Strike_G","Strike_G","Strike_G","Strike_G","Survivor","Neutralize+1","Flying Knee","All Out Attack","Dagger Spray","Caltrops","Blur","Footwork+1","Die Die Die","Dagger Spray+1","Distraction+1"],"max_hp_per_floor":[70,70,70,70,70,70,70,70,70,70,70,70,70,70,70,70,70,70,70,70,70,70,70,70,70,70],"relics":["Ring of the Snake","Unceasing Top","Dodecahedron","Toolbox","Bloody Idol","Ectoplasm","Shovel","Old Coin"],"card_choices":[{"not_picked":["Quick Slash","Dagger Throw"],"picked":"Flying Knee"},{"not_picked":["Expertise","Heel Hook"],"picked":"All Out Attack"},{"not_picked":["Underhanded Strike","Calculated Gamble"],"picked":"Dagger Spray"},{"not_picked":["Underhanded Strike","Dagger Spray"],"picked":"Caltrops"},{"not_picked":["Cloak And Dagger","Bane"],"picked":"Blur"},{"not_picked":["Tactician","Grand Finale"],"picked":"Die Die Die"},{"not_picked":["Setup","Endless Agony"],"picked":"Dagger Spray"},{"not_picked":["Flying Knee","Blur"],"picked":"Distraction"}],"player_experience":357867,"potions_floor_usage":[],"damage_taken":[{"damage":0.0,"enemies":"Cultist","floor":1.0,"turns":4.0},{"damage":5.0,"enemies":"Small Slimes","floor":2.0,"turns":5.0},{"damage":0.0,"enemies":"2 Louse","floor":4.0,"turns":3.0},{"damage":7.0,"enemies":"Red Slaver","floor":5.0,"turns":3.0},{"damage":14,"enemies":"Exordium Wildlife","floor":8,"turns":6},{"damage":0,"enemies":"2 Fungi Beasts","floor":13,"turns":2},{"damage":13,"enemies":"Slime Boss","floor":16,"turns":13},{"damage":0,"enemies":"3 Byrds","floor":18,"turns":4},{"damage":6,"enemies":"Spheric Guardian","floor":20,"turns":4},{"damage":10,"enemies":"Centurion and Healer","floor":22,"turns":7},{"damage":31,"enemies":"Gremlin Leader","floor":24,"turns":7}],"event_choices":[{"event_name":"Shining Light","player_choice":"Entered Light","floor":3.0,"damage_taken":0.0},{"event_name":"Golden Wing","player_choice":"Gained Gold","floor":11,"damage_taken":0},{"event_name":"Golden Idol","player_choice":"Take Wound","floor":12,"damage_taken":0},{"event_name":"Golden Shrine","player_choice":"Pray","floor":19,"damage_taken":0},{"event_name":"Wheel of Change","player_choice":"Full Heal","floor":21,"damage_taken":0},{"event_name":"Forgotten Altar","player_choice":"Gave Idol","floor":25,"damage_taken":0},{"event_name":"Drug Dealer","player_choice":"Ignored","floor":27,"damage_taken":0}],"boss_relics":[{"not_picked":["Runic Dome","Orrery"],"picked":"Ectoplasm"}],"potions_floor_spawned":[4,16,18],"seed_played":"-6711546114107099537","ascension_level":6,"is_trial":false}