{"path_per_floor":["M","M","$","M","M","R","E","?","T","R","?","R","?","?","R","B",null,"M","?","?","?","$","R","M","R","T","M","R","M","M","M","R"],"character_chosen":"THE_SILENT","items_purchased":["Deflect","Escape Plan"],"gold_per_floor":[117,127,3,19,38,38,71,71,98,98,173,173,173,173,173,271,271,290,215,215,215,44,44,59,59,59,71,71,85,100,117,117],"floor_reached":33,"campfire_rested":4,"playtime":1297,"current_hp_per_floor":[70,70,70,70,66,66,56,61,61,61,50,74,62,62,82,16,66,59,59,59,59,59,59,65,65,65,57,81,64,50,30,54],"items_purged":["Strike_G","Injury"],"gold":117,"score":332,"play_id":"bc8ecb25-a416-49c1-a1c9-d5f7c5b6aca6","local_time":"20180302185833","is_prod":false,"is_daily":false,"is_ascension_mode":true,"campfire_upgraded":4,"timestamp":1520038713,"path_taken":["M","M","$","M","M","R","E","?","T","R","?","R","?","?","R","BOSS","M","?","?","?","$","R","?","R","T","M","R","M","M","M","R","BOSS"],"build_version":"2018-03-01-PROD1","purchased_purges":2,"victory":false,"master_deck":["Defend_G","Defend_G","Defend_G","Defend_G","Defend_G","Survivor","Neutralize+1","Choke+1","Endless Agony+1","Deflect","Terror+1","Acrobatics","Deflect","Tactician+1","Leg Sweep","Acrobatics","Bite","Bite","Bite","Bite","Bite","Escape Plan","Blur","Deflect+1"],"max_hp_per_floor":[70,70,70,70,70,70,77,82,82,82,82,82,82,82,82,82,82,82,82,82,82,82,82,82,82,82,82,82,82,82,82,82],"relics":["Runic Dome","Strawberry","Vajra","Lizard Tail","Snake Skull"],"card_choices":[{"not_picked":["Masterful Stab","Accuracy"],"picked":"Choke"},{"not_picked":["Poisoned Stab","Prepared"],"picked":"Endless Agony"},{"not_picked":["Flechettes","PiercingWail"],"picked":"Terror"},{"not_picked":["Dash","Heel Hook"],"picked":"Acrobatics"},{"not_picked":["Quick Slash","Catalyst"],"picked":"Deflect"},{"not_picked":["Bullet Time","Night Terror"],"picked":"Tactician"},{"not_picked":["PiercingWail","Backflip"],"picked":"Leg Sweep"},{"not_picked":["Cloak And Dagger","Crippling Poison"],"picked":"Blur"},{"not_picked":["Deadly Poison","Flying Knee"],"picked":"Deflect"}],"player_experience":302208,"potions_floor_usage":[18,24,27,29,30,31],"damage_taken":[{"damage":0,"enemies":"Jaw Worm","floor":1,"turns":4},{"damage":0,"enemies":"2 Louse","floor":2,"turns":2},{"damage":0,"enemies":"Small Slimes","floor":4,"turns":2},{"damage":4,"enemies":"Exordium Thugs","floor":5,"turns":4},{"damage":17,"enemies":"3 Sentries","floor":7,"turns":7},{"damage":66,"enemies":"Hexaghost","floor":16,"turns":10},{"damage":9,"enemies":"Shell Parasite","floor":18,"turns":4},{"damage":6,"enemies":"3 Byrds","floor":24,"turns":6},{"damage":16,"enemies":"Snecko","floor":27,"turns":6},{"damage":26,"enemies":"3 Cultists","floor":29,"turns":7},{"damage":32,"enemies":"Sentry and Sphere","floor":30,"turns":9},{"damage":34,"enemies":"Snecko","floor":31,"turns":10},{"damage":156,"enemies":"Automaton","floor":33,"turns":12}],"event_choices":[{"event_name":"Big Fish","player_choice":"Donut","floor":8,"damage_taken":0},{"event_name":"World of Goop","player_choice":"Gather Gold","floor":11,"damage_taken":0},{"event_name":"Scrap Ooze","player_choice":"success","floor":13,"damage_taken":12},{"event_name":"Accursed Blacksmith","player_choice":"Forge","floor":14,"damage_taken":0},{"event_name":"Beggar","player_choice":"Gave Gold","floor":19,"damage_taken":0},{"event_name":"Duplicator","player_choice":"One dupe","floor":20,"damage_taken":0},{"event_name":"Vampires","player_choice":"Became a vampire (Vial)","floor":21,"damage_taken":0}],"boss_relics":[{"not_picked":["White Beast Statue","Ectoplasm"],"picked":"Lizard Tail"}],"potions_floor_spawned":[1,2,4,24,27,30],"seed_played":"-2690887088895585692","killed_by":"Automaton","ascension_level":5,"is_trial":false}