{"path_per_floor":["M","$","M","M","?","E","R","?","T","M","M","M","?","?","R","B",null,"M","$","M","?","M","R","M","M","T","M","?","R","?","M","R"],"character_chosen":"THE_SILENT","items_purchased":["Apotheosis"],"gold_per_floor":[119,44,55,68,68,103,103,178,262,287,307,326,326,326,326,454,454,472,166,180,180,200,200,216,230,230,246,246,246,246,259,259,259],"floor_reached":33,"campfire_rested":3,"playtime":855,"current_hp_per_floor":[63,63,63,63,63,41,41,30,30,30,30,29,29,16,35,17,53,52,52,52,52,24,30,22,19,19,16,16,41,41,31,58,0],"items_purged":["Strike_G","Strike_G"],"gold":259,"score":339,"play_id":"fa720061-cfc1-47f5-96b2-ac504eca331c","local_time":"20180323072806","is_prod":false,"is_daily":false,"is_ascension_mode":true,"campfire_upgraded":2,"timestamp":1521808086,"path_taken":["M","$","?","M","?","E","R","?","T","M","M","?","?","?","R","BOSS","M","$","M","?","M","R","M","?","T","M","?","R","?","M","R","BOSS"],"build_version":"2018-03-22","purchased_purges":2,"victory":false,"master_deck":["Defend_G+1","Defend_G+1","Defend_G+1","Defend_G+1","Defend_G+1","Strike_G+1","Strike_G+1","Strike_G+1","Survivor","Neutralize","Backflip+1","Bouncing Flask+1","Glass Knife","Noxious Fumes","Adrenaline","Deadly Poison+1","Apotheosis+1","Bouncing Flask","Noxious Fumes","Writhe","Backflip"],"max_hp_per_floor":[70,70,70,70,65,65,65,65,65,65,65,65,65,65,65,65,65,65,65,65,65,65,65,65,65,65,65,65,65,65,65,65,65],"relics":["Ring of the Snake","NeowsBlessing","Golden Idol","Centennial Puzzle","Tiny Chest","Eternal Feather","Frozen Eye","Omamori"],"card_choices":[{"not_picked":["Deadly Poison","Concentrate"],"picked":"Backflip"},{"not_picked":["Underhanded Strike","Outmaneuver"],"picked":"Bouncing Flask"},{"not_picked":["Finisher","Outmaneuver"],"picked":"Glass Knife"},{"not_picked":["Sucker Punch","Distraction"],"picked":"Noxious Fumes"},{"not_picked":["Tactician","Glass Knife"],"picked":"Adrenaline"},{"not_picked":["Malaise","Eviscerate"],"picked":"Deadly Poison"},{"not_picked":["Heel Hook","Escape Plan"],"picked":"Bouncing Flask"},{"not_picked":["Slice","Poisoned Stab"],"picked":"Noxious Fumes"},{"not_picked":["Flying Knee","Quick Slash"],"picked":"Backflip","floor":31}],"player_experience":381007,"potions_floor_usage":[31,33],"damage_taken":[{"damage":0.0,"enemies":"Cultist","floor":1.0,"turns":1.0},{"damage":0.0,"enemies":"2 Louse","floor":3.0,"turns":1.0},{"damage":0.0,"enemies":"Small Slimes","floor":4.0,"turns":1.0},{"damage":22.0,"enemies":"Lagavulin","floor":6.0,"turns":6.0},{"damage":0.0,"enemies":"2 Fungi Beasts","floor":10.0,"turns":3.0},{"damage":0.0,"enemies":"Lots of Slimes","floor":11.0,"turns":2.0},{"damage":1.0,"enemies":"Red Slaver","floor":12.0,"turns":3.0},{"damage":18.0,"enemies":"The Guardian","floor":16.0,"turns":8.0},{"damage":1.0,"enemies":"Chosen","floor":18.0,"turns":4.0},{"damage":0.0,"enemies":"Spheric Guardian","floor":20.0,"turns":3.0},{"damage":28.0,"enemies":"3 Cultists","floor":22.0,"turns":5.0},{"damage":8.0,"enemies":"Cultist and Chosen","floor":24.0,"turns":5.0},{"damage":3.0,"enemies":"Sentry and Sphere","floor":25.0,"turns":5.0},{"damage":3.0,"enemies":"Snecko","floor":27.0,"turns":4.0},{"damage":10,"enemies":"Snake Plant","floor":31,"turns":6},{"damage":77,"enemies":"Collector","floor":33,"turns":7}],"event_choices":[{"event_name":"Golden Idol","player_choice":"Lose Max HP","floor":5.0,"damage_taken":0.0},{"event_name":"World of Goop","player_choice":"Gather Gold","floor":8.0,"damage_taken":0.0},{"event_name":"Golden Wing","player_choice":"Ignored","floor":13.0,"damage_taken":0.0},{"event_name":"Shining Light","player_choice":"Entered Light","floor":14.0,"damage_taken":0.0},{"event_name":"Drug Dealer","player_choice":"Ignored","floor":21.0,"damage_taken":0.0},{"event_name":"Back to Basics","player_choice":"Simplicity","floor":28.0,"damage_taken":0.0},{"event_name":"The Mausoleum","player_choice":"Yes","floor":30.0,"damage_taken":0.0}],"boss_relics":[],"potions_floor_spawned":[3,4,6,10,16,18,24,31],"seed_played":"-7523439335362079832","killed_by":"Collector","ascension_level":7,"is_trial":false}