{"path_per_floor":["M","M","?","?","M","R","?","R","T","M","R","E","$","$","R","B",null,"M","?","M","M","M","R","E","R","T","R","?","$","M","M","R","B",null,"M","?","?","M","$","E","M","R","T","E","?","R","M","$","R"],"character_chosen":"THE_SILENT","items_purchased":["Footwork"],"gold_per_floor":[15,28,28,28,41,41,41,41,67,80,80,113,38,4,4,124,124,124,124,124,124,124,124,124,124,124,124,49,49,49,49,49,49,49,49,49,49,49,49,49,49,49,49,49,0,0,0,0,0],"floor_reached":50,"campfire_rested":3,"playtime":3075,"current_hp_per_floor":[61,53,53,53,47,47,47,47,47,47,68,57,57,57,57,59,67,70,70,70,57,59,59,42,63,63,63,63,63,64,66,66,53,66,68,68,68,59,59,28,38,59,59,65,65,65,67,67,67],"items_purged":["Injury"],"gold":0,"score":801,"play_id":"2cea4399-3ec5-4dab-8a10-50acfd4b22a2","local_time":"20180322190524","is_prod":false,"is_daily":false,"is_ascension_mode":true,"campfire_upgraded":8,"timestamp":1521763524,"path_taken":["M","M","?","?","M","R","?","R","T","?","R","E","?","$","R","BOSS","M","?","M","M","M","R","E","R","T","R","?","$","M","M","R","BOSS","M","?","?","?","$","E","?","R","T","E","?","R","M","?","R","BOSS"],"build_version":"2018-03-15v3","purchased_purges":1,"victory":false,"master_deck":["Survivor","Neutralize+1","Infinite Blades+1","Outmaneuver","After Image+1","Malaise+1","Caltrops+1","Tools of the Trade","Footwork+1","Envenom+1","PiercingWail+1","Calculated Gamble+1","Prepared","Burst+1","Backflip","Tactician+1","Deadly Poison","Expertise","Slice","Heel Hook","Dagger Spray","Acrobatics+1","Prepared","Reflex","Reflex+1","Underhanded Strike+1","Acrobatics+1"],"max_hp_per_floor":[70,70,70,70,70,70,70,70,70,70,70,70,70,70,70,70,70,70,70,70,70,70,70,70,70,70,70,70,70,70,70,70,70,70,70,70,70,70,70,70,70,70,70,70,70,70,70,70,70],"relics":["Ring of the Snake","Dead Branch","Golden Idol","Blood Vial","Toolbox","Ectoplasm","Sundial","Bag of Preparation","Pandora\u0027s Box","Frozen Egg 2","Bronze Scales","Bottled Lightning","Red Mask"],"card_choices":[{"not_picked":["Well Laid Plans","Noxious Fumes"],"picked":"Infinite Blades"},{"not_picked":["Eviscerate","Dodge and Roll"],"picked":"Outmaneuver"},{"not_picked":["Grand Finale","Setup"],"picked":"Malaise"},{"not_picked":["Cloak And Dagger","Flying Knee"],"picked":"Caltrops"},{"not_picked":["Catalyst","Flying Knee"],"picked":"Tools of the Trade"},{"not_picked":["Night Terror","After Image"],"picked":"Envenom"},{"not_picked":["Cloak And Dagger","Dagger Throw"],"picked":"PiercingWail"},{"not_picked":["Choke","Accuracy"],"picked":"Calculated Gamble"},{"not_picked":["Slice","Bane"],"picked":"Prepared"},{"not_picked":["Dagger Spray","Riddle With Holes"],"picked":"Burst"},{"not_picked":["Slice","Eviscerate"],"picked":"Backflip"},{"not_picked":["Burst","A Thousand Cuts"],"picked":"Tactician"},{"not_picked":["Outmaneuver","A Thousand Cuts"],"picked":"Reflex"},{"not_picked":["Eviscerate","Prepared"],"picked":"Reflex"},{"not_picked":["PiercingWail","Footwork"],"picked":"Underhanded Strike"},{"not_picked":["Outmaneuver","Riddle With Holes"],"picked":"Acrobatics"}],"player_experience":376990,"potions_floor_usage":[41,50,50,50],"damage_taken":[{"damage":2.0,"enemies":"Small Slimes","floor":1.0,"turns":5.0},{"damage":8.0,"enemies":"Cultist","floor":2.0,"turns":4.0},{"damage":6.0,"enemies":"2 Louse","floor":5.0,"turns":4.0},{"damage":2.0,"enemies":"Blue Slaver","floor":10.0,"turns":5.0},{"damage":13.0,"enemies":"Gremlin Nob","floor":12.0,"turns":5.0},{"damage":0.0,"enemies":"Hexaghost","floor":16.0,"turns":13.0},{"damage":0.0,"enemies":"Spheric Guardian","floor":18.0,"turns":4.0},{"damage":0.0,"enemies":"Shell Parasite","floor":20.0,"turns":5.0},{"damage":13.0,"enemies":"3 Cultists","floor":21.0,"turns":5.0},{"damage":0.0,"enemies":"Sentry and Sphere","floor":22.0,"turns":4.0},{"damage":19.0,"enemies":"Slavers","floor":24.0,"turns":9.0},{"damage":1.0,"enemies":"Chosen and Byrds","floor":30.0,"turns":7.0},{"damage":0.0,"enemies":"Snake Plant","floor":31.0,"turns":6.0},{"damage":15.0,"enemies":"Collector","floor":33.0,"turns":14.0},{"damage":0.0,"enemies":"Orb Walker","floor":35.0,"turns":3.0},{"damage":11,"enemies":"3 Shapes","floor":38,"turns":7},{"damage":33,"enemies":"2 Orb Walkers","floor":40,"turns":7},{"damage":7,"enemies":"3 Darklings","floor":41,"turns":5},{"damage":0,"enemies":"Nemesis","floor":44,"turns":7},{"damage":0,"enemies":"Maw","floor":47,"turns":5},{"damage":73,"enemies":"Time Eater","floor":50,"turns":8}],"event_choices":[{"event_name":"Transmorgrifier","player_choice":"Transform","floor":3.0,"damage_taken":0.0},{"event_name":"Living Wall","player_choice":"Grow","floor":4.0,"damage_taken":0.0},{"event_name":"Golden Idol","player_choice":"Take Wound","floor":7.0,"damage_taken":0.0},{"event_name":"Accursed Blacksmith","player_choice":"Forge","floor":19.0,"damage_taken":0.0},{"event_name":"Beggar","player_choice":"Gave Gold","floor":28.0,"damage_taken":0.0},{"event_name":"Match and Keep!","player_choice":"0 cards matched","floor":37.0,"damage_taken":0.0},{"event_name":"Tomb of Lord Red Mask","player_choice":"Paid","floor":45,"damage_taken":0}],"boss_relics":[],"potions_floor_spawned":[1,10,22,40,47],"seed_played":"4504174501232993290","killed_by":"Time Eater","ascension_level":7,"is_trial":false}