{"path_per_floor":["M","M","M","?","?","R","M","R","T","E","R","M","E","$","R","B",null,"M","$","M","M","M","R","E","R","T","R","?","?","M","E","R","B",null,"M","M","M","$","?","R","E","R","T","E","R","E","R","M","R","B"],"character_chosen":"THE_SILENT","items_purchased":["Kunai","Escape Plan","Adrenaline"],"gold_per_floor":[115,135,154,229,194,194,205,205,205,236,236,256,288,29,29,127,127,140,30,50,68,80,80,105,105,105,105,105,50,63,97,97,193,193,212,222,236,78,78,78,110,110,110,135,135,166,166,182,182,182],"floor_reached":51,"campfire_rested":1,"playtime":2077,"current_hp_per_floor":[57,52,52,41,58,58,57,57,57,32,53,50,55,55,55,39,62,62,62,58,44,34,42,42,52,52,62,62,62,61,60,70,69,70,69,68,58,58,58,68,55,65,65,64,70,60,70,70,70,46],"items_purged":["Strike_G"],"gold":182,"score":1035,"play_id":"a8ff7687-91f3-4d55-a0f4-97888f0e5122","local_time":"20180317164053","is_prod":false,"is_daily":false,"is_ascension_mode":true,"campfire_upgraded":9,"timestamp":1521322853,"path_taken":["M","M","M","?","?","R","M","R","T","E","R","M","E","$","R","BOSS","M","$","M","M","M","R","E","R","T","R","?","?","M","E","R","BOSS","M","M","M","$","?","R","E","R","T","E","R","E","R","M","R","BOSS"],"build_version":"2018-03-15v3","purchased_purges":1,"victory":true,"master_deck":["Defend_G+1","Defend_G+1","Defend_G+1","Defend_G+1","Defend_G+1","Strike_G+1","Strike_G+1","Strike_G+1","Survivor","Neutralize+1","PiercingWail","Backstab","Backflip","Dagger Spray+1","Tools of the Trade","Endless Agony+1","Calculated Gamble+1","A Thousand Cuts+1","Dash+1","Escape Plan","Dodge and Roll","Cloak And Dagger+1","Prepared+1","Leg Sweep+1","Backflip","Envenom+1","PiercingWail+1","Adrenaline+1","Outmaneuver+1","Backstab+1","Heel Hook+1"],"max_hp_per_floor":[70,70,70,70,70,70,70,70,70,70,70,70,70,70,70,70,70,70,70,70,70,70,70,70,70,70,70,70,70,70,70,70,70,70,70,70,70,70,70,70,70,70,70,70,70,70,70,70,70,70],"relics":["Runic Dome","Girya","Bronze Scales","Bag of Preparation","Kunai","Eternal Feather","Dodecahedron","Torii","Tiny Chest","Pen Nib","Omamori","Bottled Lightning","Happy Flower","Molten Egg 2"],"card_choices":[{"not_picked":["Poisoned Stab","Underhanded Strike"],"picked":"PiercingWail"},{"not_picked":["Acrobatics","Calculated Gamble"],"picked":"Backstab"},{"not_picked":["Poisoned Stab","Flying Knee"],"picked":"Backflip"},{"not_picked":["Deflect","Cloak And Dagger"],"picked":"Dagger Spray"},{"not_picked":["PiercingWail","Catalyst"],"picked":"Tools of the Trade"},{"not_picked":["Concentrate","PiercingWail"],"picked":"Endless Agony"},{"not_picked":["Deadly Poison","Finisher"],"picked":"Calculated Gamble"},{"not_picked":["Grand Finale","Tools of the Trade"],"picked":"A Thousand Cuts"},{"not_picked":["Dagger Throw","Accuracy"],"picked":"Dash"},{"not_picked":["Deadly Poison","Riddle With Holes"],"picked":"Dodge and Roll"},{"not_picked":["Bouncing Flask","Skewer"],"picked":"Cloak And Dagger"},{"not_picked":["Flying Knee","Dagger Spray"],"picked":"Prepared"},{"not_picked":["Die Die Die","Prepared"],"picked":"Leg Sweep"},{"not_picked":["Riddle With Holes","Poisoned Stab"],"picked":"Backflip"},{"not_picked":["A Thousand Cuts","Venomology"],"picked":"Envenom"},{"not_picked":["Riddle With Holes","Deadly Poison"],"picked":"PiercingWail"},{"not_picked":["Masterful Stab","Deflect"],"picked":"Outmaneuver"},{"not_picked":["Dodge and Roll","Sucker Punch"],"picked":"Backstab"},{"not_picked":["Wraith Form","Quick Slash"],"picked":"Heel Hook"}],"player_experience":363496,"potions_floor_usage":[13,16,18,24,31,48,50,50,50],"damage_taken":[{"damage":6,"enemies":"Jaw Worm","floor":1,"turns":5},{"damage":5,"enemies":"Small Slimes","floor":2,"turns":5},{"damage":0,"enemies":"Cultist","floor":3,"turns":3},{"damage":1,"enemies":"2 Fungi Beasts","floor":7,"turns":3},{"damage":25,"enemies":"Gremlin Nob","floor":10,"turns":5},{"damage":3,"enemies":"Blue Slaver","floor":12,"turns":3},{"damage":4,"enemies":"3 Sentries","floor":13,"turns":4},{"damage":16,"enemies":"Hexaghost","floor":16,"turns":10},{"damage":0,"enemies":"Spheric Guardian","floor":18,"turns":3},{"damage":4,"enemies":"3 Byrds","floor":20,"turns":3},{"damage":14,"enemies":"Snake Plant","floor":21,"turns":4},{"damage":10,"enemies":"Snecko","floor":22,"turns":6},{"damage":0,"enemies":"Gremlin Leader","floor":24,"turns":7},{"damage":1,"enemies":"3 Cultists","floor":30,"turns":4},{"damage":1,"enemies":"Book of Stabbing","floor":31,"turns":4},{"damage":1,"enemies":"Automaton","floor":33,"turns":9},{"damage":1,"enemies":"Orb Walker","floor":35,"turns":2},{"damage":1,"enemies":"3 Shapes","floor":36,"turns":3},{"damage":10,"enemies":"Maw","floor":37,"turns":8},{"damage":13,"enemies":"2 Orb Walkers","floor":41,"turns":5},{"damage":1,"enemies":"Nemesis","floor":44,"turns":6},{"damage":10,"enemies":"2 Orb Walkers","floor":46,"turns":5},{"damage":0,"enemies":"3 Darklings","floor":48,"turns":3},{"damage":39,"enemies":"Awakened One","floor":50,"turns":14}],"event_choices":[{"event_name":"World of Goop","player_choice":"Gather Gold","floor":4,"damage_taken":0},{"event_name":"The Cleric","player_choice":"Healed","floor":5,"damage_taken":0},{"event_name":"Back to Basics","player_choice":"Simplicity","floor":28,"damage_taken":0},{"event_name":"Addict","player_choice":"Obtained Relic","floor":29,"damage_taken":0},{"event_name":"Purifier","player_choice":"One Purge","floor":39,"damage_taken":0}],"boss_relics":[{"not_picked":["Calling Bell","Ectoplasm"],"picked":"Eternal Feather"},{"not_picked":["Snecko Eye","Runic Pyramid","Velvet Choker"]}],"potions_floor_spawned":[3,10,13,16,22,24,30,37,48],"seed_played":"-5089718125062650683","ascension_level":6,"is_trial":false}