{"path_per_floor":["M","?","M","?","?","E","?","M","T","R","$","R","M","E","R","B",null,"M","$","?","M","M","R","?","?","T","E","R","E","$","?","R"],"character_chosen":"THE_SILENT","items_purchased":["Cloak And Dagger","Infinite Blades","Secret Technique"],"gold_per_floor":[109,109,127,127,127,152,152,169,169,169,65,65,81,116,116,220,220,220,14,14,14,14,14,14,14,14,14,14,14,14,14,14],"floor_reached":33,"campfire_rested":1,"playtime":1290,"current_hp_per_floor":[63,56,56,61,61,61,61,61,61,61,61,61,53,42,64,37,66,66,66,66,57,53,53,53,53,53,50,50,57,57,57,57],"items_purged":[],"gold":14,"score":424,"play_id":"4bc8e558-a7df-4550-95aa-5069fb95ebbf","local_time":"20180317170238","is_prod":false,"is_daily":false,"is_ascension_mode":true,"campfire_upgraded":5,"timestamp":1521324158,"path_taken":["M","?","M","?","?","E","?","?","T","R","$","R","M","E","R","BOSS","M","$","?","M","M","R","?","?","T","E","R","E","$","?","R","BOSS"],"build_version":"2018-03-15v3","purchased_purges":0,"victory":false,"master_deck":["Defend_G","Defend_G","Defend_G","Defend_G","Strike_G","Strike_G","Strike_G","Strike_G","Survivor","Neutralize+1","Backflip","Finisher","Malaise+1","Flechettes","Cloak And Dagger+1","Infinite Blades","Cloak And Dagger","Night Terror","Burst","Backstab+1","Secret Technique+1","Predator+1","Acrobatics","Endless Agony","Skewer","Adrenaline+1","Sucker Punch","Backflip","Accuracy+1"],"max_hp_per_floor":[70,70,70,75,75,75,75,75,75,75,75,75,75,75,75,75,75,75,75,75,75,75,75,75,75,75,75,75,75,75,75,75],"relics":["Ring of the Snake","NeowsBlessing","Lantern","Happy Flower","Frozen Eye","Ancient Tea Set","Ectoplasm","Unceasing Top","Orichalcum","Art of War","Bag of Preparation"],"card_choices":[{"not_picked":["Underhanded Strike","Quick Slash"],"picked":"Backflip"},{"not_picked":["Expertise","Deflect"],"picked":"Finisher"},{"not_picked":["Dodge and Roll","Dagger Spray"],"picked":"Malaise"},{"not_picked":["Outmaneuver","Quick Slash"],"picked":"Flechettes"},{"not_picked":["Flechettes","Deadly Poison"],"picked":"Cloak And Dagger"},{"not_picked":["Flechettes","All Out Attack"],"picked":"Night Terror"},{"not_picked":["Doppelganger","Venomology"],"picked":"Burst"},{"not_picked":["Slice","Deadly Poison"],"picked":"Backstab"},{"not_picked":["Outmaneuver","Slice"],"picked":"Predator"},{"not_picked":["Bane","Dodge and Roll"],"picked":"Acrobatics"},{"not_picked":["Acrobatics","Skewer"],"picked":"Backflip"},{"not_picked":["Tactician","Cloak And Dagger"],"picked":"Accuracy"}],"player_experience":365573,"potions_floor_usage":[14,27,27,29],"damage_taken":[{"damage":0,"enemies":"2 Louse","floor":1,"turns":1},{"damage":0,"enemies":"Jaw Worm","floor":3,"turns":1},{"damage":0,"enemies":"Lagavulin","floor":6,"turns":1},{"damage":0,"enemies":"Cultist","floor":8,"turns":3},{"damage":8,"enemies":"Exordium Wildlife","floor":13,"turns":6},{"damage":11,"enemies":"Gremlin Nob","floor":14,"turns":4},{"damage":27,"enemies":"The Guardian","floor":16,"turns":13},{"damage":0,"enemies":"3 Byrds","floor":18,"turns":6},{"damage":9,"enemies":"Chosen","floor":21,"turns":6},{"damage":4,"enemies":"3 Cultists","floor":22,"turns":6},{"damage":3,"enemies":"Gremlin Leader","floor":27,"turns":11},{"damage":5,"enemies":"Book of Stabbing","floor":29,"turns":5},{"damage":64,"enemies":"Automaton","floor":33,"turns":12}],"event_choices":[{"event_name":"Golden Wing","player_choice":"Card Removal","floor":2,"damage_taken":0},{"event_name":"Big Fish","player_choice":"Donut","floor":4,"damage_taken":0},{"event_name":"Upgrade Shrine","player_choice":"Upgraded","floor":5,"damage_taken":0},{"event_name":"Dead Adventurer","player_choice":"Searched \u00272\u0027 times","floor":7,"damage_taken":0},{"event_name":"Drug Dealer","player_choice":"Ignored","floor":20,"damage_taken":0},{"event_name":"Transmorgrifier","player_choice":"Transform","floor":24,"damage_taken":0},{"event_name":"Match and Keep!","player_choice":"3 cards matched","floor":25,"damage_taken":0},{"event_name":"The Mausoleum","player_choice":"Yes","floor":31,"damage_taken":0}],"boss_relics":[{"not_picked":["Tiny House","The Specimen"],"picked":"Ectoplasm"}],"potions_floor_spawned":[8,13,14,18,21,27],"seed_played":"698430531405764524","killed_by":"Automaton","ascension_level":7,"is_trial":false}