{"path_per_floor":["M","$","?","?","M","R","E","R","T","M","R","?","R","M","R","B",null,"M","?","?","M","M","R","E","?","T","R","E","$","E","M","R","B",null,"M","M","?","?","$","E","R","E","T","M","R","E","M","?","R","B"],"character_chosen":"THE_SILENT","items_purchased":["Blur"],"gold_per_floor":[99,22,22,22,22,22,22,22,22,22,22,22,22,22,22,22,22,22,22,22,22,22,22,22,22,22,22,22,22,22,22,22,22,22,22,22,22,0,0,0,0,0,0,0,0,0,0,0,0,0],"floor_reached":51,"campfire_rested":2,"playtime":2636,"current_hp_per_floor":[70,70,56,56,56,56,49,49,49,49,49,49,49,49,49,13,65,65,65,65,58,61,61,61,61,61,61,48,48,39,30,49,34,65,56,55,55,55,55,4,23,29,29,37,37,36,44,57,57,36],"items_purged":[],"gold":0,"score":905,"play_id":"0a1d32a5-5e5d-44ea-87d5-ac36a03bc98d","local_time":"20180316010629","is_prod":false,"is_daily":false,"is_ascension_mode":true,"campfire_upgraded":9,"timestamp":1521183989,"path_taken":["M","$","?","?","?","R","E","R","T","M","R","?","R","M","R","BOSS","M","?","?","M","?","R","E","?","T","R","E","$","E","?","R","BOSS","M","M","?","?","$","E","R","E","T","?","R","E","M","?","R","BOSS"],"build_version":"2018-03-15","purchased_purges":0,"victory":true,"master_deck":["Defend_G+1","Defend_G","Defend_G+1","Strike_G+1","Strike_G+1","Strike_G","Survivor+1","Neutralize+1","Caltrops+1","Blur+1","Deadly Poison+1","Envenom+1","Infinite Blades+1","Blur+1","Envenom+1","Prepared+1","Backstab+1","Cloak And Dagger+1","Underhanded Strike+1","Acrobatics+1","Finisher+1","Catalyst+1","Backflip","Expertise+1","Prepared+1","Expertise+1","Quick Slash+1","Flying Knee+1","Deflect"],"max_hp_per_floor":[70,70,70,70,70,70,70,70,70,70,70,65,65,65,65,65,65,65,65,65,65,65,65,65,65,65,65,65,65,65,65,65,65,65,65,65,65,65,65,65,65,65,65,65,65,65,65,57,57,57],"relics":["Ectoplasm","Whetstone","Bronze Scales","Golden Idol","Astrolabe","Torii","Peace Pipe","War Paint","Snake Skull","Black Star","Red Mask","Girya","Bird Faced Urn","Thread and Needle","Ice Cream","Vajra","Tough Bandages","Ornamental Fan"],"card_choices":[{"not_picked":["Sucker Punch","Backstab"],"picked":"Caltrops"},{"not_picked":["Acrobatics","Dagger Spray"],"picked":"Deadly Poison"},{"not_picked":["Setup","All Out Attack"],"picked":"Envenom"},{"not_picked":["Heel Hook","Dodge and Roll"],"picked":"Infinite Blades"},{"not_picked":["PiercingWail","Deflect"],"picked":"Blur"},{"not_picked":["Glass Knife","Storm of Steel"],"picked":"Envenom"},{"not_picked":["Heel Hook","Quick Slash"],"picked":"Acrobatics"},{"not_picked":["Sucker Punch","Well Laid Plans"],"picked":"Finisher"},{"not_picked":["Prepared","Deflect"],"picked":"Catalyst"},{"not_picked":["PiercingWail","Dodge and Roll"],"picked":"Backflip"},{"not_picked":["Leg Sweep","Cloak And Dagger"],"picked":"Expertise"},{"not_picked":["Slice","Deadly Poison"],"picked":"Prepared"},{"not_picked":["Setup","Heel Hook"],"picked":"Expertise"},{"not_picked":["Dagger Throw","Sucker Punch"],"picked":"Quick Slash"},{"not_picked":["Sucker Punch","Deflect"],"picked":"Flying Knee"},{"not_picked":["Dodge and Roll","Deadly Poison"],"picked":"Deflect"}],"player_experience":545006,"potions_floor_usage":[22,28,28,33,40,50,50,50],"damage_taken":[{"damage":0,"enemies":"Small Slimes","floor":1,"turns":5},{"damage":0,"enemies":"Jaw Worm","floor":5,"turns":4},{"damage":7,"enemies":"Lagavulin","floor":7,"turns":8},{"damage":0,"enemies":"2 Louse","floor":10,"turns":3},{"damage":0,"enemies":"2 Fungi Beasts","floor":14,"turns":3},{"damage":36,"enemies":"Slime Boss","floor":16,"turns":11},{"damage":0,"enemies":"Chosen","floor":18,"turns":4},{"damage":7,"enemies":"Spheric Guardian","floor":21,"turns":5},{"damage":12,"enemies":"Centurion and Healer","floor":22,"turns":7},{"damage":0,"enemies":"Book of Stabbing","floor":24,"turns":4},{"damage":13,"enemies":"Slavers","floor":28,"turns":5},{"damage":9,"enemies":"Gremlin Leader","floor":30,"turns":5},{"damage":9,"enemies":"Snake Plant","floor":31,"turns":3},{"damage":15,"enemies":"Automaton","floor":33,"turns":9},{"damage":9,"enemies":"3 Darklings","floor":35,"turns":5},{"damage":1,"enemies":"Orb Walker","floor":36,"turns":3},{"damage":63,"enemies":"2 Orb Walkers","floor":40,"turns":5},{"damage":0,"enemies":"Giant Head","floor":42,"turns":6},{"damage":0,"enemies":"3 Darklings","floor":44,"turns":5},{"damage":9,"enemies":"Nemesis","floor":46,"turns":5},{"damage":0,"enemies":"Maw","floor":47,"turns":5},{"damage":29,"enemies":"Awakened One","floor":50,"turns":14}],"event_choices":[{"event_name":"Shining Light","player_choice":"Entered Light","floor":3,"damage_taken":0},{"event_name":"Living Wall","player_choice":"Grow","floor":4,"damage_taken":0},{"event_name":"Golden Idol","player_choice":"Lose Max HP","floor":12,"damage_taken":0},{"event_name":"Accursed Blacksmith","player_choice":"Forge","floor":19,"damage_taken":0},{"event_name":"The Library","player_choice":"Read","floor":20,"damage_taken":0},{"event_name":"Back to Basics","player_choice":"Elegance","floor":25,"damage_taken":0},{"event_name":"Upgrade Shrine","player_choice":"Upgraded","floor":37,"damage_taken":0},{"event_name":"Tomb of Lord Red Mask","player_choice":"Paid","floor":38,"damage_taken":0},{"event_name":"The Moai Head","player_choice":"Heal","floor":48,"damage_taken":0}],"boss_relics":[{"not_picked":["Runic Dome","Runic Pyramid"],"picked":"Astrolabe"},{"not_picked":["Lizard Tail","Philosopher\u0027s Stone"],"picked":"Black Star"}],"potions_floor_spawned":[1,5,21,22,24,33,35,36,42,47],"seed_played":"-1813694980557780472","ascension_level":1,"is_trial":false}