{"path_per_floor":["M","M","?","M","$","R","M","?","T","M","R","M","E","M","R"],"character_chosen":"THE_SILENT","items_purchased":[],"gold_per_floor":[109,121,121,134,134,134,151,151,177,132,132,113,139,156,156],"floor_reached":16,"campfire_rested":1,"playtime":830,"current_hp_per_floor":[70,70,70,66,66,66,53,53,53,53,53,45,25,19,40],"items_purged":[],"gold":156,"score":128,"play_id":"ce68a8e2-723e-49e8-910b-1685af8ac44d","local_time":"20180321005054","is_prod":false,"is_daily":false,"is_ascension_mode":true,"campfire_upgraded":2,"timestamp":1521607854,"path_taken":["M","?","?","M","$","R","M","?","T","M","R","M","E","?","R","BOSS"],"build_version":"2018-03-15v3","purchased_purges":1,"victory":false,"master_deck":["Defend_G","Defend_G","Defend_G","Defend_G","Defend_G","Strike_G","Strike_G","Strike_G","Survivor","Neutralize","Grand Finale","Backflip","PiercingWail","Footwork+1","Malaise","Dagger Spray+1","Quick Slash","Poisoned Stab","Backflip"],"max_hp_per_floor":[70,70,70,70,70,70,70,70,70,70,70,70,70,70,70],"relics":["Ring of the Snake","Bag of Marbles","Dream Catcher"],"card_choices":[{"not_picked":["Quick Slash","Prepared"],"picked":"Backflip"},{"not_picked":["Leg Sweep","Predator"],"picked":"PiercingWail"},{"not_picked":["All Out Attack","Cloak And Dagger"],"picked":"Malaise"},{"not_picked":["Concentrate","Bane"],"picked":"Dagger Spray"},{"not_picked":["Corpse Explosion","Infinite Blades"],"picked":"Quick Slash"},{"not_picked":["Dodge and Roll","Crippling Poison"],"picked":"Poisoned Stab"},{"not_picked":["Acrobatics","Choke"],"picked":"Backflip"}],"player_experience":398132,"potions_floor_usage":[16,16,16],"damage_taken":[{"damage":0,"enemies":"Cultist","floor":1,"turns":4},{"damage":0,"enemies":"Small Slimes","floor":2,"turns":5},{"damage":4,"enemies":"2 Louse","floor":4,"turns":4},{"damage":13,"enemies":"Gremlin Gang","floor":7,"turns":10},{"damage":0,"enemies":"Looter","floor":10,"turns":5},{"damage":8,"enemies":"Exordium Thugs","floor":12,"turns":4},{"damage":20,"enemies":"Gremlin Nob","floor":13,"turns":5},{"damage":6,"enemies":"3 Louse","floor":14,"turns":4},{"damage":43,"enemies":"The Guardian","floor":16,"turns":19}],"event_choices":[{"event_name":"Transmorgrifier","player_choice":"Transform","floor":3,"damage_taken":0},{"event_name":"Wheel of Change","player_choice":"Card Removal","floor":8,"damage_taken":0}],"boss_relics":[],"potions_floor_spawned":[1,4,13,14],"seed_played":"5160260304877068095","killed_by":"The Guardian","ascension_level":5,"is_trial":false}