{"path_per_floor":["M","M","?","M","M","R","M","$","T","R","?","E","$","?","R","B",null,"M","M","?","?","M","R","E","R","T"],"character_chosen":"THE_SILENT","items_purchased":["Escape Plan","Poison Potion","Calculated Gamble"],"gold_per_floor":[114,134,84,104,118,118,134,14,59,59,59,91,12,42,42,147,147,115,130,130,130,140,140,166,166,220],"floor_reached":27,"campfire_rested":4,"playtime":1057,"current_hp_per_floor":[63,62,62,59,49,49,38,38,38,59,59,33,33,33,54,6,54,32,31,31,31,29,50,32,53,53],"items_purged":[],"gold":220,"score":300,"play_id":"8f7e1c4e-2d18-4537-9a73-f613001cc245","local_time":"20180317160553","is_prod":false,"is_daily":false,"is_ascension_mode":true,"campfire_upgraded":1,"timestamp":1521320753,"path_taken":["M","M","?","M","M","R","M","$","T","R","?","E","?","?","R","BOSS","M","M","?","?","M","R","E","R","T","E"],"build_version":"2018-03-15v3","purchased_purges":0,"victory":false,"master_deck":["Defend_G+1","Defend_G+1","Defend_G+1","Defend_G+1","Strike_G+1","Strike_G+1","Strike_G+1","Strike_G+1","Survivor","Neutralize","Phantasmal Killer+1","Flying Knee","Caltrops","Escape Plan","PiercingWail","Calculated Gamble","Adrenaline","Blur","Riddle With Holes+1","Acrobatics","Slice+1"],"max_hp_per_floor":[70,70,70,70,70,70,70,70,70,70,70,70,70,70,70,70,70,70,70,70,70,70,70,70,70,70],"relics":["Black Star","Juzu Bracelet","Gambling Chip","Tingsha","Runic Dome","Kunai","Matryoshka","Anchor","Regal Pillow"],"card_choices":[{"not_picked":["Prepared","Underhanded Strike"],"picked":"Phantasmal Killer"},{"not_picked":["Acrobatics","Backflip"],"picked":"Flying Knee"},{"not_picked":["PiercingWail","Eviscerate"],"picked":"Caltrops"},{"not_picked":["Finisher","Deflect"],"picked":"PiercingWail"},{"not_picked":["Corpse Explosion","Glass Knife"],"picked":"Adrenaline"},{"not_picked":["Underhanded Strike","Concentrate"],"picked":"Blur"},{"not_picked":["Prepared","Accuracy"],"picked":"Riddle With Holes"},{"not_picked":["Noxious Fumes","Eviscerate"],"picked":"Acrobatics"},{"not_picked":["All Out Attack","Sucker Punch"],"picked":"Slice"}],"player_experience":362439,"potions_floor_usage":[12,16,19,24,27],"damage_taken":[{"damage":0,"enemies":"Jaw Worm","floor":1,"turns":5},{"damage":1,"enemies":"Small Slimes","floor":2,"turns":4},{"damage":3,"enemies":"Cultist","floor":4,"turns":5},{"damage":10,"enemies":"Red Slaver","floor":5,"turns":3},{"damage":11,"enemies":"Blue Slaver","floor":7,"turns":5},{"damage":26,"enemies":"3 Sentries","floor":12,"turns":9},{"damage":48,"enemies":"Slime Boss","floor":16,"turns":14},{"damage":22,"enemies":"2 Thieves","floor":18,"turns":5},{"damage":13,"enemies":"Shell Parasite","floor":19,"turns":7},{"damage":2,"enemies":"Snake Plant","floor":22,"turns":2},{"damage":18,"enemies":"Book of Stabbing","floor":24,"turns":5},{"damage":53,"enemies":"Gremlin Leader","floor":27,"turns":8}],"event_choices":[{"event_name":"The Cleric","player_choice":"Card Removal","floor":3,"damage_taken":0},{"event_name":"Bonfire Elementals","player_choice":"BASIC","floor":11,"damage_taken":0},{"event_name":"Dead Adventurer","player_choice":"Searched \u00272\u0027 times","floor":14,"damage_taken":0},{"event_name":"Back to Basics","player_choice":"Simplicity","floor":20,"damage_taken":0},{"event_name":"Drug Dealer","player_choice":"Ignored","floor":21,"damage_taken":0}],"boss_relics":[{"not_picked":["Eternal Feather","Calling Bell"],"picked":"Runic Dome"}],"potions_floor_spawned":[2,4,12,18,24],"seed_played":"3173920483543196407","killed_by":"Gremlin Leader","ascension_level":6,"is_trial":false}