{"path_per_floor":["M","$","M","?","M","E","$","M","T","M","T","R","?","M","R","B",null,"M","?","?","M","M","R","$","R","T","R","M","E","T","M","R","B",null,"M","?","M","$"],"character_chosen":"THE_SILENT","items_purchased":["Dash","Catalyst","Escape Plan","Dark Shackles"],"gold_per_floor":[115,81,96,46,60,90,15,33,87,101,127,127,127,140,140,235,235,248,173,173,189,199,199,60,60,60,60,75,107,107,124,124,221,221,241,241,258,7],"floor_reached":39,"campfire_rested":4,"playtime":1316,"current_hp_per_floor":[63,63,63,63,63,28,28,28,28,28,35,58,33,33,56,8,60,47,47,47,47,34,34,34,57,71,71,71,61,61,36,63,32,76,38,38,12,12],"items_purged":["Strike_G","Strike_G","Strike_G"],"gold":7,"score":600,"play_id":"66c78b60-9d12-46bd-b303-75e70bc975c4","local_time":"20180318124156","is_prod":false,"is_daily":false,"is_ascension_mode":true,"campfire_upgraded":2,"timestamp":1521394916,"path_taken":["M","?","M","?","?","E","$","M","T","M","?","R","?","M","R","BOSS","M","?","?","M","M","R","$","R","T","R","M","E","?","M","R","BOSS","M","?","M","?","M"],"build_version":"2018-03-15v3","purchased_purges":4,"victory":false,"master_deck":["Defend_G+1","Defend_G+1","Defend_G+1","Defend_G+1","Survivor","Neutralize","Backflip","Dash","Outmaneuver","Glass Knife+1","Leg Sweep","Flying Knee","Noxious Fumes","Phantasmal Killer","Dagger Spray","Bouncing Flask","Deadly Poison+1","Catalyst+1","Acrobatics","Acrobatics+1","Tactician","Deflect+1","Blur+1","Footwork","Outmaneuver+1","Catalyst+1","Bullet Time","Escape Plan","Dark Shackles"],"max_hp_per_floor":[70,70,70,70,70,70,70,70,70,70,77,77,77,77,77,77,77,77,77,77,77,77,77,77,77,91,91,91,91,91,91,91,91,91,91,91,91,91],"relics":["Ring of the Snake","NeowsBlessing","Ginger","Tiny Chest","Strawberry","Snake Skull","Philosopher\u0027s Stone","Mango","Bird Faced Urn","Dead Branch","Orrery"],"card_choices":[{"not_picked":["Finisher","Catalyst"],"picked":"Backflip"},{"not_picked":["Dodge and Roll","Calculated Gamble"],"picked":"Outmaneuver"},{"not_picked":["Sucker Punch","Setup"],"picked":"Glass Knife"},{"not_picked":["Deadly Poison","Concentrate"],"picked":"Leg Sweep"},{"not_picked":["Dodge and Roll","Escape Plan"],"picked":"Flying Knee"},{"not_picked":["Underhanded Strike","Crippling Poison"],"picked":"Noxious Fumes"},{"not_picked":["Unload","Bullet Time"],"picked":"Phantasmal Killer"},{"not_picked":["Prepared","Poisoned Stab"],"picked":"Dagger Spray"},{"not_picked":["Dagger Throw","Reflex"],"picked":"Bouncing Flask"},{"not_picked":["Heel Hook","Flying Knee"],"picked":"Deadly Poison"},{"not_picked":["Eviscerate","Dagger Throw"],"picked":"Acrobatics"},{"not_picked":["Bane","Underhanded Strike"],"picked":"Acrobatics"},{"not_picked":["Phantasmal Killer","Storm of Steel"],"picked":"Tactician"},{"not_picked":["Blade Dance","Sucker Punch"],"picked":"Deflect"},{"not_picked":["Flying Knee","Accuracy"],"picked":"Blur"},{"not_picked":["Poisoned Stab","Distraction"],"picked":"Footwork"},{"not_picked":["Reflex","Dagger Throw"],"picked":"Outmaneuver"},{"not_picked":["Outmaneuver","Setup"],"picked":"Catalyst"}],"player_experience":373375,"potions_floor_usage":[6,6,8,29,33,33,39],"damage_taken":[{"damage":0,"enemies":"Cultist","floor":1,"turns":1},{"damage":0,"enemies":"Jaw Worm","floor":3,"turns":1},{"damage":0,"enemies":"2 Louse","floor":5,"turns":1},{"damage":35,"enemies":"Gremlin Nob","floor":6,"turns":5},{"damage":0,"enemies":"Gremlin Gang","floor":8,"turns":3},{"damage":0,"enemies":"Blue Slaver","floor":10,"turns":4},{"damage":0,"enemies":"Large Slime","floor":14,"turns":7},{"damage":48,"enemies":"Hexaghost","floor":16,"turns":13},{"damage":13,"enemies":"Shell Parasite","floor":18,"turns":6},{"damage":0,"enemies":"3 Byrds","floor":21,"turns":4},{"damage":13,"enemies":"Snake Plant","floor":22,"turns":5},{"damage":0,"enemies":"Snecko","floor":28,"turns":3},{"damage":10,"enemies":"Gremlin Leader","floor":29,"turns":6},{"damage":27,"enemies":"Centurion and Healer","floor":31,"turns":6},{"damage":33,"enemies":"Automaton","floor":33,"turns":9},{"damage":42,"enemies":"3 Darklings","floor":35,"turns":6},{"damage":30,"enemies":"3 Shapes","floor":37,"turns":4},{"damage":26,"enemies":"Sphere and 2 Shapes","floor":39,"turns":3}],"event_choices":[{"event_name":"The Cleric","player_choice":"Card Removal","floor":4,"damage_taken":0},{"event_name":"Scrap Ooze","player_choice":"success","floor":13,"damage_taken":25},{"event_name":"Beggar","player_choice":"Gave Gold","floor":19,"damage_taken":0},{"event_name":"Back to Basics","player_choice":"Simplicity","floor":20,"damage_taken":0},{"event_name":"Transmorgrifier","player_choice":"Transform","floor":36,"damage_taken":0}],"boss_relics":[{"not_picked":["Black Star","Ectoplasm"],"picked":"Philosopher\u0027s Stone"},{"not_picked":["Runic Dome","Tiny House"],"picked":"Orrery"}],"potions_floor_spawned":[1,5,6,8,21,28,31,33,37],"seed_played":"-8641293821470435771","killed_by":"Sphere and 2 Shapes","ascension_level":7,"is_trial":false}