{"path_per_floor":["M","M","?","$","$","R","M","M","T","R","M","R","M","M","R","B",null,"M","?","?","$","T","R","E","R","T","R","E","?","?","?","R","B",null,"M","$","M","T","M","R","M","?","T","E","R","M","R","M","R","B"],"character_chosen":"THE_SILENT","items_purchased":["Terror","Vajra"],"gold_per_floor":[10,29,29,29,29,29,44,62,62,62,77,77,90,101,101,205,205,223,148,63,25,25,25,54,54,54,54,80,80,80,80,80,178,178,194,37,54,54,73,73,86,0,0,29,29,39,39,57,57,57],"floor_reached":51,"campfire_rested":2,"playtime":1919,"current_hp_per_floor":[61,57,57,57,57,57,57,40,40,40,39,39,37,39,60,36,62,61,61,61,61,61,61,41,41,41,41,44,44,44,70,70,36,62,47,47,43,57,59,59,61,61,61,47,47,49,74,70,70,42],"items_purged":[],"gold":57,"score":932,"play_id":"fb7051fe-de1d-4296-b1a6-59d6ec1dcd4a","local_time":"20180323175554","is_prod":false,"is_daily":false,"is_ascension_mode":true,"campfire_upgraded":3,"timestamp":1521845754,"path_taken":["M","M","?","?","$","R","M","M","T","R","M","R","M","?","R","BOSS","M","?","?","$","?","R","E","R","T","R","E","?","?","?","R","BOSS","M","$","M","?","M","R","M","?","T","E","R","M","R","M","R","BOSS"],"build_version":"2018-03-22v2","purchased_purges":0,"victory":true,"master_deck":["Defend_G+1","Defend_G+1","Defend_G+1","Defend_G+1","Strike_G+1","Strike_G+1","Strike_G+1","Strike_G+1","Survivor","Neutralize","Bouncing Flask","Footwork","Caltrops","Backflip","Blade Dance+1","Cloak And Dagger+1","After Image","Finisher+1","Terror","Cloak And Dagger+1","Infinite Blades","Writhe","Envenom+1","Acrobatics+1","Infinite Blades+1","Slice+1","Die Die Die+1","Sucker Punch+1","Leg Sweep","After Image","Leg Sweep+1","Terror+1","PiercingWail+1"],"max_hp_per_floor":[70,70,70,70,70,70,70,70,70,70,70,70,70,70,70,70,70,70,70,70,70,70,70,70,70,70,70,70,70,70,70,70,70,70,70,70,70,84,84,84,84,84,84,84,84,84,84,84,84,84],"relics":["Ring of the Snake","Shovel","Molten Egg 2","Unceasing Top","Kunai","Meat on the Bone","Sozu","Ninja Scroll","Oddly Smooth Stone","Gambling Chip","Prayer Wheel","Juzu Bracelet","Blood Vial","Anchor","Ancient Tea Set","Orrery","Vajra","Mango","Red Mask","Du-Vu Doll","Bronze Scales","Thread and Needle","Snake Skull"],"card_choices":[{"not_picked":["Choke","Skewer"],"picked":"Bouncing Flask","floor":1.0},{"not_picked":["Acrobatics","Eviscerate"],"picked":"Caltrops","floor":7.0},{"not_picked":["Bane","Dodge and Roll"],"picked":"Backflip","floor":11.0},{"not_picked":["Backflip","Bouncing Flask"],"picked":"Blade Dance","floor":13.0},{"not_picked":["Underhanded Strike","PiercingWail"],"picked":"Cloak And Dagger","floor":14.0},{"not_picked":["Bullet Time","A Thousand Cuts"],"picked":"After Image","floor":16.0},{"not_picked":["Quick Slash","Noxious Fumes"],"picked":"Finisher","floor":18.0},{"not_picked":["Deflect","Quick Slash"],"picked":"Cloak And Dagger","floor":26},{"not_picked":["Slice","Cloak And Dagger"],"picked":"Infinite Blades","floor":28},{"not_picked":["Bullet Time","A Thousand Cuts"],"picked":"Envenom","floor":33},{"not_picked":["Bane","Setup"],"picked":"Acrobatics","floor":34},{"not_picked":["Dagger Throw","Dagger Spray"],"picked":"Infinite Blades","floor":34},{"not_picked":["Flying Knee","Deflect"],"picked":"Slice","floor":34},{"not_picked":["Poisoned Stab","Expertise"],"picked":"Die Die Die","floor":34},{"not_picked":["Prepared","Underhanded Strike"],"picked":"Sucker Punch","floor":35},{"not_picked":["Outmaneuver","Dagger Spray"],"picked":"Leg Sweep","floor":37},{"not_picked":["Deadly Poison","Slice"],"picked":"After Image","floor":38},{"not_picked":["Infinite Blades","Acrobatics"],"picked":"Leg Sweep","floor":39},{"not_picked":["Bouncing Flask","Skewer"],"picked":"Terror","floor":41},{"not_picked":["Backflip","Skewer"],"picked":"PiercingWail","floor":46}],"player_experience":382258,"potions_floor_usage":[50],"damage_taken":[{"damage":2.0,"enemies":"2 Louse","floor":1.0,"turns":4.0},{"damage":4.0,"enemies":"Small Slimes","floor":2.0,"turns":5.0},{"damage":0.0,"enemies":"Cultist","floor":7.0,"turns":4.0},{"damage":17.0,"enemies":"Exordium Thugs","floor":8.0,"turns":6.0},{"damage":1.0,"enemies":"Red Slaver","floor":11.0,"turns":6.0},{"damage":2.0,"enemies":"Looter","floor":13.0,"turns":4.0},{"damage":10.0,"enemies":"Exordium Thugs","floor":14.0,"turns":8.0},{"damage":36.0,"enemies":"Hexaghost","floor":16.0,"turns":13.0},{"damage":1.0,"enemies":"Spheric Guardian","floor":18.0,"turns":7.0},{"damage":32,"enemies":"Slavers","floor":24,"turns":8},{"damage":11,"enemies":"Book of Stabbing","floor":28,"turns":5},{"damage":34,"enemies":"Automaton","floor":33,"turns":9},{"damage":17,"enemies":"Orb Walker","floor":35,"turns":3},{"damage":6,"enemies":"3 Darklings","floor":37,"turns":4},{"damage":0,"enemies":"4 Shapes","floor":39,"turns":6},{"damage":0,"enemies":"Sphere and 2 Shapes","floor":41,"turns":3},{"damage":16,"enemies":"Nemesis","floor":44,"turns":7},{"damage":0,"enemies":"3 Darklings","floor":46,"turns":3},{"damage":6,"enemies":"Maw","floor":48,"turns":6},{"damage":42,"enemies":"Donu and Deca","floor":50,"turns":7}],"event_choices":[{"event_name":"Living Wall","player_choice":"Change","floor":3.0,"damage_taken":0.0},{"event_name":"Beggar","player_choice":"Gave Gold","floor":19.0,"damage_taken":0.0},{"event_name":"Addict","player_choice":"Obtained Relic","floor":20.0,"damage_taken":0.0},{"event_name":"Back to Basics","player_choice":"Simplicity","floor":29,"damage_taken":0},{"event_name":"The Mausoleum","player_choice":"Yes","floor":30,"damage_taken":0},{"event_name":"Wheel of Change","player_choice":"Full Heal","floor":31,"damage_taken":0},{"event_name":"Tomb of Lord Red Mask","player_choice":"Paid","floor":42,"damage_taken":0}],"boss_relics":[{"not_picked":["White Beast Statue","Calling Bell"],"picked":"Orrery"}],"potions_floor_spawned":[1,2,11,13,14,28,33,35,41],"seed_played":"4869134895796487687","ascension_level":7,"is_trial":false}