{"path_per_floor":["M","?","$","M","?","R","M","E","T","R","M","M","$","M","R","B",null,"M","$","?","M","M","R","$","M","T","M","$","M","M","M","R","B",null,"M","?","M","$","M","E","M","?","T"],"character_chosen":"THE_SILENT","items_purchased":["Noxious Fumes","Backflip","Blur"],"gold_per_floor":[111,186,111,129,129,129,139,174,249,249,267,282,59,72,72,169,169,180,55,55,65,75,75,38,48,48,62,62,73,89,102,102,205,205,221,221,234,84,97,122,141,141,167,167],"floor_reached":44,"campfire_rested":2,"playtime":2566,"current_hp_per_floor":[63,52,52,52,52,52,52,27,27,48,41,37,37,34,34,15,56,51,51,51,51,51,51,51,51,51,51,51,28,13,10,31,30,60,43,43,39,39,38,5,5,5,5,0],"items_purged":["Strike_G","Strike_G","Strike_G","Strike_G"],"gold":167,"score":602,"play_id":"6807c773-4eeb-4633-acdf-2a2822fdb222","local_time":"20180331174639","is_prod":false,"is_daily":false,"is_ascension_mode":true,"campfire_upgraded":3,"timestamp":1522532799,"path_taken":["M","?","$","?","?","R","M","E","T","R","M","M","$","M","R","BOSS","M","$","?","M","M","R","$","M","T","M","$","M","M","?","R","BOSS","M","?","?","$","M","E","M","?","T","M"],"build_version":"2018-03-29v2","purchased_purges":4,"victory":false,"master_deck":["Defend_G","Defend_G","Defend_G","Defend_G","Defend_G","Survivor","Neutralize","Bouncing Flask+1","Dagger Spray","Well Laid Plans","Flying Knee","Flying Knee","PiercingWail","Backstab","Envenom+1","PiercingWail","Leg Sweep","Noxious Fumes+1","Backflip","Adrenaline","Footwork+1","Bane+1","Blur","Infinite Blades+1","Blur","Terror+1","Adrenaline","Footwork"],"max_hp_per_floor":[70,70,70,70,70,70,70,70,70,70,70,70,70,70,70,70,70,70,70,70,70,70,70,70,70,70,70,70,70,70,70,70,70,70,70,70,70,70,70,72,74,74,74,74],"relics":["Orrery","Bag of Preparation","Shuriken","Sozu","Thread and Needle","The Specimen","Singing Bowl","Bag of Marbles"],"card_choices":[{"not_picked":["Outmaneuver","Prepared"],"picked":"Bouncing Flask","floor":0},{"not_picked":["Dagger Throw","Expertise"],"picked":"Dagger Spray","floor":0},{"not_picked":["Deflect","PiercingWail"],"picked":"Well Laid Plans","floor":0},{"not_picked":["Prepared","Venomology"],"picked":"Flying Knee","floor":0},{"not_picked":["Eviscerate","Setup"],"picked":"Flying Knee","floor":0},{"not_picked":["Skewer","Slice"],"picked":"PiercingWail","floor":1},{"not_picked":["Slice","Flechettes"],"picked":"Backstab","floor":4},{"not_picked":["Masterful Stab","Prepared"],"picked":"Envenom","floor":7},{"not_picked":["Quick Slash","Dodge and Roll"],"picked":"PiercingWail","floor":11},{"not_picked":["Poisoned Stab","Deadly Poison"],"picked":"Leg Sweep","floor":12},{"not_picked":["Storm of Steel","After Image"],"picked":"Adrenaline","floor":16},{"not_picked":["Dash","Catalyst"],"picked":"Footwork","floor":18},{"not_picked":["Prepared","Riddle With Holes"],"picked":"Bane","floor":22},{"not_picked":["Crippling Poison","Deadly Poison"],"picked":"Infinite Blades","floor":29},{"not_picked":["Envenom","Calculated Gamble"],"picked":"Blur","floor":30},{"not_picked":["PiercingWail","Deflect"],"picked":"Terror","floor":31},{"not_picked":["After Image","Unload"],"picked":"Adrenaline","floor":33},{"not_picked":["Flying Knee","Crippling Poison"],"picked":"Footwork","floor":39}],"player_experience":474646,"potions_floor_usage":[12,14,33],"damage_taken":[{"damage":0,"enemies":"2 Louse","floor":1,"turns":2},{"damage":0,"enemies":"Jaw Worm","floor":4,"turns":4},{"damage":0,"enemies":"Cultist","floor":7,"turns":2},{"damage":25,"enemies":"Lagavulin","floor":8,"turns":6},{"damage":7,"enemies":"Large Slime","floor":11,"turns":4},{"damage":4,"enemies":"Gremlin Gang","floor":12,"turns":3},{"damage":3,"enemies":"Exordium Wildlife","floor":14,"turns":5},{"damage":19,"enemies":"Hexaghost","floor":16,"turns":9},{"damage":5,"enemies":"Shell Parasite","floor":18,"turns":6},{"damage":0,"enemies":"Spheric Guardian","floor":21,"turns":4},{"damage":0,"enemies":"Centurion and Healer","floor":22,"turns":8},{"damage":0,"enemies":"Chosen and Byrds","floor":25,"turns":6},{"damage":0,"enemies":"3 Cultists","floor":27,"turns":4},{"damage":23,"enemies":"Cultist and Chosen","floor":29,"turns":7},{"damage":15,"enemies":"Slaver and Parasite","floor":30,"turns":8},{"damage":3,"enemies":"3 Cultists","floor":31,"turns":7},{"damage":1,"enemies":"Collector","floor":33,"turns":8},{"damage":17,"enemies":"3 Darklings","floor":35,"turns":7},{"damage":4,"enemies":"3 Shapes","floor":37,"turns":6},{"damage":1,"enemies":"Maw","floor":39,"turns":7},{"damage":35,"enemies":"Giant Head","floor":40,"turns":10},{"damage":2,"enemies":"3 Darklings","floor":41,"turns":7},{"damage":6,"enemies":"Sphere and 2 Shapes","floor":44,"turns":3}],"event_choices":[{"event_name":"World of Goop","player_choice":"Gather Gold","floor":2,"damage_taken":0},{"event_name":"Purifier","player_choice":"One Purge","floor":5,"damage_taken":0},{"event_name":"Cursed Tome","player_choice":"Ignored","floor":20,"damage_taken":0},{"event_name":"Tomb of Lord Red Mask","player_choice":"Ignored","floor":36,"damage_taken":0},{"event_name":"Accursed Blacksmith","player_choice":"Forge","floor":42,"damage_taken":0}],"boss_relics":[{"not_picked":["Astrolabe","Ectoplasm"],"picked":"Sozu"},{"not_picked":["Snecko Eye","Black Star"],"picked":"The Specimen"}],"potions_floor_spawned":[4,8,16,22,27,30,31,39,41],"seed_played":"71121691024819268","killed_by":"Sphere and 2 Shapes","ascension_level":7,"is_trial":false}