{"path_per_floor":["M","M","?","$","M","E","M","R","T","?","R","M","?","M","R","B",null,"M","M","M","$","M","R","M","R","T","R","$","R","M","?","R","B",null,"M","?","?","M","M","?","E","M","T","R","M","?","E","M","R"],"character_chosen":"THE_SILENT","items_purchased":["Sadistic Nature"],"gold_per_floor":[148,162,162,87,104,130,148,148,148,223,223,239,204,214,214,317,317,317,317,317,26,26,26,26,26,26,26,26,26,26,26,26,26,26,26,26,0,0,0,0,0,0,0,0,0,0,0,0,0,0],"floor_reached":50,"campfire_rested":6,"playtime":2898,"current_hp_per_floor":[75,74,59,59,59,47,38,38,38,27,49,30,48,45,45,23,62,60,58,45,45,33,33,17,39,39,61,61,61,46,32,56,35,69,59,49,49,49,46,46,32,21,21,57,28,70,56,41,70,0],"items_purged":["Strike_G","Strike_G"],"gold":0,"score":690,"play_id":"03428cdd-8fd9-4853-9737-50304b09fd08","local_time":"20180326233601","is_prod":false,"is_daily":false,"is_ascension_mode":true,"campfire_upgraded":4,"timestamp":1522121761,"path_taken":["M","M","?","$","M","E","M","R","T","?","R","?","?","M","R","BOSS","M","?","M","$","M","R","M","R","T","R","$","R","?","?","R","BOSS","M","?","?","M","?","?","E","M","T","R","M","?","E","M","R","BOSS"],"build_version":"2018-03-22v2","purchased_purges":2,"victory":false,"master_deck":["Defend_G","Defend_G+1","Defend_G","Defend_G","Defend_G","Strike_G","Strike_G","Strike_G","Survivor","Neutralize+1","Cloak And Dagger+1","Backflip","Noxious Fumes+1","Bane","All Out Attack","Sucker Punch","Bouncing Flask+1","Corpse Explosion","Backflip+1","Dagger Throw","PiercingWail","Sadistic Nature","Footwork+1","Blur+1","Backflip+1","After Image","Backflip+1","Madness+1","Madness+1","Catalyst+1","Catalyst+1"],"max_hp_per_floor":[75,75,75,75,75,75,75,75,75,75,75,75,75,75,75,75,75,75,75,75,75,75,75,75,75,75,75,75,75,75,80,80,80,80,80,80,80,80,80,80,80,80,80,80,80,70,70,70,70,70],"relics":["Tiny House","Omamori","Tingsha","Ectoplasm","Toxic Egg 2","Eternal Feather","Red Mask","Snake Skull","Anchor","Paper Crane"],"card_choices":[{"not_picked":["PiercingWail","Bane"],"picked":"Cloak And Dagger","floor":0},{"not_picked":["Cloak And Dagger","Quick Slash"],"picked":"Backflip","floor":1},{"not_picked":["Deadly Poison","Eviscerate"],"picked":"Noxious Fumes","floor":2},{"not_picked":["Quick Slash","Concentrate"],"picked":"Bane","floor":5},{"not_picked":["Tactician","Outmaneuver"],"picked":"All Out Attack","floor":6},{"not_picked":["Eviscerate","Slice"],"picked":"Bane","floor":7},{"not_picked":["Prepared","Concentrate"],"picked":"Sucker Punch","floor":12},{"not_picked":["Deflect","Accuracy"],"picked":"Bouncing Flask","floor":14},{"not_picked":["Glass Knife","A Thousand Cuts"],"picked":"Corpse Explosion","floor":16},{"not_picked":["Bane","Flying Knee"],"picked":"Backflip","floor":18},{"not_picked":["Flying Knee","Infinite Blades"],"picked":"Dagger Throw","floor":19},{"not_picked":["Skewer","Flying Knee"],"picked":"PiercingWail","floor":20},{"not_picked":["Noxious Fumes","Flying Knee"],"picked":"Footwork","floor":22},{"not_picked":["Quick Slash","Storm of Steel"],"picked":"Blur","floor":24},{"not_picked":["Eviscerate","Bane"],"picked":"Backflip","floor":30},{"not_picked":["Grand Finale","Night Terror"],"picked":"After Image","floor":33},{"not_picked":["PiercingWail","Expertise"],"picked":"Backflip","floor":35},{"not_picked":["Endless Agony","Setup"],"picked":"Catalyst","floor":41},{"not_picked":["Bouncing Flask","Deflect"],"picked":"Catalyst","floor":45}],"player_experience":442917,"potions_floor_usage":[20,24,33,39,45,50,50,50],"damage_taken":[{"damage":0,"enemies":"2 Louse","floor":1,"turns":5},{"damage":1,"enemies":"Jaw Worm","floor":2,"turns":5},{"damage":0,"enemies":"Small Slimes","floor":5,"turns":4},{"damage":12,"enemies":"3 Sentries","floor":6,"turns":8},{"damage":9,"enemies":"Exordium Thugs","floor":7,"turns":4},{"damage":19,"enemies":"Lots of Slimes","floor":12,"turns":3},{"damage":3,"enemies":"2 Fungi Beasts","floor":14,"turns":3},{"damage":22,"enemies":"The Guardian","floor":16,"turns":8},{"damage":2,"enemies":"3 Byrds","floor":18,"turns":4},{"damage":2,"enemies":"Chosen","floor":19,"turns":5},{"damage":13,"enemies":"3 Cultists","floor":20,"turns":6},{"damage":12,"enemies":"Centurion and Healer","floor":22,"turns":7},{"damage":16,"enemies":"Sentry and Sphere","floor":24,"turns":6},{"damage":15,"enemies":"Chosen and Byrds","floor":30,"turns":7},{"damage":30,"enemies":"Automaton","floor":33,"turns":9},{"damage":10,"enemies":"Orb Walker","floor":35,"turns":4},{"damage":0,"enemies":"3 Shapes","floor":38,"turns":5},{"damage":18,"enemies":"Maw","floor":39,"turns":8},{"damage":14,"enemies":"Nemesis","floor":41,"turns":11},{"damage":11,"enemies":"3 Darklings","floor":42,"turns":5},{"damage":29,"enemies":"Sphere and 2 Shapes","floor":45,"turns":7},{"damage":14,"enemies":"Giant Head","floor":47,"turns":8},{"damage":15,"enemies":"Maw","floor":48,"turns":5},{"damage":86,"enemies":"Time Eater","floor":50,"turns":13}],"event_choices":[{"event_name":"Shining Light","player_choice":"Entered Light","floor":3,"damage_taken":0},{"event_name":"World of Goop","player_choice":"Gather Gold","floor":10,"damage_taken":0},{"event_name":"The Cleric","player_choice":"Healed","floor":13,"damage_taken":0},{"event_name":"Forgotten Altar","player_choice":"Shed Blood","floor":31,"damage_taken":0},{"event_name":"Winding Halls","player_choice":"Embrace Madness","floor":36,"damage_taken":0},{"event_name":"Tomb of Lord Red Mask","player_choice":"Paid","floor":37,"damage_taken":0},{"event_name":"The Moai Head","player_choice":"Heal","floor":46,"damage_taken":0}],"boss_relics":[{"not_picked":["Runic Dome","Philosopher\u0027s Stone"],"picked":"Ectoplasm"},{"not_picked":["Lizard Tail","Velvet Choker"],"picked":"Eternal Feather"}],"potions_floor_spawned":[5,7,14,19,20,24,35,45,48],"seed_played":"-1245848216312159448","killed_by":"Time Eater","ascension_level":5,"is_trial":false}