{"path_per_floor":["M","?","$","M","?","M","M","$","T","E","?","M","M","M","R","B",null,"M","?","$","?","M","R","M","R","T","R","?","M","$"],"character_chosen":"THE_SILENT","items_purchased":["Apotheosis","Dodge and Roll"],"gold_per_floor":[116,191,2,15,15,30,46,46,72,100,100,116,136,152,152,256,256,272,272,197,112,94,94,107,107,107,107,107,124,74,74],"floor_reached":31,"campfire_rested":3,"playtime":1210,"current_hp_per_floor":[66,55,55,51,44,42,42,42,42,19,19,9,7,2,38,6,54,36,36,36,36,23,59,36,70,70,70,70,39,39,0],"items_purged":["Writhe"],"gold":74,"score":296,"play_id":"866a6465-3467-4636-a409-d400968898ed","local_time":"20180326223804","is_prod":false,"is_daily":false,"is_ascension_mode":true,"campfire_upgraded":0,"timestamp":1522118284,"path_taken":["M","?","$","M","?","M","M","?","T","E","?","?","M","M","R","BOSS","M","?","?","?","?","R","M","R","T","R","?","?","$","?"],"build_version":"2018-03-22v2","purchased_purges":1,"victory":false,"master_deck":["Defend_G","Defend_G","Defend_G","Defend_G","Defend_G","Strike_G","Strike_G","Strike_G","Strike_G","Survivor","Neutralize","Flying Knee","Apotheosis","PiercingWail","Backflip","Heel Hook","Sucker Punch","Concentrate","PiercingWail","Dagger Spray","Storm of Steel","Malaise+1","Predator","Dodge and Roll"],"max_hp_per_floor":[70,70,70,70,70,70,70,70,70,70,70,70,70,70,70,70,70,70,70,70,70,70,70,70,70,70,70,70,72,72,72],"relics":["Runic Pyramid","Regal Pillow","Ancient Tea Set","Cursed Key","Meat on the Bone","Singing Bowl","Girya"],"card_choices":[{"not_picked":["Caltrops","Prepared"],"picked":"Flying Knee","floor":1},{"not_picked":["Cloak And Dagger","Bouncing Flask"],"picked":"PiercingWail","floor":4},{"not_picked":["Sucker Punch","Cloak And Dagger"],"picked":"Backflip","floor":6},{"not_picked":["Tools of the Trade","Masterful Stab"],"picked":"Heel Hook","floor":7},{"not_picked":["Slice","Poisoned Stab"],"picked":"Sucker Punch","floor":10},{"not_picked":["Prepared","Deadly Poison"],"picked":"Concentrate","floor":12},{"not_picked":["Distraction","Dodge and Roll"],"picked":"PiercingWail","floor":13},{"not_picked":["PiercingWail","Quick Slash"],"picked":"Dagger Spray","floor":14},{"not_picked":["Grand Finale","Glass Knife"],"picked":"Storm of Steel","floor":16},{"not_picked":["Flying Knee","Blade Dance"],"picked":"Malaise","floor":22},{"not_picked":["Slice","Finisher"],"picked":"Predator","floor":24}],"player_experience":441707,"potions_floor_usage":[14,16],"damage_taken":[{"damage":4,"enemies":"Small Slimes","floor":1,"turns":5},{"damage":4,"enemies":"2 Louse","floor":4,"turns":4},{"damage":2,"enemies":"Jaw Worm","floor":6,"turns":4},{"damage":0,"enemies":"2 Fungi Beasts","floor":7,"turns":4},{"damage":23,"enemies":"3 Sentries","floor":10,"turns":12},{"damage":10,"enemies":"Exordium Wildlife","floor":12,"turns":7},{"damage":2,"enemies":"Large Slime","floor":13,"turns":7},{"damage":5,"enemies":"Exordium Thugs","floor":14,"turns":7},{"damage":47,"enemies":"Slime Boss","floor":16,"turns":14},{"damage":18,"enemies":"Shell Parasite","floor":18,"turns":7},{"damage":25,"enemies":"2 Thieves","floor":22,"turns":4},{"damage":23,"enemies":"Centurion and Healer","floor":24,"turns":8},{"damage":45,"enemies":"Slaver and Parasite","floor":29,"turns":8},{"damage":39,"enemies":"Sentry and Sphere","floor":31,"turns":5}],"event_choices":[{"event_name":"World of Goop","player_choice":"Gather Gold","floor":2,"damage_taken":0},{"event_name":"Golden Wing","player_choice":"Card Removal","floor":5,"damage_taken":0},{"event_name":"The Woman in Blue","player_choice":"Bought 0 Potions","floor":11,"damage_taken":0},{"event_name":"The Mausoleum","player_choice":"Yes","floor":19,"damage_taken":0},{"event_name":"Addict","player_choice":"Obtained Relic","floor":21,"damage_taken":0},{"event_name":"Back to Basics","player_choice":"Elegance","floor":28,"damage_taken":0}],"boss_relics":[{"not_picked":["Orrery","White Beast Statue"],"picked":"Cursed Key"}],"potions_floor_spawned":[1,7,10,12,14,16,22,29],"seed_played":"-4563875449521588988","killed_by":"Sentry and Sphere","ascension_level":5,"is_trial":false}