{"path_per_floor":["M","M","?","?","?","R","M","R","T","$","M","$","R","M","R","B",null,"M","$","?","M","M","R","M","M","T","T","M","?","$","M","R"],"character_chosen":"THE_SILENT","items_purchased":["Ice Cream"],"gold_per_floor":[116,130,130,130,130,130,144,144,215,140,157,57,57,75,75,174,204,224,99,14,31,50,50,66,83,83,383,397,322,18,34,34,34],"floor_reached":33,"campfire_rested":1,"playtime":1609,"current_hp_per_floor":[63,63,49,49,49,49,40,40,40,40,40,40,40,40,40,32,66,58,58,68,68,68,68,67,62,62,62,40,40,40,32,57,0],"items_purged":["Strike_G","Strike_G","Strike_G"],"gold":34,"score":336,"play_id":"db387d4a-3cf4-4473-a2a7-0d1f61b024cf","local_time":"20180327230442","is_prod":false,"is_daily":false,"is_ascension_mode":true,"campfire_upgraded":5,"timestamp":1522206282,"path_taken":["M","M","?","?","?","R","M","R","T","$","M","?","R","M","R","BOSS","M","$","?","M","?","R","M","M","T","?","M","?","?","M","R","BOSS"],"build_version":"2018-03-22v2","purchased_purges":3,"victory":false,"master_deck":["Defend_G","Defend_G","Defend_G+1","Defend_G","Defend_G","Survivor+1","Neutralize+1","Backflip+1","Blur+1","Concentrate","Bouncing Flask+1","Dagger Throw","Sucker Punch+1","Adrenaline+1","Flying Knee","Malaise","Noxious Fumes","Burst","Well Laid Plans+1","Skewer+1"],"max_hp_per_floor":[70,70,70,70,70,70,70,70,70,70,70,70,70,70,70,70,75,75,75,85,85,85,85,85,85,85,85,85,85,85,85,85,85],"relics":["Ring of the Snake","Ornamental Fan","Tiny House","Pear","Shovel","Old Coin","Ice Cream"],"card_choices":[{"not_picked":["Flying Knee","Dodge and Roll"],"picked":"Backflip","floor":1},{"not_picked":["Venomology","Sucker Punch"],"picked":"Blur","floor":2},{"not_picked":["Acrobatics","Bane"],"picked":"Bouncing Flask","floor":7},{"not_picked":["Concentrate","Cloak And Dagger"],"picked":"Dagger Throw","floor":11},{"not_picked":["Flying Knee","Deflect"],"picked":"Sucker Punch","floor":14},{"not_picked":["Night Terror","Corpse Explosion"],"picked":"Adrenaline","floor":16},{"not_picked":["Poisoned Stab","Outmaneuver"],"picked":"Flying Knee","floor":17},{"not_picked":["Poisoned Stab","PiercingWail"],"picked":"Malaise","floor":18},{"not_picked":["PiercingWail","Flechettes"],"picked":"Noxious Fumes","floor":21},{"not_picked":["Cloak And Dagger","Deflect"],"picked":"Burst","floor":22},{"not_picked":["Dagger Spray","Dagger Throw"],"picked":"Well Laid Plans","floor":24},{"not_picked":["Bouncing Flask","Acrobatics"],"picked":"Skewer","floor":25}],"player_experience":451683,"potions_floor_usage":[28,28,33,33,33],"damage_taken":[{"damage":0,"enemies":"Jaw Worm","floor":1,"turns":5},{"damage":0,"enemies":"2 Louse","floor":2,"turns":6},{"damage":9,"enemies":"Small Slimes","floor":7,"turns":5},{"damage":0,"enemies":"Exordium Wildlife","floor":11,"turns":5},{"damage":0,"enemies":"Blue Slaver","floor":14,"turns":5},{"damage":8,"enemies":"The Guardian","floor":16,"turns":8},{"damage":8,"enemies":"Chosen","floor":18,"turns":5},{"damage":0,"enemies":"Shell Parasite","floor":21,"turns":5},{"damage":0,"enemies":"Snecko","floor":22,"turns":6},{"damage":1,"enemies":"Centurion and Healer","floor":24,"turns":7},{"damage":5,"enemies":"Snake Plant","floor":25,"turns":6},{"damage":34,"enemies":"Cultist and Chosen","floor":28,"turns":7},{"damage":8,"enemies":"Centurion and Healer","floor":31,"turns":8},{"damage":64,"enemies":"Collector","floor":33,"turns":5}],"event_choices":[{"event_name":"Shining Light","player_choice":"Entered Light","floor":3,"damage_taken":0},{"event_name":"Living Wall","player_choice":"Change","floor":4,"damage_taken":0},{"event_name":"Liars Game","player_choice":"disagreed","floor":5,"damage_taken":0},{"event_name":"Addict","player_choice":"Obtained Relic","floor":20,"damage_taken":0},{"event_name":"Beggar","player_choice":"Gave Gold","floor":29,"damage_taken":0}],"boss_relics":[{"not_picked":["White Beast Statue","Runic Pyramid"],"picked":"Tiny House"}],"potions_floor_spawned":[2,11,16,21,24,28,31],"seed_played":"5238584855440164791","killed_by":"Collector","ascension_level":6,"is_trial":false}