{"path_per_floor":["M","?","M","$","?","R","E","M","T","M","R","M","R","M","R","B",null,"M","M","$","?","?","R","E","R","T","M","M","M","?","M","R"],"character_chosen":"THE_SILENT","items_purchased":["Riddle With Holes","Toolbox"],"gold_per_floor":[114,114,134,52,52,52,96,116,140,155,155,176,176,195,195,320,320,334,352,28,28,28,28,72,72,72,97,110,126,126,146,146,146],"floor_reached":33,"campfire_rested":4,"playtime":1308,"current_hp_per_floor":[70,53,53,53,53,53,30,30,30,29,50,48,48,38,38,21,58,52,34,34,18,18,39,22,43,43,43,47,5,5,14,35,0],"items_purged":["Strike_G"],"gold":146,"score":336,"play_id":"04df39b8-c129-46bd-ac3e-2856422e751c","local_time":"20180325142314","is_prod":false,"is_daily":false,"is_ascension_mode":true,"campfire_upgraded":3,"timestamp":1522002194,"path_taken":["M","?","?","?","?","R","E","?","T","?","R","M","R","M","R","BOSS","M","M","$","?","?","R","E","R","T","M","M","M","?","M","R","BOSS"],"build_version":"2018-03-22v2","purchased_purges":1,"victory":false,"master_deck":["Defend_G","Defend_G","Defend_G","Defend_G","Defend_G","Strike_G","Strike_G","Strike_G","Survivor","Neutralize","Bouncing Flask","Bane+1","Riddle With Holes+1","Cloak And Dagger","Bane+1","Quick Slash","Dagger Spray","Venomology","Backflip+1","Cloak And Dagger","Terror","Writhe","Predator+1","Deadly Poison","Backflip+1"],"max_hp_per_floor":[70,70,70,70,70,70,70,70,70,70,70,70,70,70,70,70,70,70,70,70,70,70,70,70,70,70,70,70,70,70,70,70,70],"relics":["Ring of the Snake","Golden Idol","Lantern","Prayer Wheel","Cursed Key","Toolbox","Enchiridion","Juzu Bracelet","Bag of Preparation"],"card_choices":[{"not_picked":["Accuracy","Dodge and Roll"],"picked":"Bouncing Flask","floor":1},{"not_picked":["Sucker Punch","Finisher"],"picked":"Bane","floor":3},{"not_picked":["Dagger Spray","Deflect"],"picked":"Cloak And Dagger","floor":8},{"not_picked":["Flying Knee","Underhanded Strike"],"picked":"Bane","floor":10},{"not_picked":["Outmaneuver","All Out Attack"],"picked":"Quick Slash","floor":12},{"not_picked":["Infinite Blades","Phantasmal Killer"],"picked":"Dagger Spray","floor":14},{"not_picked":["Night Terror","Unload"],"picked":"Venomology","floor":16},{"not_picked":["Well Laid Plans","Caltrops"],"picked":"Backflip","floor":18},{"not_picked":["Setup","Outmaneuver"],"picked":"Cloak And Dagger","floor":19},{"not_picked":["Dodge and Roll","Cloak And Dagger"],"picked":"Terror","floor":24},{"not_picked":["Sucker Punch","Blade Dance"],"picked":"Predator","floor":26},{"not_picked":["Well Laid Plans","Dagger Spray"],"picked":"Deadly Poison","floor":27},{"not_picked":["Distraction","Eviscerate"],"picked":"Backflip","floor":28}],"player_experience":427753,"potions_floor_usage":[7,10,10,12,24,27,28,28,29,31,31,33,33,33],"damage_taken":[{"damage":0,"enemies":"2 Louse","floor":1,"turns":3},{"damage":0,"enemies":"Small Slimes","floor":3,"turns":3},{"damage":23,"enemies":"3 Sentries","floor":7,"turns":9},{"damage":0,"enemies":"Cultist","floor":8,"turns":2},{"damage":1,"enemies":"Red Slaver","floor":10,"turns":3},{"damage":2,"enemies":"3 Louse","floor":12,"turns":2},{"damage":10,"enemies":"Gremlin Gang","floor":14,"turns":4},{"damage":17,"enemies":"Slime Boss","floor":16,"turns":9},{"damage":6,"enemies":"3 Byrds","floor":18,"turns":3},{"damage":18,"enemies":"2 Thieves","floor":19,"turns":4},{"damage":17,"enemies":"Gremlin Leader","floor":24,"turns":4},{"damage":0,"enemies":"Cultist and Chosen","floor":27,"turns":5},{"damage":5,"enemies":"Snake Plant","floor":28,"turns":3},{"damage":46,"enemies":"Sentry and Sphere","floor":29,"turns":6},{"damage":6,"enemies":"Centurion and Healer","floor":31,"turns":7},{"damage":61,"enemies":"Automaton","floor":33,"turns":6}],"event_choices":[{"event_name":"Golden Idol","player_choice":"Take Damage","floor":2,"damage_taken":0},{"event_name":"The Lab","player_choice":"Got Potions","floor":5,"damage_taken":0},{"event_name":"Cursed Tome","player_choice":"Obtained Book","floor":21,"damage_taken":0},{"event_name":"Beggar","player_choice":"Ignored","floor":22,"damage_taken":0},{"event_name":"Purifier","player_choice":"One Purge","floor":30,"damage_taken":0}],"boss_relics":[{"not_picked":["Astrolabe","Tiny House"],"picked":"Cursed Key"}],"potions_floor_spawned":[1,3,7,10,18,28,29],"seed_played":"-5796612361747920573","killed_by":"Automaton","ascension_level":5,"is_trial":false}