{"path_per_floor":["M","$","?","M","M","R","M","E","T","R","M","?","M","M","R"],"character_chosen":"THE_SILENT","items_purchased":["Backflip"],"gold_per_floor":[117,64,164,181,199,199,215,245,245,245,264,264,276,288,288,288],"floor_reached":16,"campfire_rested":2,"playtime":634,"current_hp_per_floor":[63,63,63,61,52,52,37,5,5,26,13,13,9,4,25,0],"items_purged":[],"gold":288,"score":130,"play_id":"028343dc-84f5-4464-bb34-93f978c95240","local_time":"20180325135422","is_prod":false,"is_daily":false,"is_ascension_mode":true,"campfire_upgraded":1,"timestamp":1522000462,"path_taken":["M","$","?","M","M","R","M","E","T","R","M","?","?","M","R","BOSS"],"build_version":"2018-03-22v2","purchased_purges":0,"victory":false,"master_deck":["Defend_G","Defend_G","Defend_G","Defend_G","Defend_G","Strike_G","Strike_G","Strike_G","Strike_G","Survivor","Neutralize","Heel Hook","Backflip+1","Outmaneuver","Sucker Punch","Setup","Backflip","Prepared","Catalyst","PiercingWail","Cloak And Dagger"],"max_hp_per_floor":[70,70,70,70,70,70,70,70,70,70,70,70,70,70,70,70],"relics":["Runic Pyramid","Blue Candle","Calipers"],"card_choices":[{"not_picked":["Escape Plan","Deadly Poison"],"picked":"Heel Hook","floor":1},{"not_picked":["Slice","Skewer"],"picked":"Outmaneuver","floor":4},{"not_picked":["Poisoned Stab","Deflect"],"picked":"Sucker Punch","floor":5},{"not_picked":["Poisoned Stab","Concentrate"],"picked":"Setup","floor":7},{"not_picked":["Blur","Skewer"],"picked":"Backflip","floor":8},{"not_picked":["Expertise","Flying Knee"],"picked":"Prepared","floor":11},{"not_picked":["Night Terror","Well Laid Plans"],"picked":"PiercingWail","floor":13},{"not_picked":["Dodge and Roll","Blade Dance"],"picked":"Cloak And Dagger","floor":14}],"player_experience":426796,"potions_floor_usage":[14,14,16],"damage_taken":[{"damage":7,"enemies":"Small Slimes","floor":1,"turns":4},{"damage":2,"enemies":"Cultist","floor":4,"turns":4},{"damage":9,"enemies":"Jaw Worm","floor":5,"turns":6},{"damage":15,"enemies":"Gremlin Gang","floor":7,"turns":6},{"damage":32,"enemies":"3 Sentries","floor":8,"turns":15},{"damage":13,"enemies":"Blue Slaver","floor":11,"turns":5},{"damage":4,"enemies":"Looter","floor":13,"turns":5},{"damage":17,"enemies":"Exordium Thugs","floor":14,"turns":6},{"damage":25,"enemies":"Slime Boss","floor":16,"turns":6}],"event_choices":[{"event_name":"Golden Shrine","player_choice":"Pray","floor":3,"damage_taken":0},{"event_name":"Living Wall","player_choice":"Change","floor":12,"damage_taken":0}],"boss_relics":[],"potions_floor_spawned":[1,5,13],"seed_played":"2725778400647073098","killed_by":"Slime Boss","ascension_level":5,"is_trial":false}