{"path_per_floor":["M","?","?","?","$","E","M","E","T","R","?","R","?","$","R","B",null,"M","M","M","?","M","R","E","?","T","R","E","R","M","M","R","B",null,"M","?","?","M","$","R","E","R","T","M","M","R","M","?","R"],"character_chosen":"THE_SILENT","items_purchased":["Dagger Spray"],"gold_per_floor":[117,117,117,117,71,99,111,144,194,194,194,194,194,119,119,220,220,220,220,220,220,220,220,220,220,220,220,220,220,220,220,220,220,220,220,220,220,220,120,120,120,120,120,120,120,120,120,120,120,120],"floor_reached":50,"campfire_rested":8,"playtime":2309,"current_hp_per_floor":[63,60,70,56,56,56,56,28,28,49,49,49,49,49,49,14,56,42,42,29,29,15,36,14,14,14,35,26,47,41,40,61,49,65,57,57,57,57,57,57,38,59,59,57,47,68,65,56,70,0],"items_purged":["Strike_G","Strike_G"],"gold":120,"score":703,"play_id":"90c47cdd-809e-4d2c-ac2c-eaabfc1d814b","local_time":"20180327234338","is_prod":false,"is_daily":false,"is_ascension_mode":true,"campfire_upgraded":3,"timestamp":1522208618,"path_taken":["M","?","?","?","$","E","?","E","T","R","?","R","?","?","R","BOSS","M","M","M","?","M","R","E","?","T","R","E","R","M","M","R","BOSS","M","?","?","M","$","R","E","R","T","M","M","R","M","?","R","BOSS"],"build_version":"2018-03-22v2","purchased_purges":2,"victory":false,"master_deck":["Defend_G","Defend_G","Defend_G","Defend_G","Defend_G","Strike_G","Strike_G+1","Survivor","Neutralize+1","Dagger Spray","Noxious Fumes+1","Storm of Steel+1","Footwork+1","Backflip","Blur","Glass Knife","Quick Slash","Leg Sweep","Bane+1","Malaise","Flying Knee+1","Burst","Terror","Reflex+1","Bouncing Flask","Dash+1","Madness","Madness"],"max_hp_per_floor":[70,70,70,70,70,70,70,70,70,70,70,70,70,70,70,70,70,70,70,70,70,70,70,70,70,70,70,70,70,70,70,70,70,70,70,70,70,70,70,70,70,70,70,70,70,70,70,70,70,70],"relics":["Ring of the Snake","NeowsBlessing","Vajra","Prayer Wheel","Orichalcum","Omamori","Ectoplasm","Calipers","Centennial Puzzle","Paper Crane","Sozu","Juzu Bracelet","Gremlin Horn"],"card_choices":[{"not_picked":["Dodge and Roll","Quick Slash"],"picked":"Noxious Fumes","floor":6},{"not_picked":["Backflip","Cloak And Dagger"],"picked":"Storm of Steel","floor":7},{"not_picked":["Eviscerate","Acrobatics"],"picked":"Footwork","floor":8},{"not_picked":["Dodge and Roll","Calculated Gamble"],"picked":"Backflip","floor":9},{"not_picked":["Burst","Corpse Explosion"],"picked":"Glass Knife","floor":16},{"not_picked":["Prepared","Slice"],"picked":"Quick Slash","floor":18},{"not_picked":["Prepared","Storm of Steel"],"picked":"Leg Sweep","floor":19},{"not_picked":["Prepared","Acrobatics"],"picked":"Bane","floor":20},{"not_picked":["Heel Hook","Flying Knee"],"picked":"Malaise","floor":24},{"not_picked":["Masterful Stab","Bullet Time"],"picked":"Flying Knee","floor":31},{"not_picked":["Phantasmal Killer","After Image"],"picked":"Burst","floor":33},{"not_picked":["Reflex","Poisoned Stab"],"picked":"Terror","floor":38},{"not_picked":["Deadly Poison","Slice"],"picked":"Reflex","floor":43},{"not_picked":["Leg Sweep","Dagger Spray"],"picked":"Bouncing Flask","floor":44},{"not_picked":["Dagger Throw","Quick Slash"],"picked":"Dash","floor":47}],"player_experience":453292,"potions_floor_usage":[16,24,30,33,44,50],"damage_taken":[{"damage":0,"enemies":"Cultist","floor":1,"turns":1},{"damage":0,"enemies":"3 Sentries","floor":6,"turns":1},{"damage":0,"enemies":"Jaw Worm","floor":7,"turns":1},{"damage":28,"enemies":"Lagavulin","floor":8,"turns":6},{"damage":50,"enemies":"Slime Boss","floor":16,"turns":10},{"damage":14,"enemies":"Chosen","floor":18,"turns":6},{"damage":0,"enemies":"3 Byrds","floor":19,"turns":4},{"damage":13,"enemies":"Sentry and Sphere","floor":20,"turns":8},{"damage":14,"enemies":"Cultist and Chosen","floor":22,"turns":6},{"damage":22,"enemies":"Gremlin Leader","floor":24,"turns":7},{"damage":9,"enemies":"Book of Stabbing","floor":28,"turns":9},{"damage":6,"enemies":"Slaver and Parasite","floor":30,"turns":6},{"damage":1,"enemies":"Chosen and Byrds","floor":31,"turns":6},{"damage":12,"enemies":"Champ","floor":33,"turns":15},{"damage":8,"enemies":"3 Shapes","floor":35,"turns":5},{"damage":0,"enemies":"Orb Walker","floor":38,"turns":4},{"damage":19,"enemies":"Nemesis","floor":41,"turns":7},{"damage":2,"enemies":"3 Darklings","floor":44,"turns":6},{"damage":10,"enemies":"4 Shapes","floor":45,"turns":7},{"damage":3,"enemies":"Sphere and 2 Shapes","floor":47,"turns":7},{"damage":74,"enemies":"Donu and Deca","floor":50,"turns":6}],"event_choices":[{"event_name":"Scrap Ooze","player_choice":"success","floor":2,"damage_taken":3},{"event_name":"Wheel of Change","player_choice":"Full Heal","floor":3,"damage_taken":0},{"event_name":"Shining Light","player_choice":"Entered Light","floor":4,"damage_taken":0},{"event_name":"Golden Idol","player_choice":"Ignored","floor":11,"damage_taken":0},{"event_name":"Transmorgrifier","player_choice":"Transform","floor":13,"damage_taken":0},{"event_name":"Drug Dealer","player_choice":"Ignored","floor":21,"damage_taken":0},{"event_name":"Vampires","player_choice":"Ignored","floor":25,"damage_taken":0},{"event_name":"Tomb of Lord Red Mask","player_choice":"Ignored","floor":36,"damage_taken":0},{"event_name":"Mysterious Sphere","player_choice":"Ignore","floor":37,"damage_taken":0},{"event_name":"Winding Halls","player_choice":"Embrace Madness","floor":48,"damage_taken":0}],"boss_relics":[{"not_picked":["Lizard Tail","Orrery"],"picked":"Ectoplasm"},{"not_picked":["Runic Pyramid","The Specimen"],"picked":"Sozu"}],"potions_floor_spawned":[7,8,18,22,24,30,41,45],"seed_played":"805280520133290799","killed_by":"Donu and Deca","ascension_level":6,"is_trial":false}