{"path_per_floor":["M","M","M","M","M","R","E","?","T","R","E","$","?","M","R","B",null,"M","$","?","?","M","R","M","M","T","M","M","M","R","$","R","B",null,"M","?","?","$","M","R","T","?","T","T","$","M","$","M","R","B"],"character_chosen":"THE_SILENT","items_purchased":["Pantograph","Blur","Catalyst","Oddly Smooth Stone"],"gold_per_floor":[119,135,155,168,186,186,215,215,215,215,247,172,272,289,289,386,386,400,144,144,144,164,164,178,194,194,214,230,246,246,146,146,248,248,260,260,260,179,193,193,220,220,273,273,46,57,57,77,77,77],"floor_reached":51,"campfire_rested":0,"playtime":2762,"current_hp_per_floor":[61,61,61,53,53,53,45,45,45,45,45,45,45,45,45,42,63,54,54,54,70,70,70,68,68,68,67,67,66,66,66,66,46,64,58,58,49,49,48,48,48,48,48,48,48,50,50,36,36,65],"items_purged":["Strike_G","Prepared"],"gold":77,"score":849,"play_id":"e36a9ce6-9788-4008-8b10-91f518719435","local_time":"20180329001053","is_prod":false,"is_daily":false,"is_ascension_mode":true,"campfire_upgraded":8,"timestamp":1522296653,"path_taken":["M","M","M","M","M","R","E","?","T","R","E","$","?","?","R","BOSS","M","$","?","?","M","R","M","M","T","M","M","M","R","$","R","BOSS","M","?","?","$","M","R","?","?","T","?","$","?","$","M","R","BOSS"],"build_version":"2018-03-22v2","purchased_purges":2,"victory":true,"master_deck":["Defend_G","Defend_G","Defend_G","Defend_G","Defend_G","Survivor+1","Neutralize+1","Backstab+1","Leg Sweep","Well Laid Plans","Backflip+1","Bouncing Flask+1","Noxious Fumes+1","Glass Knife+1","Bane+1","Caltrops+1","Deadly Poison","Dagger Spray+1","Backflip+1","Madness","Madness","Blur+1","Catalyst+1","Blur+1"],"max_hp_per_floor":[70,70,70,70,70,70,70,70,70,70,70,70,70,70,70,70,70,70,70,70,70,70,70,70,70,70,70,70,70,70,70,70,70,70,70,70,70,70,70,70,70,70,70,70,70,70,70,70,70,70],"relics":["Velvet Choker","Omamori","Thread and Needle","Matryoshka","Astrolabe","Pantograph","Art of War","Ancient Tea Set","Sozu","Whetstone","Bag of Marbles","Pen Nib","Blood Vial","Oddly Smooth Stone"],"card_choices":[{"not_picked":["Accuracy","Infinite Blades"],"picked":"Backstab","floor":1},{"not_picked":["Dagger Throw","Underhanded Strike"],"picked":"Leg Sweep","floor":2},{"not_picked":["Expertise","Backstab"],"picked":"Well Laid Plans","floor":3},{"not_picked":["Concentrate","Expertise"],"picked":"Backflip","floor":4},{"not_picked":["Expertise","Quick Slash"],"picked":"Bouncing Flask","floor":5},{"not_picked":["Masterful Stab","Cloak And Dagger"],"picked":"Noxious Fumes","floor":14},{"not_picked":["Bullet Time","Phantasmal Killer"],"picked":"Glass Knife","floor":16},{"not_picked":["Crippling Poison","Prepared"],"picked":"Deadly Poison","floor":18},{"not_picked":["Dagger Throw","Slice"],"picked":"Dagger Spray","floor":25},{"not_picked":["Dagger Throw","Deflect"],"picked":"Backflip","floor":29},{"not_picked":["Dagger Throw","Sucker Punch"],"picked":"Blur","floor":46}],"player_experience":459056,"potions_floor_usage":[16,29,50],"damage_taken":[{"damage":2,"enemies":"Jaw Worm","floor":1,"turns":5},{"damage":0,"enemies":"Cultist","floor":2,"turns":3},{"damage":0,"enemies":"2 Louse","floor":3,"turns":2},{"damage":8,"enemies":"Large Slime","floor":4,"turns":9},{"damage":0,"enemies":"3 Louse","floor":5,"turns":4},{"damage":8,"enemies":"3 Sentries","floor":7,"turns":10},{"damage":0,"enemies":"Lagavulin","floor":11,"turns":6},{"damage":0,"enemies":"Blue Slaver","floor":14,"turns":3},{"damage":3,"enemies":"Hexaghost","floor":16,"turns":7},{"damage":9,"enemies":"2 Thieves","floor":18,"turns":4},{"damage":0,"enemies":"Spheric Guardian","floor":22,"turns":3},{"damage":2,"enemies":"Centurion and Healer","floor":24,"turns":5},{"damage":0,"enemies":"Chosen and Byrds","floor":25,"turns":5},{"damage":1,"enemies":"Cultist and Chosen","floor":27,"turns":6},{"damage":0,"enemies":"Snake Plant","floor":28,"turns":5},{"damage":1,"enemies":"Centurion and Healer","floor":29,"turns":4},{"damage":24,"enemies":"Collector","floor":33,"turns":10},{"damage":6,"enemies":"3 Shapes","floor":35,"turns":5},{"damage":1,"enemies":"Orb Walker","floor":39,"turns":5},{"damage":0,"enemies":"Sphere and 2 Shapes","floor":46,"turns":6},{"damage":16,"enemies":"3 Darklings","floor":48,"turns":6},{"damage":11,"enemies":"Awakened One","floor":50,"turns":17}],"event_choices":[{"event_name":"Purifier","player_choice":"One Purge","floor":8,"damage_taken":0},{"event_name":"Golden Shrine","player_choice":"Pray","floor":13,"damage_taken":0},{"event_name":"Drug Dealer","player_choice":"Ignored","floor":20,"damage_taken":0},{"event_name":"The Library","player_choice":"Heal","floor":21,"damage_taken":0},{"event_name":"The Lab","player_choice":"Got Potions","floor":36,"damage_taken":0},{"event_name":"Winding Halls","player_choice":"Embrace Madness","floor":37,"damage_taken":0},{"event_name":"Tomb of Lord Red Mask","player_choice":"Ignored","floor":42,"damage_taken":0}],"boss_relics":[{"not_picked":["Question Card","Tiny House"],"picked":"Astrolabe"},{"not_picked":["Pandora\u0027s Box","Runic Pyramid"],"picked":"Sozu"}],"potions_floor_spawned":[1,4,7,16,18,24,25,28,35],"seed_played":"-2602642532037083697","ascension_level":6,"is_trial":false}