{"path_per_floor":["M","$","?","?","M","R","$","E","T","E","R","M","R","?","R","B",null,"M","M","?","?","?","E","R","M","T","R","M","E","M","$","R","B",null,"M","M","M","$","?","M","R","?","T","M","M","R","M","?","R","B"],"character_chosen":"THE_SILENT","items_purchased":["Flying Knee","Noxious Fumes","Juzu Bracelet","Crippling Poison"],"gold_per_floor":[110,11,11,86,102,102,27,55,55,84,84,98,98,98,98,197,197,210,222,222,222,322,356,356,374,374,374,385,412,422,92,92,196,226,240,254,267,267,267,282,282,282,337,351,368,368,380,429,429,429],"floor_reached":51,"campfire_rested":0,"playtime":2829,"current_hp_per_floor":[66,66,66,55,55,55,55,49,49,30,30,28,28,28,28,28,70,59,56,40,35,35,35,35,35,35,35,35,30,30,30,30,30,40,40,40,40,40,35,35,35,35,35,35,35,35,35,35,35,35],"items_purged":["Writhe","Strike_G"],"gold":429,"score":971,"play_id":"e369a975-49cd-449d-90ab-8e4e8edb062c","local_time":"20180330000310","is_prod":false,"is_daily":false,"is_ascension_mode":false,"campfire_upgraded":10,"timestamp":1522389790,"path_taken":["M","$","?","?","M","R","$","E","T","E","R","?","R","?","R","BOSS","M","M","?","?","?","E","R","M","T","R","M","E","M","$","R","BOSS","M","M","M","$","?","M","R","?","T","M","M","R","M","?","R","BOSS"],"build_version":"2018-03-29","purchased_purges":3,"victory":true,"master_deck":["Defend_G","Defend_G","Defend_G","Defend_G","Strike_G","Strike_G","Survivor","Neutralize+1","Adrenaline+1","Backstab","Acrobatics","Flying Knee","Noxious Fumes+1","Noxious Fumes+1","Footwork+1","Reflex+1","Dagger Throw","After Image+1","Well Laid Plans+1","Dodge and Roll+1","Ghostly","Ghostly","Ghostly","Ghostly","Ghostly","Quick Slash+1","Tactician+1","Backflip+1","Blur","Calculated Gamble+1","Crippling Poison+1","Envenom+1","Malaise+1","Madness","Madness","Catalyst+1","Adrenaline"],"max_hp_per_floor":[70,70,70,70,70,70,70,70,70,70,70,70,70,70,70,70,70,70,70,70,35,35,35,35,35,35,35,35,35,35,35,35,35,40,40,40,40,40,40,40,40,40,40,40,40,40,40,40,40,40],"relics":["Ring of the Snake","Bronze Scales","Ornamental Fan","Paper Crane","Sozu","Enchiridion","Orichalcum","Kunai","Snake Skull","Juzu Bracelet","Tiny House","Lantern","Dead Branch"],"card_choices":[{"not_picked":["Bane","Choke"],"picked":"Acrobatics","floor":1.0},{"not_picked":["Deflect","Choke"],"picked":"Noxious Fumes","floor":5.0},{"not_picked":["Quick Slash","Underhanded Strike"],"picked":"Footwork","floor":8.0},{"not_picked":["Sucker Punch","Endless Agony"],"picked":"Reflex","floor":10.0},{"not_picked":["Deadly Poison","Flechettes"],"picked":"Dagger Throw","floor":12.0},{"not_picked":["Unload","Phantasmal Killer"],"picked":"After Image","floor":16.0},{"not_picked":["Flechettes","Flying Knee"],"picked":"Well Laid Plans","floor":18.0},{"not_picked":["Quick Slash","Slice"],"picked":"Dodge and Roll","floor":19.0},{"not_picked":["Finisher","Terror"],"picked":"Quick Slash","floor":23.0},{"not_picked":["Poisoned Stab","Slice"],"picked":"Tactician","floor":25.0},{"not_picked":["Masterful Stab","Outmaneuver"],"picked":"Backflip","floor":28.0},{"not_picked":["Cloak And Dagger","Dagger Spray"],"picked":"Blur","floor":29.0},{"not_picked":["Prepared","Predator"],"picked":"Calculated Gamble","floor":30.0},{"not_picked":["Burst","Phantasmal Killer"],"picked":"Envenom","floor":33.0},{"not_picked":["Quick Slash","Acrobatics"],"picked":"Malaise","floor":36.0},{"not_picked":["Deadly Poison","Caltrops"],"picked":"Catalyst","floor":44.0},{"not_picked":["Escape Plan","Cloak And Dagger"],"picked":"Adrenaline","floor":47}],"player_experience":591605,"potions_floor_usage":[50,50],"damage_taken":[{"damage":4.0,"enemies":"Jaw Worm","floor":1.0,"turns":8.0},{"damage":0.0,"enemies":"2 Louse","floor":5.0,"turns":1.0},{"damage":6.0,"enemies":"3 Sentries","floor":8.0,"turns":6.0},{"damage":19.0,"enemies":"Gremlin Nob","floor":10.0,"turns":5.0},{"damage":2.0,"enemies":"Small Slimes","floor":12.0,"turns":3.0},{"damage":0.0,"enemies":"Hexaghost","floor":16.0,"turns":8.0},{"damage":11.0,"enemies":"Spheric Guardian","floor":18.0,"turns":5.0},{"damage":3.0,"enemies":"Chosen","floor":19.0,"turns":5.0},{"damage":0.0,"enemies":"Book of Stabbing","floor":23.0,"turns":5.0},{"damage":0.0,"enemies":"Snake Plant","floor":25.0,"turns":5.0},{"damage":0.0,"enemies":"3 Cultists","floor":28.0,"turns":6.0},{"damage":5.0,"enemies":"Gremlin Leader","floor":29.0,"turns":6.0},{"damage":0.0,"enemies":"Snecko","floor":30.0,"turns":6.0},{"damage":0.0,"enemies":"Champ","floor":33.0,"turns":11.0},{"damage":0.0,"enemies":"3 Darklings","floor":35.0,"turns":6.0},{"damage":0.0,"enemies":"Orb Walker","floor":36.0,"turns":6.0},{"damage":0.0,"enemies":"Sphere and 2 Shapes","floor":37.0,"turns":8.0},{"damage":0.0,"enemies":"Maw","floor":40.0,"turns":9.0},{"damage":0.0,"enemies":"4 Shapes","floor":44.0,"turns":5.0},{"damage":0.0,"enemies":"3 Darklings","floor":45.0,"turns":6.0},{"damage":0,"enemies":"Sphere and 2 Shapes","floor":47,"turns":6},{"damage":0,"enemies":"Mysterious Sphere","floor":48,"turns":4},{"damage":0,"enemies":"Time Eater","floor":50,"turns":8}],"event_choices":[{"event_name":"The Cleric","player_choice":"Leave","floor":3.0,"damage_taken":0.0},{"event_name":"World of Goop","player_choice":"Gather Gold","floor":4.0,"damage_taken":0.0},{"event_name":"Living Wall","player_choice":"Grow","floor":14.0,"damage_taken":0.0},{"event_name":"Cursed Tome","player_choice":"Obtained Book","floor":20.0,"damage_taken":0.0},{"event_name":"Ghosts","player_choice":"Became a Ghost","floor":21.0,"damage_taken":0.0},{"event_name":"Golden Shrine","player_choice":"Pray","floor":22.0,"damage_taken":0.0},{"event_name":"Winding Halls","player_choice":"Embrace Madness","floor":39.0,"damage_taken":0.0},{"event_name":"Mysterious Sphere","player_choice":"Fight","floor":48,"damage_taken":0}],"boss_relics":[],"potions_floor_spawned":[8,12,16,23,28,33,40,44,47],"seed_played":"-7380442746613943525","ascension_level":0,"is_trial":false}