{"path_per_floor":["M","M","T","?","$","M","M","M","T","R","?","$","M","M","R","B",null,"M","?","?","?","M","R"],"character_chosen":"THE_SILENT","items_purchased":["Footwork","Footwork","Backflip","Riddle With Holes"],"gold_per_floor":[115,128,181,181,109,128,147,167,190,190,190,19,33,47,47,147,147,129,129,129,129,141,141,141],"floor_reached":24,"campfire_rested":2,"playtime":896,"current_hp_per_floor":[70,67,67,67,67,67,67,53,53,53,39,39,28,18,39,13,56,41,25,25,25,4,25,0],"items_purged":[],"gold":141,"score":235,"play_id":"bf9764ee-0d84-4ee8-8a65-3144ae9726cb","local_time":"20180325235948","is_prod":false,"is_daily":false,"is_ascension_mode":true,"campfire_upgraded":1,"timestamp":1522036788,"path_taken":["M","M","?","?","?","M","M","M","T","R","?","$","M","M","R","BOSS","M","?","?","?","M","R","E"],"build_version":"2018-03-22v2","purchased_purges":0,"victory":false,"master_deck":["Defend_G","Defend_G","Defend_G","Defend_G","Defend_G+1","Strike_G","Strike_G","Strike_G","Survivor+1","Neutralize","Dagger Throw","Backstab","Footwork+1","Leg Sweep","Dagger Throw","Footwork","Backflip","Riddle With Holes","Venomology","Envenom","Dagger Spray","Footwork+1","Flechettes","Tools of the Trade"],"max_hp_per_floor":[70,70,70,70,70,70,70,70,70,70,70,70,70,70,70,70,70,70,70,70,70,70,70,70],"relics":["Lizard Tail","Juzu Bracelet","Pen Nib","The Specimen","Enchiridion"],"card_choices":[{"not_picked":["Flying Knee","Accuracy"],"picked":"Dagger Throw","floor":1},{"not_picked":["Dagger Throw","Dodge and Roll"],"picked":"Backstab","floor":2},{"not_picked":["Outmaneuver","Prepared"],"picked":"Leg Sweep","floor":6},{"not_picked":["Deadly Poison","Outmaneuver"],"picked":"Dagger Throw","floor":7},{"not_picked":["Cloak And Dagger","Backstab"],"picked":"Venomology","floor":13},{"not_picked":["Glass Knife","Bullet Time"],"picked":"Envenom","floor":16},{"not_picked":["Slice","Flying Knee"],"picked":"Dagger Spray","floor":18},{"not_picked":["Dodge and Roll","Slice"],"picked":"Tools of the Trade","floor":22}],"player_experience":431752,"potions_floor_usage":[16,16,18,22,24,24,24],"damage_taken":[{"damage":0,"enemies":"Cultist","floor":1,"turns":4},{"damage":3,"enemies":"Jaw Worm","floor":2,"turns":5},{"damage":0,"enemies":"2 Louse","floor":6,"turns":2},{"damage":0,"enemies":"Exordium Wildlife","floor":7,"turns":4},{"damage":14,"enemies":"Large Slime","floor":8,"turns":8},{"damage":11,"enemies":"Looter","floor":13,"turns":3},{"damage":10,"enemies":"Exordium Wildlife","floor":14,"turns":5},{"damage":26,"enemies":"Hexaghost","floor":16,"turns":15},{"damage":15,"enemies":"2 Thieves","floor":18,"turns":4},{"damage":21,"enemies":"3 Byrds","floor":22,"turns":7},{"damage":72,"enemies":"Slavers","floor":24,"turns":10}],"event_choices":[{"event_name":"Purifier","player_choice":"One Purge","floor":4,"damage_taken":0},{"event_name":"Shining Light","player_choice":"Entered Light","floor":11,"damage_taken":0},{"event_name":"Cursed Tome","player_choice":"Obtained Book","floor":19,"damage_taken":0},{"event_name":"Duplicator","player_choice":"One dupe","floor":20,"damage_taken":0},{"event_name":"Transmorgrifier","player_choice":"Transform","floor":21,"damage_taken":0}],"boss_relics":[{"not_picked":["Question Card","Runic Dome"],"picked":"The Specimen"}],"potions_floor_spawned":[2,6,13,14,22],"seed_played":"-1459031147538330017","killed_by":"Slavers","ascension_level":5,"is_trial":false}