{"path_per_floor":["M","M","?","$","?","R","E","$","T","E","M","R","E","M","R","B",null,"M","?","?","?","?","R"],"character_chosen":"THE_SILENT","items_purchased":["Glass Knife","Backflip"],"gold_per_floor":[115,127,77,7,7,7,35,9,9,41,56,56,91,111,111,211,211,223,148,148,148,148,148,148],"floor_reached":24,"campfire_rested":0,"playtime":689,"current_hp_per_floor":[63,63,63,63,68,68,68,68,82,72,72,72,72,72,72,57,81,79,79,79,79,79,79,0],"items_purged":[],"gold":148,"score":363,"play_id":"d9a853d7-0461-4670-a1e8-942bfb8c5035","local_time":"20180327214340","is_prod":false,"is_daily":false,"is_ascension_mode":true,"campfire_upgraded":4,"timestamp":1522201420,"path_taken":["M","M","?","?","?","R","E","$","T","E","M","R","E","M","R","BOSS","M","?","?","?","?","R","E"],"build_version":"2018-03-22v2","purchased_purges":0,"victory":false,"master_deck":["Defend_G","Defend_G","Defend_G","Defend_G","Defend_G","Strike_G","Strike_G","Strike_G","Survivor","Neutralize","Dodge and Roll","Glass Knife+1","Dagger Throw","Backflip+1","Skewer+1","Concentrate+1","Well Laid Plans","Tactician","PiercingWail"],"max_hp_per_floor":[70,70,70,70,75,75,75,75,89,89,89,89,89,89,89,89,89,89,89,89,89,89,89,89],"relics":["Ring of the Snake","NeowsBlessing","Lantern","Mango","Vajra","Ice Cream","Sozu","Pantograph"],"card_choices":[{"not_picked":["Outmaneuver","Deflect"],"picked":"Dodge and Roll","floor":2},{"not_picked":["Expertise","Backstab"],"picked":"Dagger Throw","floor":7},{"not_picked":["Wraith Form","Outmaneuver"],"picked":"Skewer","floor":10},{"not_picked":["Calculated Gamble","Acrobatics"],"picked":"Concentrate","floor":11},{"not_picked":["Predator","Reflex"],"picked":"Well Laid Plans","floor":13},{"not_picked":["Unload","Envenom"],"picked":"Tactician","floor":16},{"not_picked":["Acrobatics","Prepared"],"picked":"PiercingWail","floor":18}],"player_experience":447835,"potions_floor_usage":[10,24,24,24],"damage_taken":[{"damage":0,"enemies":"Cultist","floor":1,"turns":1},{"damage":0,"enemies":"2 Louse","floor":2,"turns":1},{"damage":0,"enemies":"3 Sentries","floor":7,"turns":1},{"damage":10,"enemies":"Lagavulin","floor":10,"turns":5},{"damage":0,"enemies":"Jaw Worm","floor":11,"turns":2},{"damage":0,"enemies":"Gremlin Nob","floor":13,"turns":2},{"damage":0,"enemies":"Large Slime","floor":14,"turns":1},{"damage":15,"enemies":"The Guardian","floor":16,"turns":12},{"damage":2,"enemies":"Chosen","floor":18,"turns":5},{"damage":82,"enemies":"Gremlin Leader","floor":24,"turns":4}],"event_choices":[{"event_name":"The Cleric","player_choice":"Card Removal","floor":3,"damage_taken":0},{"event_name":"Big Fish","player_choice":"Donut","floor":5,"damage_taken":0},{"event_name":"Beggar","player_choice":"Gave Gold","floor":19,"damage_taken":0},{"event_name":"The Mausoleum","player_choice":"Yes","floor":20,"damage_taken":0},{"event_name":"Vampires","player_choice":"Ignored","floor":21,"damage_taken":0},{"event_name":"The Woman in Blue","player_choice":"Bought 0 Potions","floor":22,"damage_taken":0}],"boss_relics":[{"not_picked":["Cursed Key","Pandora\u0027s Box"],"picked":"Sozu"}],"potions_floor_spawned":[7,10,14,16,18],"seed_played":"-4634870582868474158","killed_by":"Gremlin Leader","ascension_level":6,"is_trial":false}