{"path_per_floor":["M","M","?","?","M","E","R","M","T","M","E","$","R","M","R","B",null,"M","M","M","T","$","R","M","R","T","M","M","$","M","M","R","B",null,"M","M","?","?","M","R","M","R","T","M","$","R","$","?","R","B"],"character_chosen":"THE_SILENT","items_purchased":["Toxic Egg 2","Backflip","Thread and Needle"],"gold_per_floor":[111,125,200,200,219,250,250,269,317,335,363,50,50,61,61,157,157,173,190,201,201,152,152,162,162,162,172,183,183,193,204,204,305,305,315,330,330,430,449,449,467,467,467,481,75,75,75,75,75,75],"floor_reached":51,"campfire_rested":5,"playtime":3065,"current_hp_per_floor":[63,63,52,52,50,26,47,35,35,33,17,17,38,34,34,33,61,45,45,29,29,29,50,45,45,45,44,44,44,42,33,54,30,60,59,37,37,37,28,49,49,49,49,42,42,42,42,60,60,48],"items_purged":["Underhanded Strike","Crippling Poison"],"gold":75,"score":886,"play_id":"df5c1df3-2844-4a9f-9377-334e005aa0bc","local_time":"20180403020646","is_prod":false,"is_daily":false,"is_ascension_mode":true,"campfire_upgraded":5,"timestamp":1522735606,"path_taken":["M","M","?","?","M","E","R","?","T","?","E","?","R","?","R","BOSS","M","?","?","?","$","R","M","R","T","M","M","$","M","M","R","BOSS","M","M","?","?","?","R","M","R","T","M","$","R","$","?","R","BOSS"],"build_version":"2018-03-29v2","purchased_purges":4,"victory":true,"master_deck":["Survivor","Neutralize","Acrobatics","Dodge and Roll+1","Poisoned Stab","Poisoned Stab","Dodge and Roll+1","Footwork+1","Caltrops","Blur+1","Dagger Throw","Bouncing Flask+1","Cloak And Dagger+1","Bullet Time+1","Dodge and Roll+1","Adrenaline+1","Backflip+1","Backflip+1","Riddle With Holes+1","Catalyst+1","Burst+1","Deadly Poison+1","Outmaneuver+1","Crippling Poison+1","Backflip+1","PiercingWail+1","Malaise+1","Writhe"],"max_hp_per_floor":[70,70,70,70,70,70,70,70,70,70,70,70,70,70,70,70,70,70,70,70,70,70,70,70,70,70,70,70,70,70,70,70,70,70,70,70,70,70,70,70,70,70,70,70,70,70,70,70,70,70],"relics":["Pandora\u0027s Box","Sundial","Bag of Preparation","Ninja Scroll","Toxic Egg 2","Velvet Choker","Snake Skull","Torii","Astrolabe","Bird Faced Urn","Thread and Needle"],"card_choices":[{"not_picked":["Eviscerate","Quick Slash"],"picked":"Dodge and Roll","floor":1},{"not_picked":["Skewer","Heel Hook"],"picked":"Footwork","floor":2},{"not_picked":["Crippling Poison","Deadly Poison"],"picked":"Caltrops","floor":5},{"not_picked":["Sucker Punch","Unload"],"picked":"Blur","floor":6},{"not_picked":["Backstab","All Out Attack"],"picked":"Dagger Throw","floor":8},{"not_picked":["Infinite Blades","Endless Agony"],"picked":"Bouncing Flask","floor":10},{"not_picked":["Distraction","Masterful Stab"],"picked":"Dagger Spray","floor":11},{"not_picked":["Calculated Gamble","Footwork"],"picked":"Cloak And Dagger","floor":14},{"not_picked":["Die Die Die","Tactician"],"picked":"Bullet Time","floor":16},{"not_picked":["Prepared","Dagger Spray"],"picked":"Dodge and Roll","floor":18},{"not_picked":["Escape Plan","Poisoned Stab"],"picked":"Adrenaline","floor":20},{"not_picked":["Heel Hook","Dagger Spray"],"picked":"Backflip","floor":24},{"not_picked":["Unload","Dagger Throw"],"picked":"Riddle With Holes","floor":28},{"not_picked":["Backflip","Bouncing Flask"],"picked":"Catalyst","floor":30},{"not_picked":["Die Die Die","Night Terror"],"picked":"Burst","floor":33},{"not_picked":["PiercingWail","Dagger Spray"],"picked":"Backflip","floor":36},{"not_picked":["Dagger Throw","Slice"],"picked":"PiercingWail","floor":41},{"not_picked":["Masterful Stab","Deadly Poison"],"picked":"Malaise","floor":44}],"player_experience":491462,"potions_floor_usage":[16,16,24,31,36,50,50,50],"damage_taken":[{"damage":0,"enemies":"2 Louse","floor":1,"turns":3},{"damage":0,"enemies":"Small Slimes","floor":2,"turns":3},{"damage":2,"enemies":"Jaw Worm","floor":5,"turns":4},{"damage":24,"enemies":"3 Sentries","floor":6,"turns":12},{"damage":12,"enemies":"3 Louse","floor":8,"turns":5},{"damage":2,"enemies":"2 Fungi Beasts","floor":10,"turns":5},{"damage":16,"enemies":"Gremlin Nob","floor":11,"turns":3},{"damage":4,"enemies":"Exordium Wildlife","floor":14,"turns":3},{"damage":1,"enemies":"The Guardian","floor":16,"turns":9},{"damage":16,"enemies":"Shell Parasite","floor":18,"turns":7},{"damage":0,"enemies":"Chosen","floor":19,"turns":4},{"damage":16,"enemies":"Snake Plant","floor":20,"turns":5},{"damage":5,"enemies":"Cultist and Chosen","floor":24,"turns":7},{"damage":1,"enemies":"Snecko","floor":27,"turns":7},{"damage":0,"enemies":"3 Cultists","floor":28,"turns":5},{"damage":2,"enemies":"Cultist and Chosen","floor":30,"turns":6},{"damage":9,"enemies":"Snake Plant","floor":31,"turns":4},{"damage":24,"enemies":"Automaton","floor":33,"turns":9},{"damage":1,"enemies":"Orb Walker","floor":35,"turns":3},{"damage":22,"enemies":"3 Darklings","floor":36,"turns":8},{"damage":9,"enemies":"Sphere and 2 Shapes","floor":39,"turns":6},{"damage":0,"enemies":"4 Shapes","floor":41,"turns":8},{"damage":11,"enemies":"3 Darklings","floor":44,"turns":4},{"damage":37,"enemies":"Time Eater","floor":50,"turns":8}],"event_choices":[{"event_name":"World of Goop","player_choice":"Gather Gold","floor":3,"damage_taken":0},{"event_name":"Living Wall","player_choice":"Forget","floor":4,"damage_taken":0},{"event_name":"Golden Shrine","player_choice":"Pray","floor":38,"damage_taken":0},{"event_name":"Winding Halls","player_choice":"Writhe","floor":48,"damage_taken":0}],"boss_relics":[{"not_picked":["Philosopher\u0027s Stone","Orrery"],"picked":"Velvet Choker"},{"not_picked":["Runic Dome","White Beast Statue"],"picked":"Astrolabe"}],"potions_floor_spawned":[2,10,11,14,18,20,27,28,30,41,44],"seed_played":"5598680035846919330","ascension_level":7,"is_trial":false}