{"path_per_floor":["M","M","M","?","$","E","M","R","T","?","M","R","?","M","R","B",null,"M","$","M","?","?","R","M","R","T","M","R","E","M","M","R"],"character_chosen":"THE_SILENT","items_purchased":["Finisher","Kunai"],"gold_per_floor":[10,24,44,44,7,38,50,50,100,157,167,167,196,209,209,313,313,331,2,11,11,11,11,24,24,24,39,39,74,87,100,100,100],"floor_reached":33,"campfire_rested":5,"playtime":1998,"current_hp_per_floor":[57,57,52,52,52,34,30,51,51,41,36,57,44,28,50,32,65,60,60,42,42,67,67,46,46,46,31,54,39,10,10,34,0],"items_purged":["Strike_G"],"gold":100,"score":350,"play_id":"34dc3877-b4fd-4caa-b033-57c737294b0c","local_time":"20180327221721","is_prod":false,"is_daily":false,"is_ascension_mode":true,"campfire_upgraded":2,"timestamp":1522203441,"path_taken":["M","M","M","?","$","E","M","R","T","?","?","R","?","M","R","BOSS","M","$","M","?","?","R","?","R","T","M","R","E","M","M","R","BOSS"],"build_version":"2018-03-22v2","purchased_purges":1,"victory":false,"master_deck":["Defend_G","Defend_G","Defend_G","Defend_G","Defend_G","Strike_G","Strike_G","Strike_G","Survivor","Neutralize","Infinite Blades","Infinite Blades","Flying Knee","Heel Hook","Finisher+1","Backflip","Backflip+1","Burst","Blur+1","Backflip","Terror","Dagger Throw+1","Dagger Spray+1"],"max_hp_per_floor":[70,70,70,70,70,70,70,70,70,72,72,72,74,76,76,76,76,76,76,76,76,76,76,76,76,76,78,78,80,80,80,80,80],"relics":["Ring of the Snake","Dead Branch","Paper Crane","Singing Bowl","Bag of Preparation","Odd Mushroom","The Specimen","Kunai","Ice Cream","Matryoshka"],"card_choices":[{"not_picked":["Deadly Poison","Flechettes"],"picked":"Infinite Blades","floor":1},{"not_picked":["Flechettes","Quick Slash"],"picked":"Infinite Blades","floor":2},{"not_picked":["Slice","Bullet Time"],"picked":"Flying Knee","floor":3},{"not_picked":["Underhanded Strike","Cloak And Dagger"],"picked":"Backflip","floor":6},{"not_picked":["Dodge and Roll","Deflect"],"picked":"Backflip","floor":11},{"not_picked":["Unload","A Thousand Cuts"],"picked":"Burst","floor":16},{"not_picked":["Crippling Poison","Endless Agony"],"picked":"Blur","floor":18},{"not_picked":["Outmaneuver","Flying Knee"],"picked":"Backflip","floor":20},{"not_picked":["Prepared","Dagger Spray"],"picked":"Terror","floor":24},{"not_picked":["Sucker Punch","Endless Agony"],"picked":"Dagger Throw","floor":30},{"not_picked":["Deflect","Underhanded Strike"],"picked":"Dagger Spray","floor":31}],"player_experience":448524,"potions_floor_usage":[24,27,29,31,31],"damage_taken":[{"damage":6,"enemies":"2 Louse","floor":1,"turns":4},{"damage":0,"enemies":"Small Slimes","floor":2,"turns":2},{"damage":5,"enemies":"Cultist","floor":3,"turns":5},{"damage":18,"enemies":"3 Sentries","floor":6,"turns":5},{"damage":4,"enemies":"Blue Slaver","floor":7,"turns":3},{"damage":12,"enemies":"3 Sentries","floor":10,"turns":6},{"damage":5,"enemies":"2 Fungi Beasts","floor":11,"turns":4},{"damage":15,"enemies":"The Mushroom Lair","floor":13,"turns":4},{"damage":18,"enemies":"Lots of Slimes","floor":14,"turns":4},{"damage":18,"enemies":"Hexaghost","floor":16,"turns":10},{"damage":5,"enemies":"3 Byrds","floor":18,"turns":4},{"damage":18,"enemies":"2 Thieves","floor":20,"turns":5},{"damage":30,"enemies":"Snake Plant","floor":24,"turns":7},{"damage":17,"enemies":"3 Cultists","floor":27,"turns":6},{"damage":17,"enemies":"Slavers","floor":29,"turns":9},{"damage":29,"enemies":"Sentry and Sphere","floor":30,"turns":6},{"damage":0,"enemies":"Slaver and Parasite","floor":31,"turns":8},{"damage":38,"enemies":"Automaton","floor":33,"turns":4}],"event_choices":[{"event_name":"Living Wall","player_choice":"Change","floor":4,"damage_taken":0},{"event_name":"Dead Adventurer","player_choice":"Searched \u00271\u0027 times","floor":10,"damage_taken":0},{"event_name":"Mushrooms","player_choice":"Fought Mushrooms","floor":13,"damage_taken":0},{"event_name":"Vampires","player_choice":"Ignored","floor":21,"damage_taken":0},{"event_name":"The Library","player_choice":"Heal","floor":22,"damage_taken":0}],"boss_relics":[{"not_picked":["Tiny House","Eternal Feather"],"picked":"The Specimen"}],"potions_floor_spawned":[2,10,11,13,16,24,29,31],"seed_played":"712101267073068582","killed_by":"Automaton","ascension_level":6,"is_trial":false}