{"path_per_floor":["M","M","?","M","M","M","$","R","T","M","R","$","?","M","R","B",null,"M","M","$","?","?","E","R","$","T","?","M","R","M","$","R"],"character_chosen":"THE_SILENT","items_purchased":["Noxious Fumes","Backflip"],"gold_per_floor":[112,132,132,142,155,165,9,9,9,24,24,24,24,37,37,138,138,152,163,63,63,63,90,90,90,115,115,128,128,139,14,14,14],"floor_reached":33,"campfire_rested":4,"playtime":3109,"current_hp_per_floor":[77,77,62,62,49,41,41,41,41,34,34,34,34,34,57,39,77,54,48,48,48,48,1,24,24,24,24,16,39,34,34,57,0],"items_purged":["Defend_G","Reflex","Tactician"],"gold":14,"score":257,"play_id":"d3286127-d1a5-4fb3-9890-f3d675ad0750","local_time":"20180415193246","is_prod":false,"is_daily":false,"chose_seed":false,"is_ascension_mode":false,"campfire_upgraded":2,"timestamp":1523835166,"path_taken":["M","M","?","M","?","M","$","R","T","M","R","$","?","M","R","BOSS","M","M","$","?","?","E","R","$","T","?","M","R","?","?","R","BOSS"],"build_version":"2018-04-12","seed_source_timestamp":31216999403835,"purchased_purges":3,"victory":false,"master_deck":["Defend_G","Defend_G","Defend_G+1","Strike_G","Strike_G+1","Strike_G","Neutralize","Noxious Fumes+1","Backflip","Quick Slash","Backflip","Noxious Fumes+1","Backflip","Adrenaline","Phantasmal Killer+1","Well Laid Plans","Noxious Fumes","Adrenaline","Leg Sweep","Outmaneuver","Escape Plan","Well Laid Plans"],"max_hp_per_floor":[77,77,77,77,77,77,77,77,77,77,77,77,77,77,77,77,77,77,77,77,77,77,77,77,77,77,77,77,77,77,77,77,77],"relics":["Ring of the Snake","Pen Nib","Astrolabe","Thread and Needle","Mummified Hand","Dream Catcher"],"card_choices":[{"not_picked":["Endless Agony","Expertise"],"picked":"Noxious Fumes","floor":1},{"not_picked":["Underhanded Strike","Quick Slash"],"picked":"Backflip","floor":4},{"not_picked":["Dodge and Roll","Dagger Throw"],"picked":"Quick Slash","floor":5},{"not_picked":["PiercingWail","Malaise"],"picked":"Backflip","floor":6},{"not_picked":["Phantasmal Killer","Bullet Time"],"picked":"Adrenaline","floor":16},{"not_picked":["Acrobatics","Dodge and Roll"],"picked":"Well Laid Plans","floor":18},{"not_picked":["All Out Attack","Caltrops"],"picked":"Noxious Fumes","floor":19},{"not_picked":["Reflex","Deadly Poison"],"picked":"Adrenaline","floor":23},{"not_picked":["Outmaneuver","Deadly Poison"],"picked":"Leg Sweep","floor":28},{"not_picked":["Malaise","Slice"],"picked":"Outmaneuver","floor":29},{"not_picked":["Blade Dance","Quick Slash"],"picked":"Escape Plan","floor":30},{"not_picked":["Acrobatics","Dagger Spray"],"picked":"Well Laid Plans","floor":32}],"player_experience":43109,"potions_floor_usage":[6,16,16,23],"damage_taken":[{"damage":0,"enemies":"2 Louse","floor":1,"turns":4},{"damage":0,"enemies":"Cultist","floor":2,"turns":4},{"damage":0,"enemies":"Jaw Worm","floor":4,"turns":4},{"damage":13,"enemies":"2 Fungi Beasts","floor":5,"turns":4},{"damage":8,"enemies":"Exordium Wildlife","floor":6,"turns":4},{"damage":7,"enemies":"3 Louse","floor":10,"turns":3},{"damage":0,"enemies":"Blue Slaver","floor":14,"turns":5},{"damage":18,"enemies":"Hexaghost","floor":16,"turns":8},{"damage":23,"enemies":"Spheric Guardian","floor":18,"turns":7},{"damage":6,"enemies":"Shell Parasite","floor":19,"turns":7},{"damage":47,"enemies":"Gremlin Leader","floor":23,"turns":7},{"damage":8,"enemies":"Cultist and Chosen","floor":28,"turns":7},{"damage":5,"enemies":"Centurion and Healer","floor":30,"turns":5},{"damage":57,"enemies":"Collector","floor":33,"turns":7}],"event_choices":[{"event_name":"Shining Light","player_choice":"Entered Light","floor":3,"damage_taken":0},{"event_name":"Dead Adventurer","player_choice":"Searched \u00270\u0027 times","floor":13,"damage_taken":0},{"event_name":"Ghosts","player_choice":"Ignored","floor":21,"damage_taken":0},{"event_name":"The Mausoleum","player_choice":"Yes","floor":22,"damage_taken":0},{"event_name":"Back to Basics","player_choice":"Elegance","floor":27,"damage_taken":0}],"boss_relics":[{"not_picked":["Velvet Choker","Sozu"],"picked":"Astrolabe"}],"potions_floor_spawned":[1,2,4,14,30],"seed_played":"2052093080095764809","killed_by":"Collector","ascension_level":0,"is_trial":false}