{"path_per_floor":["M","$","?","M","?","R","M","?","T","R","M","R","M","M","R","B",null,"M","$","?","$","M","R","M","R","T","?"],"character_chosen":"THE_SILENT","items_purchased":["Tactician"],"gold_per_floor":[110,35,35,53,53,53,65,65,88,88,99,99,109,119,119,220,220,234,134,134,65,82,82,100,100,100,100,100],"floor_reached":28,"campfire_rested":0,"playtime":1091,"current_hp_per_floor":[63,63,56,56,56,56,56,56,56,56,56,56,54,54,54,49,70,70,70,70,70,43,43,43,43,43,27,0],"items_purged":["Defend_G","Strike_G"],"gold":100,"score":208,"play_id":"5b91d396-9358-44ed-8691-dcdd40b5d628","local_time":"20180406230407","is_prod":false,"is_daily":false,"is_ascension_mode":false,"campfire_upgraded":6,"timestamp":1523077447,"path_taken":["M","$","?","M","?","R","M","?","T","R","M","R","M","M","R","BOSS","M","$","?","$","M","R","M","R","T","?","E"],"build_version":"2018-04-05v2","purchased_purges":2,"victory":false,"master_deck":["Defend_G","Defend_G","Defend_G","Strike_G","Strike_G","Survivor","Neutralize+1","Prepared+1","Dagger Throw","Underhanded Strike+1","Calculated Gamble+1","Bouncing Flask+1","Blur","Burst+1","Backflip","Tactician+1","Outmaneuver+1","Deadly Poison+1"],"max_hp_per_floor":[70,70,70,70,70,70,70,70,70,70,70,70,70,70,70,70,70,70,70,70,70,70,70,70,70,70,70,70],"relics":["Ring of the Snake","Art of War","Snecko Eye","Frozen Egg 2","Nilry\u0027s Codex"],"card_choices":[{"not_picked":["Deflect","Slice"],"picked":"Prepared","floor":1.0},{"not_picked":["Bane","Poisoned Stab"],"picked":"Dagger Throw","floor":4.0},{"not_picked":["Backstab","Quick Slash"],"picked":"Underhanded Strike","floor":7.0},{"not_picked":["Footwork","Infinite Blades"],"picked":"Calculated Gamble","floor":11.0},{"not_picked":["Bane","Outmaneuver"],"picked":"Bouncing Flask","floor":13.0},{"not_picked":["Dagger Throw","Deflect"],"picked":"Blur","floor":14.0},{"not_picked":["Doppelganger","Bullet Time"],"picked":"Burst","floor":16.0},{"not_picked":["Deadly Poison","Dodge and Roll"],"picked":"Backflip","floor":18.0},{"not_picked":["Infinite Blades","Flying Knee"],"picked":"Outmaneuver","floor":22.0},{"not_picked":["Riddle With Holes","Dagger Spray"],"picked":"Deadly Poison","floor":24.0}],"player_experience":610767,"potions_floor_usage":[28],"damage_taken":[{"damage":7.0,"enemies":"Jaw Worm","floor":1.0,"turns":7.0},{"damage":0.0,"enemies":"2 Louse","floor":4.0,"turns":3.0},{"damage":0.0,"enemies":"Small Slimes","floor":7.0,"turns":3.0},{"damage":0.0,"enemies":"Red Slaver","floor":11.0,"turns":3.0},{"damage":2.0,"enemies":"Large Slime","floor":13.0,"turns":4.0},{"damage":0.0,"enemies":"Looter","floor":14.0,"turns":2.0},{"damage":5.0,"enemies":"The Guardian","floor":16.0,"turns":8.0},{"damage":0.0,"enemies":"Spheric Guardian","floor":18.0,"turns":2.0},{"damage":27.0,"enemies":"3 Byrds","floor":22.0,"turns":5.0},{"damage":0.0,"enemies":"Sentry and Sphere","floor":24.0,"turns":3.0},{"damage":30,"enemies":"Gremlin Leader","floor":28,"turns":4}],"event_choices":[{"event_name":"Golden Wing","player_choice":"Card Removal","floor":3.0,"damage_taken":0.0},{"event_name":"Accursed Blacksmith","player_choice":"Forge","floor":5.0,"damage_taken":0.0},{"event_name":"Bonfire Elementals","player_choice":"BASIC","floor":8.0,"damage_taken":0.0},{"event_name":"Vampires","player_choice":"Ignored","floor":20.0,"damage_taken":0.0},{"event_name":"Cursed Tome","player_choice":"Obtained Book","floor":27.0,"damage_taken":0.0}],"boss_relics":[],"potions_floor_spawned":[11,14,16,22],"seed_played":"850936518476144370","killed_by":"Gremlin Leader","ascension_level":0,"is_trial":false}