{"path_per_floor":["M","$","M","?","$","R","?","R","T","M","M","M","$","M","R","B",null,"M","$","M","?","?","R","?","M","T","R","$","R","M","M","R"],"character_chosen":"THE_SILENT","items_purchased":["Secret Weapon","Well Laid Plans"],"gold_per_floor":[109,34,46,221,25,25,48,48,48,58,72,87,18,34,34,130,130,145,45,55,55,55,55,55,68,68,68,68,68,82,94,94,94],"floor_reached":33,"campfire_rested":4,"playtime":3292,"current_hp_per_floor":[68,68,68,68,68,68,25,46,46,46,46,41,41,29,50,15,70,60,60,41,41,41,41,34,11,11,27,27,43,48,53,53,0],"items_purged":["Strike_G","Doubt"],"gold":94,"score":262,"play_id":"37038f3e-400a-4fe4-beb7-c0a3dd232120","local_time":"20180417022237","is_prod":false,"is_daily":false,"chose_seed":false,"is_ascension_mode":false,"campfire_upgraded":3,"timestamp":1523946157,"path_taken":["M","$","M","?","$","R","?","R","T","M","M","M","?","M","R","BOSS","M","$","M","?","?","R","?","M","T","R","$","R","?","M","R","BOSS"],"build_version":"2018-04-12","seed_source_timestamp":117671626160412,"purchased_purges":2,"victory":false,"master_deck":["Defend_G","Defend_G","Defend_G","Defend_G","Defend_G","Survivor","Neutralize","Terror","Skewer+1","Secret Weapon+1","Leg Sweep+1","Infinite Blades","Prepared","Outmaneuver","Well Laid Plans","Deadly Poison","Burst","Bite","Bite","Bite","Bite","Bite","Doubt","Die Die Die"],"max_hp_per_floor":[70,70,70,70,70,70,70,70,70,70,70,70,70,70,70,70,70,70,70,70,49,49,49,54,54,54,54,54,54,54,54,54,54],"relics":["Ring of the Snake","Odd Mushroom","Shuriken","Cursed Key","Mercury Hourglass"],"card_choices":[{"not_picked":["Well Laid Plans","Distraction"],"picked":"Terror","floor":1},{"not_picked":["Quick Slash","Deflect"],"picked":"Skewer","floor":3},{"not_picked":["Dagger Throw","Noxious Fumes"],"picked":"Leg Sweep","floor":7},{"not_picked":["Escape Plan","Eviscerate"],"picked":"Infinite Blades","floor":10},{"not_picked":["Sucker Punch","Quick Slash"],"picked":"Prepared","floor":11},{"not_picked":["Skewer","Reflex"],"picked":"Outmaneuver","floor":12},{"not_picked":["Riddle With Holes","Heel Hook"],"picked":"Deadly Poison","floor":14},{"not_picked":["Adrenaline","Glass Knife"],"picked":"Burst","floor":16},{"not_picked":["Prepared","Distraction"],"picked":"Die Die Die","floor":31}],"player_experience":34850,"potions_floor_usage":[16,16,25,33,33,33],"damage_taken":[{"damage":2,"enemies":"Jaw Worm","floor":1,"turns":6},{"damage":0,"enemies":"Small Slimes","floor":3,"turns":4},{"damage":43,"enemies":"The Mushroom Lair","floor":7,"turns":7},{"damage":0,"enemies":"2 Louse","floor":10,"turns":2},{"damage":0,"enemies":"Large Slime","floor":11,"turns":6},{"damage":5,"enemies":"Looter","floor":12,"turns":4},{"damage":12,"enemies":"Exordium Wildlife","floor":14,"turns":5},{"damage":35,"enemies":"The Guardian","floor":16,"turns":11},{"damage":10,"enemies":"Chosen","floor":18,"turns":4},{"damage":19,"enemies":"Spheric Guardian","floor":20,"turns":6},{"damage":33,"enemies":"Slaver and Parasite","floor":25,"turns":4},{"damage":1,"enemies":"Snecko","floor":30,"turns":5},{"damage":13,"enemies":"Centurion and Healer","floor":31,"turns":7},{"damage":99,"enemies":"Collector","floor":33,"turns":9}],"event_choices":[{"event_name":"Liars Game","player_choice":"agreed","floor":4,"damage_taken":0},{"event_name":"Mushrooms","player_choice":"Fought Mushrooms","floor":7,"damage_taken":0},{"event_name":"Vampires","player_choice":"Became a vampire","floor":21,"damage_taken":0},{"event_name":"Drug Dealer","player_choice":"Ignored","floor":22,"damage_taken":0},{"event_name":"Forgotten Altar","player_choice":"Shed Blood","floor":24,"damage_taken":0}],"boss_relics":[{"not_picked":["Runic Pyramid","White Beast Statue"],"picked":"Cursed Key"}],"potions_floor_spawned":[1,11,14,16,18,30],"seed_played":"4791623467359350313","killed_by":"Collector","ascension_level":0,"is_trial":false}