{"path_per_floor":["M","$","?","M","M","R","?","R","T","E","M","$","M","?","R","B",null,"M","M","?","$","M","R","E","$","T","R","M","?","E","M","R","B",null,"M","M","M","?"],"character_chosen":"THE_SILENT","items_purchased":["Flash of Steel","Backflip","Deflect","Block Potion"],"gold_per_floor":[111,10,10,27,44,44,44,44,70,105,120,45,57,57,57,159,159,175,187,187,39,58,58,92,92,92,92,103,103,129,144,144,245,245,259,277,297,297,297],"floor_reached":39,"campfire_rested":3,"playtime":1793,"current_hp_per_floor":[56,56,61,61,61,61,46,46,46,38,27,27,27,27,64,56,70,54,37,37,37,35,72,69,69,69,69,62,62,36,28,65,15,60,54,49,8,8,0],"items_purged":["Clumsy"],"gold":297,"score":661,"play_id":"381b2f81-0d29-4161-8750-4d1c6f102d12","local_time":"20180408161619","is_prod":false,"is_daily":false,"is_ascension_mode":true,"campfire_upgraded":2,"timestamp":1523222179,"path_taken":["M","$","?","?","?","R","?","R","T","E","M","$","M","?","R","BOSS","M","M","?","$","M","R","E","$","T","R","M","?","E","M","R","BOSS","M","?","M","?","M"],"build_version":"2018-04-05v2","purchased_purges":2,"victory":false,"master_deck":["Survivor","Neutralize","Footwork+1","Flash of Steel","Bouncing Flask+1","Acrobatics+1","Well Laid Plans","Deflect","Deadly Poison","Die Die Die","Wraith Form","Dagger Throw","Outmaneuver","Slice","Acrobatics","Quick Slash","Sucker Punch","Dagger Throw","PiercingWail","Sucker Punch","Malaise","Deflect","Decay","Backflip","Deflect","Leg Sweep+1","Dodge and Roll+1","Pain","Flying Knee+1","Deflect","Bouncing Flask","Tactician","Outmaneuver","Dodge and Roll+1","Acrobatics+1"],"max_hp_per_floor":[70,70,75,75,75,75,75,75,75,75,75,75,75,75,75,75,75,75,75,75,75,75,75,75,75,75,75,75,75,75,75,75,75,75,75,75,75,75,75],"relics":["Cursed Key","War Paint","Regal Pillow","Pandora\u0027s Box","Ice Cream","Girya","Bag of Preparation","Sozu"],"card_choices":[{"not_picked":["Riddle With Holes","Dagger Spray"],"picked":"Footwork","floor":1},{"not_picked":["PiercingWail","Outmaneuver"],"picked":"Bouncing Flask","floor":4},{"not_picked":["PiercingWail","Terror"],"picked":"Acrobatics","floor":5},{"not_picked":["Flying Knee","Prepared"],"picked":"Well Laid Plans","floor":10},{"not_picked":["Bouncing Flask","Outmaneuver"],"picked":"Deflect","floor":11},{"not_picked":["Dagger Throw","Outmaneuver"],"picked":"Deadly Poison","floor":13},{"not_picked":["A Thousand Cuts","Unload"],"picked":"Wraith Form","floor":16},{"not_picked":["All Out Attack","Well Laid Plans"],"picked":"Malaise","floor":18},{"not_picked":["Calculated Gamble","Dagger Spray"],"picked":"Deflect","floor":19},{"not_picked":["Backflip","Concentrate"],"picked":"Leg Sweep","floor":22},{"not_picked":["Sucker Punch","Flying Knee"],"picked":"Dodge and Roll","floor":24},{"not_picked":["Masterful Stab","Bane"],"picked":"Flying Knee","floor":28},{"not_picked":["Phantasmal Killer","PiercingWail"],"picked":"Deflect","floor":30},{"not_picked":["Backstab","Cloak And Dagger"],"picked":"Bouncing Flask","floor":31},{"not_picked":["Glass Knife","Venomology"],"picked":"Tactician","floor":33},{"not_picked":["Dagger Throw","Concentrate"],"picked":"Outmaneuver","floor":35},{"not_picked":["Outmaneuver","Predator"],"picked":"Dodge and Roll","floor":36},{"not_picked":["Dagger Throw","Prepared"],"picked":"Acrobatics","floor":37}],"player_experience":447126,"potions_floor_usage":[10,16,24,24,30,33],"damage_taken":[{"damage":7,"enemies":"Small Slimes","floor":1,"turns":5},{"damage":0,"enemies":"Jaw Worm","floor":4,"turns":4},{"damage":0,"enemies":"Cultist","floor":5,"turns":3},{"damage":8,"enemies":"Gremlin Nob","floor":10,"turns":4},{"damage":11,"enemies":"Gremlin Gang","floor":11,"turns":5},{"damage":0,"enemies":"Large Slime","floor":13,"turns":4},{"damage":8,"enemies":"The Guardian","floor":16,"turns":8},{"damage":16,"enemies":"3 Byrds","floor":18,"turns":5},{"damage":17,"enemies":"Chosen","floor":19,"turns":5},{"damage":2,"enemies":"Centurion and Healer","floor":22,"turns":8},{"damage":3,"enemies":"Gremlin Leader","floor":24,"turns":9},{"damage":7,"enemies":"Snake Plant","floor":28,"turns":5},{"damage":26,"enemies":"Slavers","floor":30,"turns":6},{"damage":8,"enemies":"Chosen and Byrds","floor":31,"turns":9},{"damage":50,"enemies":"Champ","floor":33,"turns":12},{"damage":6,"enemies":"3 Shapes","floor":35,"turns":4},{"damage":5,"enemies":"Orb Walker","floor":36,"turns":3},{"damage":41,"enemies":"Sphere and 2 Shapes","floor":37,"turns":6},{"damage":10,"enemies":"4 Shapes","floor":39,"turns":1}],"event_choices":[{"event_name":"Big Fish","player_choice":"Donut","floor":3,"damage_taken":0},{"event_name":"Shining Light","player_choice":"Entered Light","floor":7,"damage_taken":0},{"event_name":"Living Wall","player_choice":"Change","floor":14,"damage_taken":0},{"event_name":"Forgotten Altar","player_choice":"Smashed Altar","floor":20,"damage_taken":0},{"event_name":"Cursed Tome","player_choice":"Ignored","floor":29,"damage_taken":0},{"event_name":"The Woman in Blue","player_choice":"Bought 0 Potions","floor":38,"damage_taken":0}],"boss_relics":[{"not_picked":["Philosopher\u0027s Stone","Lizard Tail"],"picked":"Pandora\u0027s Box"},{"not_picked":["Astrolabe","Runic Pyramid"],"picked":"Sozu"}],"potions_floor_spawned":[1,4,5,11,24,31,33,37],"seed_played":"-2367965240995537605","killed_by":"4 Shapes","ascension_level":9,"is_trial":false}