{"path_per_floor":["M","?","M","$","?","E","R","M","T","E","M","R","M","E","R","B",null,"M","M","?","M","?","E","R","M","T","E","M","M","M","$","R","B",null,"M","?","M","M"],"character_chosen":"THE_SILENT","items_purchased":["Choke","Leg Sweep","Accuracy","Night Terror","Anchor"],"gold_per_floor":[115,215,233,54,54,87,87,101,127,154,165,165,181,206,206,306,306,316,334,334,351,351,384,384,394,394,429,440,458,474,181,181,285,285,302,302,316,332,332],"floor_reached":39,"campfire_rested":1,"playtime":3268,"current_hp_per_floor":[70,70,70,70,56,66,66,66,66,57,57,57,57,57,57,39,70,60,53,53,60,60,46,46,46,46,47,47,40,39,39,60,56,70,48,39,39,36,0],"items_purged":["Defend_G"],"gold":332,"score":542,"play_id":"1c6d1678-e635-44fe-acb0-dba900aff77f","local_time":"20180407161701","is_prod":false,"is_daily":false,"is_ascension_mode":true,"campfire_upgraded":4,"timestamp":1523110621,"path_taken":["M","?","M","?","?","E","R","M","T","E","M","R","M","E","R","BOSS","M","M","?","?","?","E","R","M","T","E","?","M","M","?","R","BOSS","M","?","M","?","M"],"build_version":"2018-04-05v2","purchased_purges":1,"victory":false,"master_deck":["Defend_G","Defend_G","Defend_G","Defend_G","Strike_G","Strike_G","Strike_G","Strike_G+1","Strike_G","Survivor","Neutralize+1","Malaise+1","Choke+1","Leg Sweep+1","Slice","Poisoned Stab","Dodge and Roll+1","Poisoned Stab","Cloak And Dagger+1","Backstab+1","Outmaneuver+1","Predator+1","Blade Dance","Escape Plan","Footwork","Dodge and Roll+1","Infinite Blades+1","Accuracy","Night Terror","Adrenaline","Concentrate","Calculated Gamble+1","Noxious Fumes","Madness","Madness"],"max_hp_per_floor":[70,70,70,70,70,70,70,70,70,70,70,70,70,70,70,70,70,70,70,70,70,70,70,70,70,70,70,70,70,70,70,70,70,70,70,70,70,70,70],"relics":["Ring of the Snake","Kunai","Art of War","Tingsha","Meat on the Bone","Sozu","Snake Skull","Ornamental Fan","Gambling Chip","The Courier","Anchor","Orrery"],"card_choices":[{"not_picked":["Heel Hook","Underhanded Strike"],"picked":"Malaise","floor":1},{"not_picked":["Die Die Die","PiercingWail"],"picked":"Slice","floor":6},{"not_picked":["Flechettes","Accuracy"],"picked":"Poisoned Stab","floor":8},{"not_picked":["Flechettes","Underhanded Strike"],"picked":"Dodge and Roll","floor":11},{"not_picked":["Flechettes","Corpse Explosion"],"picked":"Poisoned Stab","floor":13},{"not_picked":["Bane","Poisoned Stab"],"picked":"Cloak And Dagger","floor":18},{"not_picked":["Deadly Poison","Underhanded Strike"],"picked":"Backstab","floor":19},{"not_picked":["Eviscerate","Slice"],"picked":"Outmaneuver","floor":21},{"not_picked":["Infinite Blades","Choke"],"picked":"Predator","floor":23},{"not_picked":["Quick Slash","Choke"],"picked":"Blade Dance","floor":25},{"not_picked":["Dagger Spray","Bane"],"picked":"Escape Plan","floor":27},{"not_picked":["Underhanded Strike","Bane"],"picked":"Footwork","floor":28},{"not_picked":["Quick Slash","Crippling Poison"],"picked":"Dodge and Roll","floor":29},{"not_picked":["Eviscerate","Slice"],"picked":"Infinite Blades","floor":30},{"not_picked":["Bullet Time","Corpse Explosion"],"picked":"Adrenaline","floor":33},{"not_picked":["Slice","Underhanded Strike"],"picked":"Concentrate","floor":34},{"not_picked":["Setup","Deflect"],"picked":"Calculated Gamble","floor":34},{"not_picked":["Outmaneuver","Expertise"],"picked":"Noxious Fumes","floor":34}],"player_experience":343684,"potions_floor_usage":[6,16,21],"damage_taken":[{"damage":0,"enemies":"Cultist","floor":1,"turns":4},{"damage":0,"enemies":"Small Slimes","floor":3,"turns":3},{"damage":5,"enemies":"3 Sentries","floor":6,"turns":13},{"damage":0,"enemies":"Jaw Worm","floor":8,"turns":3},{"damage":9,"enemies":"Gremlin Nob","floor":10,"turns":5},{"damage":0,"enemies":"Exordium Thugs","floor":11,"turns":4},{"damage":0,"enemies":"2 Fungi Beasts","floor":13,"turns":3},{"damage":0,"enemies":"Lagavulin","floor":14,"turns":8},{"damage":18,"enemies":"Hexaghost","floor":16,"turns":15},{"damage":10,"enemies":"Spheric Guardian","floor":18,"turns":8},{"damage":7,"enemies":"2 Thieves","floor":19,"turns":4},{"damage":5,"enemies":"Snake Plant","floor":21,"turns":7},{"damage":14,"enemies":"Book of Stabbing","floor":23,"turns":7},{"damage":0,"enemies":"Cultist and Chosen","floor":25,"turns":5},{"damage":11,"enemies":"Gremlin Leader","floor":27,"turns":9},{"damage":0,"enemies":"Centurion and Healer","floor":28,"turns":6},{"damage":7,"enemies":"Chosen and Byrds","floor":29,"turns":4},{"damage":13,"enemies":"Sentry and Sphere","floor":30,"turns":6},{"damage":4,"enemies":"Champ","floor":33,"turns":18},{"damage":22,"enemies":"3 Darklings","floor":35,"turns":10},{"damage":0,"enemies":"3 Shapes","floor":37,"turns":3},{"damage":3,"enemies":"Maw","floor":38,"turns":8},{"damage":40,"enemies":"Sphere and 2 Shapes","floor":39,"turns":3}],"event_choices":[{"event_name":"Golden Shrine","player_choice":"Pray","floor":2,"damage_taken":0},{"event_name":"Shining Light","player_choice":"Entered Light","floor":5,"damage_taken":0},{"event_name":"The Lab","player_choice":"Got Potions","floor":20,"damage_taken":0},{"event_name":"Wheel of Change","player_choice":"Relic","floor":22,"damage_taken":0},{"event_name":"Winding Halls","player_choice":"Embrace Madness","floor":36,"damage_taken":0}],"boss_relics":[{"not_picked":["Runic Dome","Snecko Eye"],"picked":"Sozu"},{"not_picked":["Philosopher\u0027s Stone","Velvet Choker"],"picked":"Orrery"}],"potions_floor_spawned":[1,10,13,14,16,19,27,30,35],"seed_played":"359676937850272159","killed_by":"Sphere and 2 Shapes","ascension_level":2,"is_trial":false}