{"path_per_floor":["M","M","M","M","M","R","E","R","T","M","M","T","R","M","R"],"character_chosen":"THE_SILENT","items_purchased":[],"gold_per_floor":[109,124,134,151,162,162,195,195,195,211,224,224,224,235,235,235],"floor_reached":16,"campfire_rested":3,"playtime":1658,"current_hp_per_floor":[69,69,69,67,64,64,37,58,58,49,33,33,54,32,53,0],"items_purged":[],"gold":235,"score":106,"play_id":"433c065d-fd6c-495c-8a67-082a089ad157","local_time":"20180416203909","is_prod":false,"is_daily":false,"chose_seed":false,"is_ascension_mode":false,"campfire_upgraded":1,"timestamp":1523925549,"path_taken":["M","M","?","M","M","R","E","R","T","M","M","?","R","?","R","BOSS"],"build_version":"2018-04-12","seed_source_timestamp":98698024494851,"purchased_purges":0,"victory":false,"master_deck":["Defend_G","Defend_G","Defend_G","Defend_G","Defend_G","Strike_G","Strike_G","Strike_G+1","Strike_G","Strike_G","Survivor","Neutralize+1","Regret","Deadly Poison+1","Bane","Envenom","Acrobatics","Bane","Riddle With Holes","Crippling Poison","Prepared"],"max_hp_per_floor":[70,70,70,70,70,70,70,70,70,70,70,70,70,70,70,70],"relics":["Ring of the Snake","Tingsha","Whetstone","Ornamental Fan","Frozen Egg 2"],"card_choices":[{"not_picked":["Backstab","Dodge and Roll"],"picked":"Deadly Poison","floor":1},{"not_picked":["Backflip","Dash"],"picked":"Bane","floor":3},{"not_picked":["Expertise","Poisoned Stab"],"picked":"Envenom","floor":4},{"not_picked":["Dagger Spray","Sucker Punch"],"picked":"Acrobatics","floor":5},{"not_picked":["Backflip","Crippling Poison"],"picked":"Bane","floor":7},{"not_picked":["Dash","Quick Slash"],"picked":"Riddle With Holes","floor":10},{"not_picked":["Escape Plan","Deadly Poison"],"picked":"Crippling Poison","floor":11},{"not_picked":["Masterful Stab","Dagger Throw"],"picked":"Prepared","floor":14}],"player_experience":20790,"potions_floor_usage":[7,10,11,11],"damage_taken":[{"damage":1,"enemies":"Cultist","floor":1,"turns":5},{"damage":0,"enemies":"Small Slimes","floor":2,"turns":2},{"damage":0,"enemies":"Jaw Worm","floor":3,"turns":4},{"damage":2,"enemies":"Looter","floor":4,"turns":2},{"damage":3,"enemies":"2 Fungi Beasts","floor":5,"turns":4},{"damage":27,"enemies":"Lagavulin","floor":7,"turns":6},{"damage":9,"enemies":"Large Slime","floor":10,"turns":5},{"damage":16,"enemies":"Blue Slaver","floor":11,"turns":2},{"damage":22,"enemies":"3 Louse","floor":14,"turns":5},{"damage":53,"enemies":"The Guardian","floor":16,"turns":8}],"event_choices":[],"boss_relics":[],"potions_floor_spawned":[3,5,7,10],"seed_played":"-30951837094070317","killed_by":"The Guardian","ascension_level":0,"is_trial":false}