{"path_per_floor":["M","?","?","?","M","R","E","R","T","E","R","?","R","M","R","B",null,"M","M","T","$","?","R","M","R","T","$","E","M","?","M","R"],"character_chosen":"THE_SILENT","items_purchased":["Gremlin Horn","Snake Skull"],"gold_per_floor":[116,116,116,116,129,129,160,160,183,211,211,272,272,287,287,384,384,399,382,406,72,72,72,90,90,172,16,47,57,57,76,76,76],"floor_reached":33,"campfire_rested":3,"playtime":1388,"current_hp_per_floor":[70,70,63,56,58,58,35,35,35,20,41,29,29,31,31,27,70,42,22,22,22,22,43,37,37,37,37,29,21,21,8,29,0],"items_purged":["Strike_G"],"gold":76,"score":312,"play_id":"8887de31-a769-4b09-8adf-38e17850bf2d","local_time":"20180408125713","is_prod":false,"is_daily":false,"is_ascension_mode":true,"campfire_upgraded":3,"timestamp":1523185033,"path_taken":["M","?","?","?","M","R","E","R","T","E","R","?","R","M","R","BOSS","M","M","?","$","?","R","M","R","T","$","E","M","?","M","R","BOSS"],"build_version":"2018-04-05v2","purchased_purges":1,"victory":false,"master_deck":["Defend_G","Defend_G","Defend_G","Defend_G","Strike_G","Strike_G","Strike_G","Survivor","Neutralize+1","Infinite Blades","Flying Knee+1","Malaise+1","Cloak And Dagger","Outmaneuver","Burst","Flying Knee+1","Heel Hook","Well Laid Plans","Flying Knee+1","Noxious Fumes+1","Accuracy+1","Skewer+1","Bullet Time"],"max_hp_per_floor":[70,70,70,70,70,70,70,70,70,70,70,70,70,70,70,70,70,70,70,70,70,70,70,70,70,70,70,70,70,70,70,70,70],"relics":["Ring of the Snake","Blood Vial","Bottled Lightning","Lantern","Girya","Orrery","Whetstone","Gremlin Horn","Nloth\u0027s Gift","Paper Crane","Snake Skull","Prayer Wheel"],"card_choices":[{"not_picked":["Blur","Dodge and Roll"],"picked":"Infinite Blades","floor":1},{"not_picked":["Underhanded Strike","Distraction"],"picked":"Flying Knee","floor":7},{"not_picked":["Phantasmal Killer","Prepared"],"picked":"Malaise","floor":10},{"not_picked":["Poisoned Stab","Sucker Punch"],"picked":"Cloak And Dagger","floor":12},{"not_picked":["Underhanded Strike","Blur"],"picked":"Outmaneuver","floor":14},{"not_picked":["Bullet Time","Unload"],"picked":"Burst","floor":16},{"not_picked":["Noxious Fumes","Backflip"],"picked":"Flying Knee","floor":17},{"not_picked":["Accuracy","Bane"],"picked":"Heel Hook","floor":17},{"not_picked":["Prepared","Blade Dance"],"picked":"Well Laid Plans","floor":17},{"not_picked":["Sucker Punch","Escape Plan"],"picked":"Flying Knee","floor":17},{"not_picked":["Underhanded Strike","Flying Knee"],"picked":"Noxious Fumes","floor":18},{"not_picked":["Predator","Dagger Spray"],"picked":"Accuracy","floor":19},{"not_picked":["Underhanded Strike","Wraith Form"],"picked":"Skewer","floor":24},{"not_picked":["Sucker Punch","Prepared"],"picked":"Bullet Time","floor":31}],"player_experience":362716,"potions_floor_usage":[7,7,18,24,28,31,33,33],"damage_taken":[{"damage":0,"enemies":"Small Slimes","floor":1,"turns":3},{"damage":0,"enemies":"Cultist","floor":5,"turns":4},{"damage":25,"enemies":"Lagavulin","floor":7,"turns":10},{"damage":17,"enemies":"3 Sentries","floor":10,"turns":8},{"damage":14,"enemies":"3 Sentries","floor":12,"turns":9},{"damage":0,"enemies":"2 Louse","floor":14,"turns":3},{"damage":6,"enemies":"The Guardian","floor":16,"turns":15},{"damage":28,"enemies":"Chosen","floor":18,"turns":6},{"damage":22,"enemies":"2 Thieves","floor":19,"turns":4},{"damage":8,"enemies":"Snake Plant","floor":24,"turns":5},{"damage":10,"enemies":"Gremlin Leader","floor":28,"turns":5},{"damage":10,"enemies":"Slaver and Parasite","floor":29,"turns":5},{"damage":15,"enemies":"Sentry and Sphere","floor":31,"turns":4},{"damage":32,"enemies":"Champ","floor":33,"turns":8}],"event_choices":[{"event_name":"Bonfire Elementals","player_choice":"BASIC","floor":2,"damage_taken":0},{"event_name":"Scrap Ooze","player_choice":"success","floor":3,"damage_taken":7},{"event_name":"Golden Wing","player_choice":"Card Removal","floor":4,"damage_taken":0},{"event_name":"Dead Adventurer","player_choice":"Searched \u00272\u0027 times","floor":12,"damage_taken":0},{"event_name":"N\u0027loth","player_choice":"Traded a Dream Catcher","floor":22,"damage_taken":0},{"event_name":"Beggar","player_choice":"Ignored","floor":30,"damage_taken":0}],"boss_relics":[{"not_picked":["Black Star","Snecko Eye"],"picked":"Orrery"}],"potions_floor_spawned":[1,5,10,12,19,28,31],"seed_played":"-2657488278401221928","killed_by":"Champ","ascension_level":3,"is_trial":false}