{"path_per_floor":["M","M","?","M","M","R","M","R","T","?","M","R","$","M","R","B",null,"M","?","?","M","M","R","?","E","T","M","M","M"],"character_chosen":"THE_SILENT","items_purchased":["Accuracy"],"gold_per_floor":[118,131,131,143,159,159,179,179,179,179,195,195,39,53,53,154,154,154,154,154,154,154,154,79,79,79,79,79,79,79],"floor_reached":30,"campfire_rested":1,"playtime":1128,"current_hp_per_floor":[70,70,70,63,46,46,41,41,41,64,43,43,43,34,55,38,70,61,61,61,61,50,50,50,27,27,9,7,3,0],"items_purged":["Strike_G"],"gold":79,"score":283,"play_id":"7c07f6e9-6ce2-487f-9015-87adebeed6da","local_time":"20180409231426","is_prod":false,"is_daily":false,"is_ascension_mode":true,"campfire_upgraded":2,"timestamp":1523308466,"path_taken":["M","M","?","M","?","R","M","R","T","?","M","R","$","M","R","BOSS","M","?","?","M","M","R","?","E","T","?","M","?","M"],"build_version":"2018-04-05v2","purchased_purges":1,"victory":false,"master_deck":["Defend_G","Defend_G","Defend_G","Defend_G","Defend_G","Strike_G","Strike_G","Survivor","Neutralize","Sucker Punch+1","Calculated Gamble","Blade Dance","Noxious Fumes+1","Poisoned Stab","Accuracy","Catalyst","Venomology","Catalyst","Poisoned Stab+1","Bane+1","Well Laid Plans","Well Laid Plans+1","Backflip"],"max_hp_per_floor":[70,70,70,70,70,70,70,70,70,70,70,70,70,70,70,70,70,70,70,70,70,70,70,70,70,70,70,70,70,70],"relics":["Ring of the Snake","Girya","Ectoplasm","Question Card","Sundial"],"card_choices":[{"not_picked":["Riddle With Holes","PiercingWail"],"picked":"Sucker Punch","floor":1},{"not_picked":["Underhanded Strike","Dagger Spray"],"picked":"Calculated Gamble","floor":2},{"not_picked":["Storm of Steel","Dodge and Roll"],"picked":"Blade Dance","floor":4},{"not_picked":["Skewer","Prepared"],"picked":"Noxious Fumes","floor":7},{"not_picked":["Slice","Outmaneuver"],"picked":"Poisoned Stab","floor":11},{"not_picked":["Die Die Die","Dagger Throw"],"picked":"Catalyst","floor":14},{"not_picked":["Unload","Tools of the Trade"],"picked":"Venomology","floor":16},{"not_picked":["Dagger Spray","Deadly Poison"],"picked":"Catalyst","floor":18},{"not_picked":["Deflect","Underhanded Strike"],"picked":"Poisoned Stab","floor":21},{"not_picked":["Prepared","Flying Knee"],"picked":"Bane","floor":22},{"not_picked":["Quick Slash","Outmaneuver","Acrobatics"],"picked":"Well Laid Plans","floor":27},{"not_picked":["Bane","Poisoned Stab","Flying Knee"],"picked":"Well Laid Plans","floor":28},{"not_picked":["Poisoned Stab","Finisher","Deflect"],"picked":"Backflip","floor":29}],"player_experience":372871,"potions_floor_usage":[14,16,16,22,25,25,27,28,28,29,29,30],"damage_taken":[{"damage":0,"enemies":"2 Louse","floor":1,"turns":4},{"damage":0,"enemies":"Small Slimes","floor":2,"turns":3},{"damage":7,"enemies":"Cultist","floor":4,"turns":4},{"damage":17,"enemies":"Gremlin Gang","floor":5,"turns":9},{"damage":5,"enemies":"2 Fungi Beasts","floor":7,"turns":4},{"damage":21,"enemies":"Large Slime","floor":11,"turns":8},{"damage":9,"enemies":"Exordium Thugs","floor":14,"turns":5},{"damage":17,"enemies":"Slime Boss","floor":16,"turns":8},{"damage":9,"enemies":"3 Byrds","floor":18,"turns":4},{"damage":0,"enemies":"Chosen","floor":21,"turns":5},{"damage":11,"enemies":"Centurion and Healer","floor":22,"turns":8},{"damage":23,"enemies":"Book of Stabbing","floor":25,"turns":5},{"damage":18,"enemies":"Chosen and Byrds","floor":27,"turns":5},{"damage":2,"enemies":"Snecko","floor":28,"turns":4},{"damage":4,"enemies":"Cultist and Chosen","floor":29,"turns":4},{"damage":14,"enemies":"Centurion and Healer","floor":30,"turns":1}],"event_choices":[{"event_name":"Liars Game","player_choice":"disagreed","floor":3,"damage_taken":0},{"event_name":"Big Fish","player_choice":"Banana","floor":10,"damage_taken":0},{"event_name":"Ghosts","player_choice":"Ignored","floor":19,"damage_taken":0},{"event_name":"Bonfire Elementals","player_choice":"BASIC","floor":20,"damage_taken":0},{"event_name":"Beggar","player_choice":"Gave Gold","floor":24,"damage_taken":0}],"boss_relics":[{"not_picked":["Runic Dome","Lizard Tail"],"picked":"Ectoplasm"}],"potions_floor_spawned":[1,7,11,22,25,27],"seed_played":"-7265987141870834485","killed_by":"Centurion and Healer","ascension_level":3,"is_trial":false}