{"path_per_floor":["M","M","?","T","M","E","?","$","T","R","M","E","?","?","R"],"character_chosen":"THE_SILENT","items_purchased":["Whetstone","Acrobatics"],"gold_per_floor":[117,128,128,128,148,173,173,2,82,82,95,121,86,86,86,86],"floor_reached":16,"campfire_rested":2,"playtime":561,"current_hp_per_floor":[60,59,59,59,52,9,9,9,9,45,36,23,40,40,70,0],"items_purged":[],"gold":86,"score":119,"play_id":"76515a35-d9ef-45c1-8ad5-cc8c6baaca42","local_time":"20180409224105","is_prod":false,"is_daily":false,"is_ascension_mode":true,"campfire_upgraded":0,"timestamp":1523328065,"path_taken":["M","?","?","?","M","E","?","$","T","R","?","E","?","?","R","BOSS"],"build_version":"2018-04-05v2","purchased_purges":0,"victory":false,"master_deck":["Defend_G","Defend_G","Defend_G","Defend_G","Defend_G","Strike_G","Strike_G","Strike_G+1","Strike_G","Strike_G+1","Survivor+1","Neutralize","Backflip","Acrobatics","Deadly Poison+1","Sucker Punch","Acrobatics","Deflect","Bane"],"max_hp_per_floor":[70,70,70,70,70,70,70,70,70,70,70,70,70,70,70,70],"relics":["Black Star","The Specimen","War Paint","Regal Pillow","Whetstone","Tough Bandages","Meat on the Bone","Kunai"],"card_choices":[{"not_picked":["PiercingWail","Quick Slash"],"picked":"Backflip","floor":1},{"not_picked":["Crippling Poison","Deadly Poison"],"picked":"Acrobatics","floor":2},{"not_picked":["Underhanded Strike","PiercingWail"],"picked":"Deadly Poison","floor":5},{"not_picked":["Flying Knee","Tactician"],"picked":"Sucker Punch","floor":6},{"not_picked":["PiercingWail","Deadly Poison"],"picked":"Deflect","floor":11},{"not_picked":["Footwork","Expertise"],"picked":"Bane","floor":12}],"player_experience":265793,"potions_floor_usage":[12,12],"damage_taken":[{"damage":10,"enemies":"Cultist","floor":1,"turns":6},{"damage":1,"enemies":"2 Louse","floor":2,"turns":3},{"damage":7,"enemies":"Small Slimes","floor":5,"turns":4},{"damage":43,"enemies":"Gremlin Nob","floor":6,"turns":6},{"damage":9,"enemies":"Blue Slaver","floor":11,"turns":4},{"damage":13,"enemies":"Lagavulin","floor":12,"turns":6},{"damage":82,"enemies":"Slime Boss","floor":16,"turns":12}],"event_choices":[{"event_name":"Liars Game","player_choice":"disagreed","floor":3,"damage_taken":0},{"event_name":"Dead Adventurer","player_choice":"Searched \u00270\u0027 times","floor":7,"damage_taken":0},{"event_name":"The Cleric","player_choice":"Healed","floor":13,"damage_taken":0},{"event_name":"Match and Keep!","player_choice":"0 cards matched","floor":14,"damage_taken":0}],"boss_relics":[],"potions_floor_spawned":[6,11],"seed_played":"4384652194498559269","killed_by":"Slime Boss","ascension_level":2,"is_trial":false}