{"path_per_floor":["M","$","M","M","M","R","?","M","T","M","M","R","M","M","R","B",null,"M","M"],"character_chosen":"THE_SILENT","items_purchased":["Well Laid Plans"],"gold_per_floor":[116,41,59,74,84,84,84,99,126,144,154,154,167,187,187,291,291,309,329,329],"floor_reached":20,"campfire_rested":1,"playtime":2113,"current_hp_per_floor":[68,68,68,68,68,68,68,68,68,68,64,64,56,56,70,51,70,53,41,0],"items_purged":[],"gold":329,"score":172,"play_id":"177f264a-025b-4925-91d1-1c306914ec02","local_time":"20180417060759","is_prod":false,"is_daily":false,"chose_seed":false,"is_ascension_mode":false,"campfire_upgraded":2,"timestamp":1523959679,"path_taken":["M","$","M","M","M","R","?","M","T","M","M","R","M","M","R","BOSS","M","M","M"],"build_version":"2018-04-12","seed_source_timestamp":0,"purchased_purges":0,"victory":false,"master_deck":["Defend_G","Defend_G","Defend_G","Defend_G","Strike_G","Strike_G","Strike_G","Strike_G","Survivor","Neutralize","Flying Knee","Well Laid Plans+1","Backflip","Prepared","Caltrops","Underhanded Strike","Infinite Blades+1","Backflip","Dagger Throw","Adrenaline","Acrobatics"],"max_hp_per_floor":[70,70,70,70,70,70,70,70,70,70,70,70,70,70,70,70,70,70,70,70],"relics":["Ring of the Snake","Anchor","Black Star"],"card_choices":[{"not_picked":["Underhanded Strike","Finisher"],"picked":"Flying Knee","floor":1.0},{"not_picked":["Escape Plan","Dodge and Roll"],"picked":"Backflip","floor":3.0},{"not_picked":["Sucker Punch","Caltrops"],"picked":"Prepared","floor":4.0},{"not_picked":["Bane","Deflect"],"picked":"Caltrops","floor":5.0},{"not_picked":["PiercingWail","Sucker Punch"],"picked":"Underhanded Strike","floor":8.0},{"not_picked":["Reflex","Slice"],"picked":"Infinite Blades","floor":11.0},{"not_picked":["Slice","Prepared"],"picked":"Backflip","floor":13.0},{"not_picked":["Phantasmal Killer","Backflip"],"picked":"Dagger Throw","floor":14.0},{"not_picked":["Venomology","A Thousand Cuts"],"picked":"Adrenaline","floor":16.0},{"not_picked":["Outmaneuver","Deflect"],"picked":"Acrobatics","floor":18}],"player_experience":62133,"potions_floor_usage":[],"damage_taken":[{"damage":2.0,"enemies":"Jaw Worm","floor":1.0,"turns":6.0},{"damage":0.0,"enemies":"Cultist","floor":3.0,"turns":3.0},{"damage":0.0,"enemies":"Small Slimes","floor":4.0,"turns":3.0},{"damage":0.0,"enemies":"Blue Slaver","floor":5.0,"turns":5.0},{"damage":0.0,"enemies":"Looter","floor":8.0,"turns":4.0},{"damage":0.0,"enemies":"2 Fungi Beasts","floor":10.0,"turns":4.0},{"damage":4.0,"enemies":"Exordium Thugs","floor":11.0,"turns":5.0},{"damage":8.0,"enemies":"3 Louse","floor":13.0,"turns":3.0},{"damage":0.0,"enemies":"Large Slime","floor":14.0,"turns":4.0},{"damage":19.0,"enemies":"Hexaghost","floor":16.0,"turns":11.0},{"damage":17,"enemies":"Spheric Guardian","floor":18,"turns":6},{"damage":12,"enemies":"Shell Parasite","floor":19,"turns":7},{"damage":41,"enemies":"Chosen and Byrds","floor":20,"turns":6}],"event_choices":[{"event_name":"Bonfire Elementals","player_choice":"BASIC","floor":7.0,"damage_taken":0.0}],"boss_relics":[{"not_picked":["Sozu","Runic Dome"],"picked":"Black Star"}],"potions_floor_spawned":[3,10,14,16,18],"seed_played":"-899536784529485170","killed_by":"Chosen and Byrds","ascension_level":0,"is_trial":false}