{"path_per_floor":["M","?","M","?","?","E","M","R","T","$","E","M","T","M","R","B",null,"M","?","M","M","$","M","M","R","T","M","R","M","$","?","R"],"character_chosen":"THE_SILENT","items_purchased":["Deadly Poison","Poison Potion","Poisoned Stab","Bandage Up","Regal Pillow","Swift Potion"],"gold_per_floor":[111,61,73,73,73,108,119,119,119,17,51,70,148,160,160,257,257,268,268,282,292,1,21,40,40,40,53,53,64,14,14,14,14],"floor_reached":33,"campfire_rested":5,"playtime":3849,"current_hp_per_floor":[65,65,64,64,64,24,24,45,45,45,56,56,56,50,74,18,80,66,66,41,6,6,30,20,59,59,33,72,52,52,52,80,0],"items_purged":[],"gold":14,"score":259,"play_id":"615c867a-d3be-4d6f-b11f-689190c40f20","local_time":"20180417004728","is_prod":false,"is_daily":false,"chose_seed":false,"is_ascension_mode":false,"campfire_upgraded":0,"timestamp":1523940448,"path_taken":["M","?","M","?","?","E","M","R","T","?","E","?","?","M","R","BOSS","M","?","M","M","$","?","M","R","T","M","R","M","$","?","R","BOSS"],"build_version":"2018-04-12","seed_source_timestamp":111400918376636,"purchased_purges":1,"victory":false,"master_deck":["Defend_G","Defend_G","Defend_G","Defend_G","Strike_G","Strike_G","Strike_G","Strike_G","Survivor","Neutralize","Envenom","Dodge and Roll+1","Riddle With Holes","Dash+1","Outmaneuver","Deadly Poison","Bouncing Flask","Deadly Poison","Corpse Explosion+1","Deadly Poison+1","Flechettes+1","Poisoned Stab+1","Bandage Up","Bane+1","Poisoned Stab+1","Well Laid Plans+1"],"max_hp_per_floor":[70,70,70,70,70,70,70,70,70,70,80,80,80,80,80,80,80,80,80,80,80,80,80,80,80,80,80,80,80,80,80,80,80],"relics":["Ring of the Snake","Molten Egg 2","Darkstone Periapt","Pear","Paper Crane","Lizard Tail","Bird Faced Urn","Regal Pillow","Pen Nib"],"card_choices":[{"not_picked":["Underhanded Strike","Dagger Throw"],"picked":"Dodge and Roll","floor":1},{"not_picked":["Dagger Throw","PiercingWail"],"picked":"Riddle With Holes","floor":3},{"not_picked":["Terror","Endless Agony"],"picked":"Dash","floor":6},{"not_picked":["Underhanded Strike","Dagger Spray"],"picked":"Outmaneuver","floor":7},{"not_picked":["Venomology","Phantasmal Killer"],"picked":"Bouncing Flask","floor":11},{"not_picked":["Deflect","Dagger Throw"],"picked":"Deadly Poison","floor":12},{"not_picked":["Tools of the Trade","Adrenaline"],"picked":"Corpse Explosion","floor":16},{"not_picked":["Skewer","Underhanded Strike"],"picked":"Deadly Poison","floor":18},{"not_picked":["Deflect","Caltrops"],"picked":"Flechettes","floor":20},{"not_picked":["Masterful Stab","Flying Knee"],"picked":"Bane","floor":23},{"not_picked":["Finisher","Infinite Blades"],"picked":"Poisoned Stab","floor":24},{"not_picked":["PiercingWail","A Thousand Cuts"],"picked":"Well Laid Plans","floor":27}],"player_experience":28853,"potions_floor_usage":[11,11,21,21,27,33,33,33],"damage_taken":[{"damage":5,"enemies":"Small Slimes","floor":1,"turns":4},{"damage":1,"enemies":"Jaw Worm","floor":3,"turns":8},{"damage":40,"enemies":"Gremlin Nob","floor":6,"turns":6},{"damage":0,"enemies":"2 Louse","floor":7,"turns":3},{"damage":14,"enemies":"3 Sentries","floor":11,"turns":9},{"damage":0,"enemies":"Looter","floor":12,"turns":3},{"damage":6,"enemies":"Exordium Wildlife","floor":14,"turns":5},{"damage":56,"enemies":"Slime Boss","floor":16,"turns":14},{"damage":14,"enemies":"Shell Parasite","floor":18,"turns":5},{"damage":25,"enemies":"2 Thieves","floor":20,"turns":5},{"damage":37,"enemies":"Chosen and Byrds","floor":21,"turns":7},{"damage":20,"enemies":"Snake Plant","floor":23,"turns":3},{"damage":16,"enemies":"Cultist and Chosen","floor":24,"turns":6},{"damage":32,"enemies":"Chosen and Byrds","floor":27,"turns":6},{"damage":24,"enemies":"Snake Plant","floor":29,"turns":3},{"damage":100,"enemies":"Collector","floor":33,"turns":10}],"event_choices":[{"event_name":"The Cleric","player_choice":"Card Removal","floor":2,"damage_taken":0},{"event_name":"Liars Game","player_choice":"disagreed","floor":4,"damage_taken":0},{"event_name":"Living Wall","player_choice":"Grow","floor":5,"damage_taken":0},{"event_name":"The Mausoleum","player_choice":"Yes","floor":19,"damage_taken":0},{"event_name":"Purifier","player_choice":"One Purge","floor":31,"damage_taken":0}],"boss_relics":[{"not_picked":["Runic Dome","Calling Bell"],"picked":"Lizard Tail"}],"potions_floor_spawned":[7,12,16,23,24,27],"seed_played":"1283999902082254346","killed_by":"Collector","ascension_level":0,"is_trial":false}