{"path_per_floor":["M","?","?","M","M","E","M","M","T","?","R","?","M","M","R"],"character_chosen":"THE_SILENT","items_purchased":[],"gold_per_floor":[109,109,284,294,310,343,361,376,376,376,376,376,397,413,413,413],"floor_reached":16,"campfire_rested":2,"playtime":1058,"current_hp_per_floor":[69,69,69,69,67,29,22,4,4,4,25,25,25,15,34,0],"items_purged":[],"gold":413,"score":104,"play_id":"e79f1b18-a3cb-4c56-941b-e9720e4aa54a","local_time":"20180416235622","is_prod":false,"is_daily":false,"chose_seed":false,"is_ascension_mode":false,"campfire_upgraded":0,"timestamp":1523919382,"path_taken":["M","?","?","M","M","E","M","M","T","?","R","?","M","M","R","BOSS"],"build_version":"2018-04-12","seed_source_timestamp":258091261131353,"purchased_purges":0,"victory":false,"master_deck":["Defend_G","Defend_G","Defend_G","Defend_G","Defend_G","Strike_G","Strike_G","Strike_G","Strike_G","Strike_G","Survivor","Neutralize","Doppelganger","Poisoned Stab+1","Doubt","Deflect","Flying Knee","Skewer","Deadly Poison","Choke","Quick Slash","Terror"],"max_hp_per_floor":[70,70,70,70,70,70,70,70,70,70,70,65,65,65,65,65],"relics":["Ring of the Snake","Juzu Bracelet","Paper Crane","Golden Idol"],"card_choices":[{"not_picked":["Quick Slash","Sucker Punch"],"picked":"Poisoned Stab","floor":1},{"not_picked":["Acrobatics","Malaise"],"picked":"Deflect","floor":4},{"not_picked":["PiercingWail","Backflip"],"picked":"Flying Knee","floor":5},{"not_picked":["Blur","Riddle With Holes"],"picked":"Skewer","floor":6},{"not_picked":["Underhanded Strike","Blur"],"picked":"Deadly Poison","floor":7},{"not_picked":["Expertise","Dash"],"picked":"Choke","floor":8},{"not_picked":["Reflex","Slice"],"picked":"Quick Slash","floor":13},{"not_picked":["Underhanded Strike","Dodge and Roll"],"picked":"Terror","floor":14}],"player_experience":8947,"potions_floor_usage":[16,16,16],"damage_taken":[{"damage":1,"enemies":"Cultist","floor":1,"turns":5},{"damage":0,"enemies":"2 Louse","floor":4,"turns":4},{"damage":2,"enemies":"Jaw Worm","floor":5,"turns":5},{"damage":38,"enemies":"Lagavulin","floor":6,"turns":11},{"damage":7,"enemies":"Blue Slaver","floor":7,"turns":4},{"damage":18,"enemies":"Exordium Thugs","floor":8,"turns":5},{"damage":0,"enemies":"Looter","floor":13,"turns":3},{"damage":10,"enemies":"Lots of Slimes","floor":14,"turns":4},{"damage":37,"enemies":"The Guardian","floor":16,"turns":5}],"event_choices":[{"event_name":"Living Wall","player_choice":"Grow","floor":2,"damage_taken":0},{"event_name":"Liars Game","player_choice":"agreed","floor":3,"damage_taken":0},{"event_name":"The Lab","player_choice":"Got Potions","floor":10,"damage_taken":0},{"event_name":"Golden Idol","player_choice":"Lose Max HP","floor":12,"damage_taken":0}],"boss_relics":[],"potions_floor_spawned":[7,8,13],"seed_played":"7822241780243295364","killed_by":"The Guardian","ascension_level":0,"is_trial":false}