{"path_per_floor":["M","M","M","?","?","R","M","R","T","R","M","M","?","$","R","B",null,"M","?","M","$","M","R","E","R","T","M","M","R","E","?","R","B",null,"M","?","M","$","?","R","E","R","T","R","M","E","$","M","R","B"],"character_chosen":"THE_SILENT","items_purchased":["Predator","Bullet Time","Bag of Marbles","Apotheosis","Strength Potion","Flechettes"],"gold_per_floor":[17,28,47,122,122,122,139,139,211,211,225,239,264,108,108,210,210,230,145,161,11,24,24,55,55,55,68,78,78,111,111,111,210,210,224,224,239,49,49,49,76,76,122,122,142,170,9,22,22,22],"floor_reached":51,"campfire_rested":7,"playtime":1974,"current_hp_per_floor":[57,57,52,41,29,50,42,42,42,42,42,42,42,42,42,19,57,41,51,51,51,44,44,45,45,45,27,27,53,36,36,62,24,71,42,42,42,42,42,68,5,31,31,57,39,25,25,23,49,34],"items_purged":["Pain"],"gold":22,"score":1093,"play_id":"3fc80318-1970-4798-b4b9-b67e80ab2024","local_time":"20180415133721","is_prod":false,"is_daily":false,"chose_seed":false,"is_ascension_mode":true,"campfire_upgraded":5,"timestamp":1523817441,"path_taken":["M","M","M","?","?","R","M","R","T","R","M","M","?","$","R","BOSS","M","?","M","$","M","R","E","R","T","M","M","R","E","?","R","BOSS","M","?","M","?","?","R","E","R","T","R","M","E","$","M","R","BOSS"],"build_version":"2018-04-12","seed_source_timestamp":0,"purchased_purges":1,"victory":true,"master_deck":["Defend_G","Defend_G","Defend_G","Defend_G","Defend_G","Strike_G","Strike_G","Strike_G","Strike_G","Survivor","Neutralize+1","Deflect","Skewer+1","Dagger Spray+1","Backflip","Backstab","Predator","Bullet Time+1","Envenom","Slice+1","Prepared","Acrobatics+1","Writhe","Backflip+1","Backstab+1","Leg Sweep","Phantasmal Killer","Acrobatics","Apotheosis","Blur","All Out Attack","Blur","Flechettes","Escape Plan","Well Laid Plans+1"],"max_hp_per_floor":[70,70,70,70,70,70,70,70,70,70,70,70,70,70,70,70,70,70,80,80,80,80,80,87,87,87,87,87,87,87,87,87,87,87,87,87,87,87,87,87,87,87,87,87,87,87,87,87,87,87],"relics":["Ring of the Snake","Peace Pipe","Bronze Scales","Pantograph","Odd Mushroom","Cursed Key","Pear","Bag of Marbles","Strawberry","Mercury Hourglass","Lantern","White Beast Statue","Tingsha","Art of War","Dream Catcher"],"card_choices":[{"not_picked":["Dodge and Roll","Cloak And Dagger"],"picked":"Deflect","floor":1.0},{"not_picked":["Outmaneuver","Dodge and Roll"],"picked":"Skewer","floor":2.0},{"not_picked":["All Out Attack","Expertise"],"picked":"Dagger Spray","floor":7.0},{"not_picked":["Catalyst","Expertise"],"picked":"Backflip","floor":11.0},{"not_picked":["Reflex","Infinite Blades"],"picked":"Backstab","floor":12.0},{"not_picked":["Unload","A Thousand Cuts"],"picked":"Envenom","floor":16.0},{"not_picked":["Dodge and Roll","Noxious Fumes"],"picked":"Slice","floor":18.0},{"not_picked":["Poisoned Stab","Dagger Spray"],"picked":"Prepared","floor":20.0},{"not_picked":["PiercingWail","A Thousand Cuts"],"picked":"Acrobatics","floor":24.0},{"not_picked":["Blade Dance","Backstab"],"picked":"Backflip","floor":27.0},{"not_picked":["Masterful Stab","Dagger Throw"],"picked":"Backstab","floor":28.0},{"not_picked":["Dagger Spray","Endless Agony"],"picked":"Leg Sweep","floor":30.0},{"not_picked":["Venomology","Unload"],"picked":"Phantasmal Killer","floor":33.0},{"not_picked":["Catalyst","Deadly Poison"],"picked":"Acrobatics","floor":35.0},{"not_picked":["Dodge and Roll","Sucker Punch"],"picked":"Blur","floor":41},{"not_picked":["Skewer","Dodge and Roll"],"picked":"All Out Attack","floor":45},{"not_picked":["Dodge and Roll","Setup"],"picked":"Blur","floor":46},{"not_picked":["Deflect","Dodge and Roll"],"picked":"Escape Plan","floor":48},{"not_picked":["Bane","PiercingWail"],"picked":"Well Laid Plans","floor":49}],"player_experience":460969,"potions_floor_usage":[45,46,50,50],"damage_taken":[{"damage":6.0,"enemies":"Cultist","floor":1.0,"turns":4.0},{"damage":0.0,"enemies":"Small Slimes","floor":2.0,"turns":5.0},{"damage":5.0,"enemies":"2 Louse","floor":3.0,"turns":3.0},{"damage":8.0,"enemies":"Blue Slaver","floor":7.0,"turns":3.0},{"damage":0.0,"enemies":"3 Louse","floor":11.0,"turns":2.0},{"damage":0.0,"enemies":"Large Slime","floor":12.0,"turns":4.0},{"damage":0.0,"enemies":"The Mushroom Lair","floor":13.0,"turns":3.0},{"damage":48.0,"enemies":"Hexaghost","floor":16.0,"turns":13.0},{"damage":16.0,"enemies":"Spheric Guardian","floor":18.0,"turns":4.0},{"damage":0.0,"enemies":"Shell Parasite","floor":20.0,"turns":4.0},{"damage":7.0,"enemies":"3 Cultists","floor":22.0,"turns":4.0},{"damage":6.0,"enemies":"Slavers","floor":24.0,"turns":5.0},{"damage":18.0,"enemies":"Snake Plant","floor":27.0,"turns":3.0},{"damage":0.0,"enemies":"Centurion and Healer","floor":28.0,"turns":4.0},{"damage":17.0,"enemies":"Book of Stabbing","floor":30.0,"turns":4.0},{"damage":63.0,"enemies":"Collector","floor":33.0,"turns":11.0},{"damage":29.0,"enemies":"3 Darklings","floor":35.0,"turns":4.0},{"damage":0.0,"enemies":"3 Shapes","floor":37.0,"turns":3.0},{"damage":63,"enemies":"Giant Head","floor":41,"turns":9},{"damage":18,"enemies":"3 Darklings","floor":45,"turns":4},{"damage":14,"enemies":"2 Orb Walkers","floor":46,"turns":4},{"damage":2,"enemies":"Maw","floor":48,"turns":8},{"damage":40,"enemies":"Donu and Deca","floor":50,"turns":10}],"event_choices":[{"event_name":"World of Goop","player_choice":"Gather Gold","floor":4.0,"damage_taken":0.0},{"event_name":"Scrap Ooze","player_choice":"success","floor":5.0,"damage_taken":12.0},{"event_name":"Mushrooms","player_choice":"Fought Mushrooms","floor":13.0,"damage_taken":0.0},{"event_name":"Addict","player_choice":"Obtained Relic","floor":19.0,"damage_taken":0.0},{"event_name":"Vampires","player_choice":"Ignored","floor":31.0,"damage_taken":0.0},{"event_name":"The Moai Head","player_choice":"Ignored","floor":39.0,"damage_taken":0.0}],"boss_relics":[],"potions_floor_spawned":[2,11,12,16,20,22,30,33,35,37,41,45,46,48],"seed_played":"5268627173885985827","ascension_level":9,"is_trial":false}