{"path_per_floor":["M","$","M","?","?","E","R","M","T","M","T","R","E","M","R","B",null,"M","$","M","$","?","E","R","M","T","?","E","R","E","M","R","B",null,"M","?","M","M","M","R","E","M","T","?","$","?","R","M","R"],"character_chosen":"THE_SILENT","items_purchased":["Noxious Fumes","Purity","Eviscerate","Pen Nib"],"gold_per_floor":[118,43,54,54,54,87,87,106,106,131,158,158,193,214,214,339,377,391,163,186,68,68,104,104,123,123,38,71,71,104,122,122,245,245,266,266,290,305,326,326,370,386,386,386,179,179,179,202,202,202],"floor_reached":50,"campfire_rested":3,"playtime":2307,"current_hp_per_floor":[70,70,70,70,65,54,54,52,52,52,52,52,52,52,52,52,70,70,67,67,67,67,62,62,62,76,76,59,81,81,81,81,54,81,81,81,81,50,50,50,48,51,51,41,41,31,55,48,72,0],"items_purged":["Normality","Parasite","Strike_G","Crippling Poison"],"gold":202,"score":757,"play_id":"d0757e48-f161-4bbc-8595-27a6d66a4245","local_time":"20180409122737","is_prod":false,"is_daily":false,"is_ascension_mode":true,"campfire_upgraded":6,"timestamp":1523291257,"path_taken":["M","$","M","?","?","E","R","M","T","?","?","R","E","M","R","BOSS","M","$","M","$","?","E","R","M","T","?","E","R","E","M","R","BOSS","M","?","M","M","?","R","E","M","T","?","$","?","R","M","R","BOSS"],"build_version":"2018-04-05v2","purchased_purges":4,"victory":false,"master_deck":["Survivor+1","Neutralize+1","Clumsy","Backflip","Cloak And Dagger+1","Bullet Time+1","Adrenaline+1","Dagger Spray","Underhanded Strike","PiercingWail","Blur+1","A Thousand Cuts","Malaise","Acrobatics+1","Noxious Fumes+1","Purity","All Out Attack+1","Eviscerate","Choke+1","Heel Hook+1","Terror+1","Doppelganger","Acrobatics","Outmaneuver","Dagger Throw","Dash","Outmaneuver+1","Sucker Punch","Setup+1","Malaise+1","Terror+1","Footwork+1","Die Die Die","Flash of Steel","Finesse","Panache","Madness","Madness","Terror+1"],"max_hp_per_floor":[70,70,70,70,65,65,65,65,65,65,65,65,65,65,65,65,70,70,67,67,67,67,67,67,67,81,81,81,81,81,81,81,81,81,81,81,81,81,81,81,81,81,81,81,81,81,81,81,81,81],"relics":["Calling Bell","Dead Branch","Bag of Marbles","Ninja Scroll","Golden Idol","Smiling Mask","Toolbox","Ancient Tea Set","Anchor","Tiny House","Bronze Scales","Mango","Vajra","Ice Cream","Lantern","Pandora\u0027s Box","Centennial Puzzle","War Paint","Pen Nib"],"card_choices":[{"not_picked":["Flying Knee","Underhanded Strike"],"picked":"Backflip","floor":1},{"not_picked":["Concentrate","Slice"],"picked":"Cloak And Dagger","floor":3},{"not_picked":["Caltrops","Flechettes"],"picked":"Adrenaline","floor":6},{"not_picked":["Blur","Backflip"],"picked":"Dagger Spray","floor":8},{"not_picked":["Catalyst","Bane"],"picked":"Underhanded Strike","floor":10},{"not_picked":["Dagger Spray","Well Laid Plans"],"picked":"PiercingWail","floor":13},{"not_picked":["Poisoned Stab","Deflect"],"picked":"Blur","floor":14},{"not_picked":["Tactician","Doppelganger"],"picked":"A Thousand Cuts","floor":16},{"not_picked":["Dagger Throw","Quick Slash"],"picked":"Malaise","floor":17},{"not_picked":["Bane","Dash"],"picked":"Acrobatics","floor":18},{"not_picked":["PiercingWail","Quick Slash"],"picked":"All Out Attack","floor":20},{"not_picked":["Setup","Bane"],"picked":"Choke","floor":23},{"not_picked":["Dagger Throw","Footwork"],"picked":"Heel Hook","floor":28},{"not_picked":["Expertise","Backflip"],"picked":"Terror","floor":31},{"not_picked":["Bullet Time","After Image"],"picked":"Doppelganger","floor":33},{"not_picked":["Outmaneuver","Noxious Fumes"],"picked":"Setup","floor":35},{"not_picked":["Sucker Punch","Dagger Spray"],"picked":"Malaise","floor":37},{"not_picked":["Underhanded Strike","Malaise"],"picked":"Terror","floor":38},{"not_picked":["Deadly Poison","Malaise"],"picked":"Footwork","floor":39},{"not_picked":["Cloak And Dagger","Sucker Punch"],"picked":"Die Die Die","floor":42},{"not_picked":["Transmutation","Mind Blast"],"picked":"Flash of Steel","floor":44},{"not_picked":["Dark Shackles","Secret Weapon"],"picked":"Finesse","floor":44},{"not_picked":["Dark Shackles","Enlightenment"],"picked":"Panache","floor":44},{"not_picked":["Flying Knee","Acrobatics"],"picked":"Terror","floor":48}],"player_experience":240834,"potions_floor_usage":[13,16,16,18,31,33,39,42,50,50,50],"damage_taken":[{"damage":0,"enemies":"Small Slimes","floor":1,"turns":2},{"damage":0,"enemies":"2 Louse","floor":3,"turns":1},{"damage":11,"enemies":"Gremlin Nob","floor":6,"turns":4},{"damage":2,"enemies":"Jaw Worm","floor":8,"turns":2},{"damage":0,"enemies":"Large Slime","floor":10,"turns":1},{"damage":0,"enemies":"3 Sentries","floor":13,"turns":4},{"damage":0,"enemies":"Looter","floor":14,"turns":1},{"damage":0,"enemies":"Hexaghost","floor":16,"turns":5},{"damage":0,"enemies":"3 Byrds","floor":18,"turns":5},{"damage":0,"enemies":"Chosen","floor":20,"turns":5},{"damage":5,"enemies":"Gremlin Leader","floor":23,"turns":6},{"damage":0,"enemies":"3 Cultists","floor":25,"turns":1},{"damage":17,"enemies":"Book of Stabbing","floor":28,"turns":4},{"damage":0,"enemies":"Slavers","floor":30,"turns":1},{"damage":0,"enemies":"Sentry and Sphere","floor":31,"turns":2},{"damage":27,"enemies":"Champ","floor":33,"turns":6},{"damage":0,"enemies":"3 Shapes","floor":35,"turns":3},{"damage":0,"enemies":"3 Darklings","floor":37,"turns":3},{"damage":31,"enemies":"Sphere and 2 Shapes","floor":38,"turns":4},{"damage":0,"enemies":"4 Shapes","floor":39,"turns":1},{"damage":2,"enemies":"2 Orb Walkers","floor":41,"turns":3},{"damage":0,"enemies":"3 Darklings","floor":42,"turns":2},{"damage":7,"enemies":"Sphere and 2 Shapes","floor":48,"turns":3},{"damage":75,"enemies":"Awakened One","floor":50,"turns":6}],"event_choices":[{"event_name":"Living Wall","player_choice":"Change","floor":4,"damage_taken":0},{"event_name":"Golden Idol","player_choice":"Lose Max HP","floor":5,"damage_taken":0},{"event_name":"Back to Basics","player_choice":"Elegance","floor":22,"damage_taken":0},{"event_name":"Addict","player_choice":"Obtained Relic","floor":27,"damage_taken":0},{"event_name":"Mysterious Sphere","player_choice":"Ignore","floor":36,"damage_taken":0},{"event_name":"SensoryStone","player_choice":"Memory 3","floor":44,"damage_taken":0},{"event_name":"Winding Halls","player_choice":"Embrace Madness","floor":46,"damage_taken":0}],"boss_relics":[{"not_picked":["Philosopher\u0027s Stone","Runic Dome"],"picked":"Tiny House"},{"not_picked":["Sozu","Cursed Key"],"picked":"Pandora\u0027s Box"}],"potions_floor_spawned":[3,6,10,14,23,30,31,33,38,39],"seed_played":"1630940260683010210","killed_by":"Awakened One","ascension_level":2,"is_trial":false}