{"path_per_floor":["M","?","M","M","?","E","M","R","T","E","$","E","?","M","R","B",null,"M","?","?","M","?","R","M","R","T","M","E","M","R","T","R","B",null,"M","$","?","?","?","E","R","M","T","?","R","E"],"character_chosen":"THE_SILENT","items_purchased":["Noxious Fumes","Outmaneuver","Madness"],"gold_per_floor":[112,62,77,95,95,121,134,134,161,190,65,96,122,139,139,238,238,255,255,155,165,165,165,182,182,482,492,520,538,538,538,538,643,643,659,496,496,496,496,531,531,545,570,570,570,605,605],"floor_reached":47,"campfire_rested":7,"playtime":2385,"current_hp_per_floor":[57,57,50,50,50,42,39,60,60,60,60,49,42,41,41,30,70,66,66,66,34,34,55,28,49,49,45,38,20,41,48,71,43,91,83,83,83,83,83,14,41,22,22,22,49,10,0],"items_purged":["Doubt"],"gold":605,"score":648,"play_id":"22c1821f-d06e-4ab4-abc0-428e5e25c78c","local_time":"20180407170050","is_prod":false,"is_daily":false,"is_ascension_mode":true,"campfire_upgraded":1,"timestamp":1523113250,"path_taken":["M","?","M","M","?","E","M","R","T","E","$","E","?","M","R","BOSS","M","?","?","M","?","R","M","R","T","M","E","?","R","?","R","BOSS","M","$","?","?","?","E","R","M","T","?","R","E","M"],"build_version":"2018-04-05v2","purchased_purges":1,"victory":false,"master_deck":["Defend_G","Defend_G","Defend_G","Defend_G","Strike_G","Strike_G+1","Strike_G","Strike_G","Survivor","Neutralize+1","Backflip","Dash+1","Heel Hook","Finisher","Bane+1","Bane+1","Bullet Time","Noxious Fumes","Outmaneuver","Dodge and Roll","Dodge and Roll","Adrenaline","Dodge and Roll+1","J.A.X.","Cloak And Dagger+1","Backflip+1","Injury","Acrobatics+1","Night Terror","Noxious Fumes","Decay","Parasite","Acrobatics+1","Madness","Bullet Time","Flying Knee+1","Prepared+1","Decay"],"max_hp_per_floor":[70,70,70,70,70,70,70,70,70,70,70,70,70,70,70,70,70,70,70,70,70,70,70,70,70,70,70,70,70,70,77,77,77,91,91,91,91,91,91,91,91,91,91,91,91,91,91],"relics":["Ring of the Snake","Molten Egg 2","Bronze Scales","Pen Nib","Art of War","Odd Mushroom","Cursed Key","Blue Candle","Old Coin","Dream Catcher","Strawberry","Calling Bell","Juzu Bracelet","Orichalcum","Mango","Snake Skull","Whetstone","Peace Pipe"],"card_choices":[{"not_picked":["Catalyst","Endless Agony"],"picked":"Backflip","floor":1},{"not_picked":["Backstab","Finisher"],"picked":"Dash","floor":3},{"not_picked":["Backflip","Blade Dance"],"picked":"Heel Hook","floor":4},{"not_picked":["Leg Sweep","PiercingWail"],"picked":"Bane","floor":6},{"not_picked":["Prepared","Terror"],"picked":"Bane","floor":7},{"not_picked":["Bane","Masterful Stab"],"picked":"Bullet Time","floor":10},{"not_picked":["Catalyst","Concentrate"],"picked":"Dodge and Roll","floor":12},{"not_picked":["Backstab","Terror"],"picked":"Dodge and Roll","floor":13},{"not_picked":["Storm of Steel","Die Die Die"],"picked":"Adrenaline","floor":16},{"not_picked":["Backstab","Dagger Throw"],"picked":"Dodge and Roll","floor":18},{"not_picked":["Backflip","Flying Knee"],"picked":"Cloak And Dagger","floor":21},{"not_picked":["Outmaneuver","Infinite Blades"],"picked":"Backflip","floor":24},{"not_picked":["Backflip","Blur"],"picked":"Acrobatics","floor":27},{"not_picked":["Distraction","All Out Attack"],"picked":"Night Terror","floor":28},{"not_picked":["Dodge and Roll","Dagger Spray"],"picked":"Noxious Fumes","floor":32},{"not_picked":["Slice","Deadly Poison"],"picked":"Acrobatics","floor":35},{"not_picked":["Underhanded Strike","Outmaneuver"],"picked":"Flying Knee","floor":41},{"not_picked":["Grand Finale","Cloak And Dagger"],"picked":"Prepared","floor":42}],"player_experience":347168,"potions_floor_usage":[10,13,16,24,35,40,40],"damage_taken":[{"damage":13,"enemies":"Jaw Worm","floor":1,"turns":8},{"damage":7,"enemies":"Small Slimes","floor":3,"turns":5},{"damage":0,"enemies":"Cultist","floor":4,"turns":5},{"damage":8,"enemies":"3 Sentries","floor":6,"turns":8},{"damage":3,"enemies":"Blue Slaver","floor":7,"turns":4},{"damage":0,"enemies":"Gremlin Nob","floor":10,"turns":3},{"damage":11,"enemies":"3 Sentries","floor":12,"turns":7},{"damage":7,"enemies":"The Mushroom Lair","floor":13,"turns":3},{"damage":1,"enemies":"2 Fungi Beasts","floor":14,"turns":2},{"damage":11,"enemies":"The Guardian","floor":16,"turns":10},{"damage":4,"enemies":"Shell Parasite","floor":18,"turns":5},{"damage":32,"enemies":"Spheric Guardian","floor":21,"turns":6},{"damage":27,"enemies":"Chosen and Byrds","floor":24,"turns":6},{"damage":4,"enemies":"Centurion and Healer","floor":27,"turns":10},{"damage":7,"enemies":"Gremlin Leader","floor":28,"turns":6},{"damage":18,"enemies":"3 Cultists","floor":29,"turns":6},{"damage":28,"enemies":"Champ","floor":33,"turns":10},{"damage":8,"enemies":"Orb Walker","floor":35,"turns":4},{"damage":69,"enemies":"2 Orb Walkers","floor":40,"turns":7},{"damage":19,"enemies":"3 Darklings","floor":42,"turns":5},{"damage":39,"enemies":"Giant Head","floor":46,"turns":8},{"damage":17,"enemies":"Maw","floor":47,"turns":4}],"event_choices":[{"event_name":"The Cleric","player_choice":"Card Removal","floor":2,"damage_taken":0},{"event_name":"Living Wall","player_choice":"Change","floor":5,"damage_taken":0},{"event_name":"Mushrooms","player_choice":"Fought Mushrooms","floor":13,"damage_taken":0},{"event_name":"The Mausoleum","player_choice":"Yes","floor":19,"damage_taken":0},{"event_name":"Drug Dealer","player_choice":"Got JAXXED","floor":20,"damage_taken":0},{"event_name":"Back to Basics","player_choice":"Elegance","floor":22,"damage_taken":0},{"event_name":"Purifier","player_choice":"One Purge","floor":37,"damage_taken":0},{"event_name":"Duplicator","player_choice":"One dupe","floor":38,"damage_taken":0},{"event_name":"SecretPortal","player_choice":"Rejected Portal.","floor":39,"damage_taken":0},{"event_name":"Mysterious Sphere","player_choice":"Ignore","floor":44,"damage_taken":0}],"boss_relics":[{"not_picked":["Ectoplasm","Orrery"],"picked":"Cursed Key"},{"not_picked":["Philosopher\u0027s Stone","Black Star"],"picked":"Calling Bell"}],"potions_floor_spawned":[1,6,7,13,27,28,33,35,42],"seed_played":"3173668815082567323","killed_by":"Maw","ascension_level":2,"is_trial":false}