{"path_per_floor":["M","M","M","?","M","R","E","R","T","?","M","M","?","M","R","B",null,"M","?","$","T","?","R","M","R","T","R","M","?","?","?","R"],"character_chosen":"THE_SILENT","items_purchased":["Blur","Deep Breath"],"gold_per_floor":[113,129,142,142,152,152,183,183,183,183,196,210,210,233,233,356,356,356,281,45,45,45,45,45,45,45,45,45,45,45,45,45,45],"floor_reached":33,"campfire_rested":3,"playtime":1312,"current_hp_per_floor":[63,62,61,61,45,45,15,33,33,33,31,31,19,19,37,9,63,31,31,31,31,31,49,40,40,40,40,42,42,42,42,42,0],"items_purged":["Strike_G"],"gold":45,"score":282,"play_id":"d647cba5-e1a9-46cf-95b6-7e34de471756","local_time":"20180409223246","is_prod":false,"is_daily":false,"is_ascension_mode":true,"campfire_upgraded":4,"timestamp":1523305966,"path_taken":["M","M","M","?","?","R","E","R","T","?","?","?","?","M","R","BOSS","M","?","$","?","?","R","M","R","T","R","M","?","?","?","R","BOSS"],"build_version":"2018-04-05v2","purchased_purges":1,"victory":false,"master_deck":["Defend_G","Defend_G","Defend_G","Defend_G","Defend_G","Strike_G","Strike_G","Strike_G","Survivor","Neutralize+1","Cloak And Dagger","Leg Sweep","Flying Knee+1","Bane","Injury","Calculated Gamble+1","Underhanded Strike","Caltrops","Tactician","PiercingWail+1","Blur","Deep Breath+1","Poisoned Stab+1","Cloak And Dagger+1","Writhe"],"max_hp_per_floor":[63,63,63,63,63,63,63,63,63,63,63,63,63,63,63,63,63,63,63,63,63,63,63,63,63,63,63,63,63,63,63,63,63],"relics":["Ring of the Snake","Calipers","Tough Bandages","Tingsha","Bloody Idol","Juzu Bracelet","Ectoplasm","Thread and Needle","Bird Faced Urn","Blue Candle"],"card_choices":[{"not_picked":["Slice","Outmaneuver"],"picked":"Cloak And Dagger","floor":1},{"not_picked":["Infinite Blades","Dodge and Roll"],"picked":"Leg Sweep","floor":2},{"not_picked":["Heel Hook","Eviscerate"],"picked":"Flying Knee","floor":3},{"not_picked":["Dagger Spray","Corpse Explosion"],"picked":"Bane","floor":7},{"not_picked":["Outmaneuver","Slice"],"picked":"Calculated Gamble","floor":11},{"not_picked":["Leg Sweep","Deflect"],"picked":"Underhanded Strike","floor":12},{"not_picked":["Dodge and Roll","Outmaneuver"],"picked":"Caltrops","floor":14},{"not_picked":["Grand Finale","A Thousand Cuts"],"picked":"Tactician","floor":16},{"not_picked":["Underhanded Strike","Slice"],"picked":"PiercingWail","floor":18},{"not_picked":["Slice","Dagger Throw"],"picked":"Poisoned Stab","floor":24},{"not_picked":["Masterful Stab","PiercingWail"],"picked":"Cloak And Dagger","floor":28}],"player_experience":370236,"potions_floor_usage":[16,16,33,33,33],"damage_taken":[{"damage":0,"enemies":"Jaw Worm","floor":1,"turns":5},{"damage":1,"enemies":"Cultist","floor":2,"turns":4},{"damage":1,"enemies":"2 Louse","floor":3,"turns":5},{"damage":16,"enemies":"Exordium Wildlife","floor":5,"turns":12},{"damage":30,"enemies":"Gremlin Nob","floor":7,"turns":6},{"damage":2,"enemies":"3 Louse","floor":11,"turns":6},{"damage":0,"enemies":"Red Slaver","floor":12,"turns":4},{"damage":0,"enemies":"Exordium Wildlife","floor":14,"turns":3},{"damage":28,"enemies":"Hexaghost","floor":16,"turns":12},{"damage":32,"enemies":"Shell Parasite","floor":18,"turns":11},{"damage":9,"enemies":"Chosen","floor":24,"turns":9},{"damage":0,"enemies":"Snecko","floor":28,"turns":7},{"damage":58,"enemies":"Collector","floor":33,"turns":15}],"event_choices":[{"event_name":"Accursed Blacksmith","player_choice":"Forge","floor":4,"damage_taken":0},{"event_name":"Golden Idol","player_choice":"Take Wound","floor":10,"damage_taken":0},{"event_name":"Scrap Ooze","player_choice":"success","floor":13,"damage_taken":12},{"event_name":"Beggar","player_choice":"Gave Gold","floor":19,"damage_taken":0},{"event_name":"Forgotten Altar","player_choice":"Gave Idol","floor":22,"damage_taken":0},{"event_name":"Drug Dealer","player_choice":"Ignored","floor":29,"damage_taken":0},{"event_name":"The Mausoleum","player_choice":"Yes","floor":30,"damage_taken":0},{"event_name":"N\u0027loth","player_choice":"Ignored","floor":31,"damage_taken":0}],"boss_relics":[{"not_picked":["Calling Bell","Lizard Tail"],"picked":"Ectoplasm"}],"potions_floor_spawned":[7,11,12,16,24,28],"seed_played":"5027838693563025892","killed_by":"Collector","ascension_level":3,"is_trial":false}