{"path_per_floor":["M","?","M","$","M","R","E","R","T","?","M","M","E","M","R","B",null,"M","$","?","?","M","R","$","?","T","E","$","M","R","?","R"],"character_chosen":"THE_SILENT","items_purchased":["Dagger Spray","Deflect","Cloak And Dagger","Infinite Blades"],"gold_per_floor":[109,109,125,23,37,37,68,68,68,68,80,92,122,136,136,240,240,165,34,34,34,34,34,34,34,34,34,34,34,34,34,34,34],"floor_reached":33,"campfire_rested":3,"playtime":1485,"current_hp_per_floor":[63,63,61,61,52,52,46,46,46,46,46,46,34,32,53,55,66,45,45,45,45,45,45,45,68,68,31,31,3,24,24,45,0],"items_purged":[],"gold":34,"score":437,"play_id":"401e6ef7-aa2e-488c-a8c3-b52166488ca6","local_time":"20180418211917","is_prod":false,"is_daily":false,"chose_seed":false,"is_ascension_mode":true,"campfire_upgraded":3,"timestamp":1524104357,"path_taken":["M","?","M","$","M","R","E","R","T","?","M","M","E","M","R","BOSS","M","$","?","?","M","R","?","?","T","E","$","?","R","?","R","BOSS"],"build_version":"2018-04-12","seed_source_timestamp":347896609898951,"purchased_purges":0,"victory":false,"master_deck":["Defend_G","Defend_G","Defend_G","Defend_G","Defend_G","Strike_G","Strike_G","Strike_G","Strike_G","Survivor","Neutralize+1","AscendersBane","Poisoned Stab","Dodge and Roll","Deadly Poison","Dagger Spray+1","Deflect","Well Laid Plans","Deadly Poison","Prepared","Malaise","Unload","Finisher","Cloak And Dagger","Infinite Blades+1","Terror","Slice+1","Dodge and Roll"],"max_hp_per_floor":[70,70,70,70,70,70,70,70,70,70,70,70,70,70,70,70,70,70,70,70,70,70,70,70,70,70,70,70,70,70,70,70,70],"relics":["Ring of the Snake","Orichalcum","Du-Vu Doll","Kunai","Oddly Smooth Stone","Ectoplasm","Prayer Wheel","Pen Nib"],"card_choices":[{"not_picked":["Crippling Poison","Dodge and Roll"],"picked":"Poisoned Stab","floor":1},{"not_picked":["Endless Agony","Concentrate"],"picked":"Deadly Poison","floor":3},{"not_picked":["Prepared","Bane"],"picked":"Well Laid Plans","floor":5},{"not_picked":["Acrobatics","Dagger Spray"],"picked":"Deadly Poison","floor":7},{"not_picked":["Accuracy","Deadly Poison"],"picked":"Prepared","floor":11},{"not_picked":["Outmaneuver","Crippling Poison"],"picked":"Malaise","floor":13},{"not_picked":["Bouncing Flask","Deadly Poison"],"picked":"Unload","floor":14},{"not_picked":["Flying Knee","Bouncing Flask"],"picked":"Finisher","floor":18},{"not_picked":["Outmaneuver","Poisoned Stab"],"picked":"Terror","floor":22},{"not_picked":["PiercingWail","Bane"],"picked":"Slice","floor":27},{"not_picked":["Noxious Fumes","Outmaneuver"],"picked":"Dodge and Roll","floor":29}],"player_experience":481616,"potions_floor_usage":[13,16,16,16,27],"damage_taken":[{"damage":0,"enemies":"2 Louse","floor":1,"turns":4},{"damage":2,"enemies":"Cultist","floor":3,"turns":4},{"damage":9,"enemies":"Small Slimes","floor":5,"turns":4},{"damage":6,"enemies":"3 Sentries","floor":7,"turns":11},{"damage":0,"enemies":"Exordium Wildlife","floor":11,"turns":4},{"damage":0,"enemies":"Blue Slaver","floor":12,"turns":3},{"damage":12,"enemies":"Gremlin Nob","floor":13,"turns":4},{"damage":2,"enemies":"Looter","floor":14,"turns":3},{"damage":10,"enemies":"Slime Boss","floor":16,"turns":10},{"damage":21,"enemies":"2 Thieves","floor":18,"turns":5},{"damage":0,"enemies":"Chosen","floor":22,"turns":5},{"damage":37,"enemies":"Slavers","floor":27,"turns":6},{"damage":28,"enemies":"Slaver and Parasite","floor":29,"turns":7},{"damage":70,"enemies":"Champ","floor":33,"turns":17}],"event_choices":[{"event_name":"Transmorgrifier","player_choice":"Transform","floor":2,"damage_taken":0},{"event_name":"The Lab","player_choice":"Got Potions","floor":10,"damage_taken":0},{"event_name":"Addict","player_choice":"Ignored","floor":20,"damage_taken":0},{"event_name":"Vampires","player_choice":"Ignored","floor":21,"damage_taken":0},{"event_name":"The Library","player_choice":"Heal","floor":25,"damage_taken":0},{"event_name":"Cursed Tome","player_choice":"Ignored","floor":31,"damage_taken":0}],"boss_relics":[{"not_picked":["Snecko Eye","Pandora\u0027s Box"],"picked":"Ectoplasm"}],"potions_floor_spawned":[7,11,12,14,22],"seed_played":"7057227730896458367","killed_by":"Champ","ascension_level":12,"is_trial":false}