{"path_per_floor":["M","M","M","?","M","R","E","R","T","$","M","?","?","M","R","B",null,"M","?","?","M","M","R","M","R","T","E","$","M","M","$","R","B",null,"M"],"character_chosen":"THE_SILENT","items_purchased":["Backflip","Burst","Trip"],"gold_per_floor":[117,133,147,147,166,166,191,191,191,94,109,109,109,120,120,225,225,239,209,209,227,238,238,250,250,273,307,67,77,97,97,97,199,199,216,216],"floor_reached":36,"campfire_rested":1,"playtime":2084,"current_hp_per_floor":[62,54,53,39,37,58,51,51,51,51,47,40,40,40,40,20,58,48,48,48,46,38,46,42,50,50,60,60,46,47,47,55,18,68,36,38],"items_purged":["Strike_G"],"gold":216,"score":618,"play_id":"e2cfc13f-727e-434f-ad92-f5d70001ae30","local_time":"20180418215450","is_prod":false,"is_daily":false,"chose_seed":false,"is_ascension_mode":true,"campfire_upgraded":5,"timestamp":1524106490,"path_taken":["M","M","M","?","M","R","E","R","T","$","M","?","?","M","R","BOSS","M","?","?","M","?","R","M","R","T","E","$","M","M","$","R","BOSS","M","?"],"build_version":"2018-04-12","seed_source_timestamp":349391619768804,"purchased_purges":3,"victory":false,"master_deck":["Defend_G+1","Defend_G","Defend_G","Defend_G","Strike_G","Strike_G+1","Survivor","Neutralize+1","AscendersBane","Caltrops","Dagger Throw","Outmaneuver","Skewer+1","Terror+1","Backflip","Concentrate+1","Well Laid Plans","Tools of the Trade","Deflect","Footwork+1","Escape Plan+1","Burst","Trip","Tools of the Trade"],"max_hp_per_floor":[70,70,70,70,70,70,70,70,70,70,70,70,70,70,70,70,70,70,70,70,70,70,70,70,70,70,84,84,84,84,84,84,84,84,84,84],"relics":["Ring of the Snake","Ancient Tea Set","Thread and Needle","Darkstone Periapt","Eternal Feather","Blood Vial","Mango","Velvet Choker"],"card_choices":[{"not_picked":["Quick Slash","Bane"],"picked":"Caltrops","floor":1.0},{"not_picked":["Acrobatics","Dodge and Roll"],"picked":"Dagger Throw","floor":2},{"not_picked":["Reflex","Finisher"],"picked":"Outmaneuver","floor":3},{"not_picked":["Infinite Blades","Outmaneuver"],"picked":"Skewer","floor":5},{"not_picked":["Outmaneuver","Dagger Throw"],"picked":"Terror","floor":7},{"not_picked":["Backflip","Deadly Poison"],"picked":"Concentrate","floor":11},{"not_picked":["Malaise","Caltrops"],"picked":"Well Laid Plans","floor":14},{"not_picked":["After Image","Bullet Time"],"picked":"Tools of the Trade","floor":16},{"not_picked":["PiercingWail","Dagger Spray"],"picked":"Deflect","floor":18},{"not_picked":["Quick Slash","Backflip"],"picked":"Footwork","floor":22},{"not_picked":["Outmaneuver","Sucker Punch"],"picked":"Escape Plan","floor":27},{"not_picked":["Corpse Explosion","A Thousand Cuts"],"picked":"Tools of the Trade","floor":33}],"player_experience":483101,"potions_floor_usage":[7,7,16,22,33,33,33],"damage_taken":[{"damage":1.0,"enemies":"Small Slimes","floor":1.0,"turns":5.0},{"damage":8,"enemies":"Jaw Worm","floor":2,"turns":7},{"damage":1,"enemies":"Cultist","floor":3,"turns":4},{"damage":2,"enemies":"2 Fungi Beasts","floor":5,"turns":4},{"damage":7,"enemies":"Gremlin Nob","floor":7,"turns":3},{"damage":4,"enemies":"Exordium Wildlife","floor":11,"turns":3},{"damage":0,"enemies":"3 Louse","floor":14,"turns":5},{"damage":20,"enemies":"Slime Boss","floor":16,"turns":5},{"damage":10,"enemies":"3 Byrds","floor":18,"turns":7},{"damage":2,"enemies":"Chosen","floor":21,"turns":3},{"damage":8,"enemies":"Centurion and Healer","floor":22,"turns":8},{"damage":4,"enemies":"Sentry and Sphere","floor":24,"turns":6},{"damage":6,"enemies":"Book of Stabbing","floor":27,"turns":7},{"damage":16,"enemies":"Snake Plant","floor":29,"turns":4},{"damage":1,"enemies":"Centurion and Healer","floor":30,"turns":8},{"damage":51,"enemies":"Champ","floor":33,"turns":15},{"damage":34,"enemies":"3 Shapes","floor":35,"turns":7},{"damage":0,"enemies":"3 Darklings","floor":36,"turns":1}],"event_choices":[{"event_name":"Shining Light","player_choice":"Entered Light","floor":4,"damage_taken":0},{"event_name":"Golden Wing","player_choice":"Card Removal","floor":12,"damage_taken":0},{"event_name":"Purifier","player_choice":"One Purge","floor":13,"damage_taken":0},{"event_name":"The Woman in Blue","player_choice":"Bought 2 Potions","floor":19,"damage_taken":0},{"event_name":"Purifier","player_choice":"One Purge","floor":20,"damage_taken":0}],"boss_relics":[{"not_picked":["Tiny House","Black Star"],"picked":"Eternal Feather"},{"not_picked":["Runic Pyramid","Pandora\u0027s Box"],"picked":"Velvet Choker"}],"potions_floor_spawned":[2,3,11,14,24,27,29,30],"seed_played":"-126680720683328101","killed_by":"3 Darklings","ascension_level":12,"is_trial":false}