{"path_per_floor":["M","M","$","M","?","E","$","M","T","?","?","R","?","M","R","B",null,"M","?","?","M","$","R","?","R","T","R","$","?","M"],"character_chosen":"THE_SILENT","items_purchased":["Prayer Wheel","Infinite Blades","Snake Skull","Noxious Fumes","Deadly Poison","Bane"],"gold_per_floor":[213,231,18,35,210,245,17,32,32,32,32,32,58,78,78,182,182,196,146,146,162,38,38,38,38,63,63,10,10,22,22],"floor_reached":31,"campfire_rested":4,"playtime":1619,"current_hp_per_floor":[68,66,66,66,66,48,48,44,44,44,44,67,50,48,71,37,77,56,56,56,30,30,53,53,53,53,76,76,76,44,0],"items_purged":["Doubt"],"gold":22,"score":231,"play_id":"45c5d5ea-9649-4048-8d97-541aa71e3437","local_time":"20180418220306","is_prod":false,"is_daily":false,"chose_seed":false,"is_ascension_mode":false,"campfire_upgraded":1,"timestamp":1524103386,"path_taken":["M","M","$","M","?","E","$","M","T","?","?","R","?","M","R","BOSS","M","?","?","M","$","R","?","R","T","R","?","?","?","E"],"build_version":"2018-04-12","seed_source_timestamp":4461758490513,"purchased_purges":1,"victory":false,"master_deck":["Defend_G","Defend_G","Defend_G","Defend_G","Defend_G","Strike_G+1","Strike_G","Strike_G","Strike_G","Survivor","Neutralize","Backflip","Quick Slash+1","Infinite Blades","Poisoned Stab","Deadly Poison","Poisoned Stab","Dark Shackles","Choke","Flechettes","Terror","Adrenaline","Normality","Pain","Blade Dance","Distraction+1","Noxious Fumes+1","Deadly Poison","Bane","Deadly Poison+1"],"max_hp_per_floor":[70,70,70,70,70,77,77,77,77,77,77,77,77,77,77,77,77,77,77,77,77,77,77,77,77,77,77,77,77,77,77],"relics":["Ring of the Snake","Prayer Wheel","Strawberry","Snake Skull","Shuriken","Odd Mushroom","Calling Bell","Ancient Tea Set","Lantern","Unceasing Top","Whetstone"],"card_choices":[{"not_picked":["Poisoned Stab","Calculated Gamble"],"picked":"Backflip","floor":1},{"not_picked":["Malaise","Sucker Punch"],"picked":"Quick Slash","floor":2},{"not_picked":["Skewer","Slice"],"picked":"Poisoned Stab","floor":4},{"not_picked":["Flying Knee","Bane"],"picked":"Deadly Poison","floor":6},{"not_picked":["Tools of the Trade","Slice"],"picked":"Poisoned Stab","floor":9},{"not_picked":["Quick Slash","Riddle With Holes"],"picked":"Flechettes","floor":13},{"not_picked":["Dagger Throw","Dodge and Roll"],"picked":"Terror","floor":14},{"not_picked":["A Thousand Cuts","Venomology"],"picked":"Adrenaline","floor":16},{"not_picked":["Outmaneuver","Prepared"],"picked":"Blade Dance","floor":18},{"not_picked":["Backflip","Poisoned Stab"],"picked":"Distraction","floor":21},{"not_picked":["A Thousand Cuts","Dagger Spray"],"picked":"Deadly Poison","floor":30}],"player_experience":72189,"potions_floor_usage":[13,16],"damage_taken":[{"damage":2,"enemies":"Cultist","floor":1,"turns":4},{"damage":2,"enemies":"Small Slimes","floor":2,"turns":5},{"damage":0,"enemies":"Jaw Worm","floor":4,"turns":4},{"damage":25,"enemies":"3 Sentries","floor":6,"turns":9},{"damage":4,"enemies":"2 Fungi Beasts","floor":8,"turns":4},{"damage":17,"enemies":"The Mushroom Lair","floor":13,"turns":4},{"damage":2,"enemies":"Blue Slaver","floor":14,"turns":4},{"damage":34,"enemies":"Hexaghost","floor":16,"turns":8},{"damage":21,"enemies":"Spheric Guardian","floor":18,"turns":5},{"damage":26,"enemies":"3 Byrds","floor":21,"turns":6},{"damage":32,"enemies":"Snake Plant","floor":30,"turns":3},{"damage":45,"enemies":"Book of Stabbing","floor":31,"turns":4}],"event_choices":[{"event_name":"Liars Game","player_choice":"agreed","floor":5,"damage_taken":0},{"event_name":"Match and Keep!","player_choice":"1 cards matched","floor":10,"damage_taken":0},{"event_name":"Living Wall","player_choice":"Change","floor":11,"damage_taken":0},{"event_name":"Mushrooms","player_choice":"Fought Mushrooms","floor":13,"damage_taken":0},{"event_name":"The Joust","player_choice":"Bet on Murderer","floor":19,"damage_taken":0},{"event_name":"Ghosts","player_choice":"Ignored","floor":20,"damage_taken":0},{"event_name":"Back to Basics","player_choice":"Elegance","floor":24,"damage_taken":0},{"event_name":"Vampires","player_choice":"Ignored","floor":29,"damage_taken":0}],"boss_relics":[{"not_picked":["Snecko Eye","Runic Dome"],"picked":"Calling Bell"}],"potions_floor_spawned":[4,6,16,21],"seed_played":"8717726718705033791","killed_by":"Book of Stabbing","ascension_level":0,"is_trial":false}