{"path_per_floor":["M","M","?","?","M","R","$","T","T","R","$","R","M","M","R","B",null,"M","?","?","$","?","M","R","M","T","M","$","R","$","?","R","B",null,"M","M","$","M","?","R","M","M","T","?","?","?","R","M","R","B"],"character_chosen":"THE_SILENT","items_purchased":["Cloak And Dagger","Backflip","Footwork","Deadly Poison","Dash"],"gold_per_floor":[109,121,121,121,139,139,87,140,167,167,38,38,56,68,68,167,167,186,186,101,17,17,33,33,53,53,66,66,66,66,66,66,161,161,176,196,120,132,132,132,150,163,187,187,187,187,217,229,229,229],"floor_reached":51,"campfire_rested":3,"playtime":1837,"current_hp_per_floor":[63,63,63,63,63,63,63,63,63,63,63,63,63,53,53,33,61,33,33,33,33,33,32,53,48,48,51,51,51,51,51,70,13,56,46,26,26,4,4,25,22,10,10,28,28,61,61,43,43,37],"items_purged":["Strike_G"],"gold":229,"score":869,"play_id":"343c735c-77cb-4107-be85-4a37c257c4e6","local_time":"20180419102721","is_prod":false,"is_daily":false,"chose_seed":false,"is_ascension_mode":true,"campfire_upgraded":4,"timestamp":1524148041,"path_taken":["M","M","?","?","M","R","$","?","T","R","$","R","M","M","R","BOSS","M","?","?","?","?","M","R","M","T","M","$","R","$","?","R","BOSS","M","M","$","M","?","R","M","M","T","?","?","?","R","M","R","BOSS"],"build_version":"2018-04-12","seed_source_timestamp":231267286605071,"purchased_purges":2,"victory":true,"master_deck":["Defend_G","Defend_G","Defend_G","Defend_G","Defend_G","Survivor","Neutralize+1","Noxious Fumes+1","Deadly Poison","Backstab","PiercingWail","Cloak And Dagger","Backflip+1","Noxious Fumes+1","Dagger Spray","Venomology","Flying Knee+1","Distraction+1","Malaise+1","Footwork+1","Deadly Poison","Bane+1","After Image","Cloak And Dagger+1","Well Laid Plans","Dash","Dodge and Roll+1","Dodge and Roll","Writhe"],"max_hp_per_floor":[70,70,70,70,70,70,70,70,70,70,70,70,70,70,70,70,70,70,70,70,70,70,70,70,70,70,70,70,70,70,70,70,70,70,70,70,70,70,70,70,70,70,70,70,70,61,61,61,61,61],"relics":["Ring of the Snake","Snake Skull","Juzu Bracelet","Astrolabe","Nloth\u0027s Gift","Shovel","Pantograph","Bronze Scales","Velvet Choker","Oddly Smooth Stone","Tiny Chest","Smiling Mask"],"card_choices":[{"not_picked":["Poisoned Stab","Deflect"],"picked":"Noxious Fumes","floor":1},{"not_picked":["Acrobatics","Dodge and Roll"],"picked":"Deadly Poison","floor":2},{"not_picked":["Sucker Punch","Endless Agony"],"picked":"PiercingWail","floor":5},{"not_picked":["All Out Attack","PiercingWail"],"picked":"Noxious Fumes","floor":13},{"not_picked":["Caltrops","Riddle With Holes"],"picked":"Dagger Spray","floor":14},{"not_picked":["Corpse Explosion","Doppelganger"],"picked":"Venomology","floor":16},{"not_picked":["Crippling Poison","Endless Agony"],"picked":"Bane","floor":23},{"not_picked":["Unload","Corpse Explosion"],"picked":"After Image","floor":33},{"not_picked":["Dagger Throw","Acrobatics"],"picked":"Cloak And Dagger","floor":35},{"not_picked":["Underhanded Strike","Quick Slash"],"picked":"Well Laid Plans","floor":36},{"not_picked":["Prepared","Acrobatics"],"picked":"Dodge and Roll","floor":38},{"not_picked":["Quick Slash","Acrobatics"],"picked":"Dodge and Roll","floor":42}],"player_experience":570642,"potions_floor_usage":[18,27,27,33,33,33,38,41,41,42,48,50,50,50],"damage_taken":[{"damage":0,"enemies":"Jaw Worm","floor":1,"turns":1},{"damage":0,"enemies":"2 Louse","floor":2,"turns":1},{"damage":0,"enemies":"Small Slimes","floor":5,"turns":1},{"damage":0,"enemies":"Exordium Wildlife","floor":13,"turns":4},{"damage":10,"enemies":"2 Fungi Beasts","floor":14,"turns":3},{"damage":20,"enemies":"The Guardian","floor":16,"turns":9},{"damage":28,"enemies":"Chosen","floor":18,"turns":6},{"damage":1,"enemies":"Shell Parasite","floor":23,"turns":5},{"damage":5,"enemies":"3 Cultists","floor":25,"turns":4},{"damage":12,"enemies":"Sentry and Sphere","floor":27,"turns":5},{"damage":57,"enemies":"Collector","floor":33,"turns":8},{"damage":10,"enemies":"Orb Walker","floor":35,"turns":4},{"damage":20,"enemies":"3 Shapes","floor":36,"turns":5},{"damage":22,"enemies":"Sphere and 2 Shapes","floor":38,"turns":7},{"damage":3,"enemies":"4 Shapes","floor":41,"turns":6},{"damage":12,"enemies":"3 Darklings","floor":42,"turns":4},{"damage":18,"enemies":"Maw","floor":48,"turns":10},{"damage":24,"enemies":"Time Eater","floor":50,"turns":15}],"event_choices":[{"event_name":"Living Wall","player_choice":"Change","floor":3,"damage_taken":0},{"event_name":"Liars Game","player_choice":"disagreed","floor":4,"damage_taken":0},{"event_name":"N\u0027loth","player_choice":"Traded a NeowsBlessing","floor":19,"damage_taken":0},{"event_name":"Addict","player_choice":"Obtained Relic","floor":20,"damage_taken":0},{"event_name":"Cursed Tome","player_choice":"Ignored","floor":22,"damage_taken":0},{"event_name":"The Lab","player_choice":"Got Potions","floor":31,"damage_taken":0},{"event_name":"Upgrade Shrine","player_choice":"Upgraded","floor":39,"damage_taken":0},{"event_name":"Winding Halls","player_choice":"Writhe","floor":44,"damage_taken":0},{"event_name":"Mysterious Sphere","player_choice":"Ignore","floor":45,"damage_taken":0},{"event_name":"The Moai Head","player_choice":"Heal","floor":46,"damage_taken":0}],"boss_relics":[{"not_picked":["Runic Dome","Snecko Eye"],"picked":"Astrolabe"},{"not_picked":["Lizard Tail","White Beast Statue"],"picked":"Velvet Choker"}],"potions_floor_spawned":[2,16,25,33,35,41,42,48],"seed_played":"-1478446215550162913","ascension_level":8,"is_trial":false}