{"path_per_floor":["M","$","M","?","$","R","M","R","T","T","R","E","?","M","R","B",null,"M","M","$","?","M","R","E","R","T","M","$","M","?","M","R"],"character_chosen":"THE_SILENT","items_purchased":["Flying Knee","Noxious Fumes","Well Laid Plans","Ancient Tea Set","Regen Potion"],"gold_per_floor":[209,15,30,30,30,30,42,42,72,72,72,100,65,81,81,178,178,193,203,203,203,214,214,249,249,276,290,12,29,29,44,44,44],"floor_reached":33,"campfire_rested":2,"playtime":976,"current_hp_per_floor":[55,55,52,52,52,52,52,52,52,52,52,32,49,45,45,44,64,59,49,49,33,32,53,42,42,42,42,42,30,30,17,40,0],"items_purged":["Strike_G"],"gold":44,"score":424,"play_id":"4e937d54-0f49-447e-8d40-c8afbb98cdc5","local_time":"20180418204328","is_prod":false,"is_daily":false,"chose_seed":false,"is_ascension_mode":true,"campfire_upgraded":5,"timestamp":1524102208,"path_taken":["M","$","?","?","?","R","M","R","T","?","R","E","?","?","R","BOSS","M","M","$","?","M","R","E","R","T","M","$","M","?","M","R","BOSS"],"build_version":"2018-04-12","seed_source_timestamp":346238041111345,"purchased_purges":1,"victory":false,"master_deck":["Defend_G","Defend_G","Defend_G","Defend_G","Defend_G","Strike_G","Survivor","Neutralize+1","AscendersBane","Skewer+1","Flying Knee","Noxious Fumes+1","Dagger Spray+1","Noxious Fumes","Malaise+1","Outmaneuver","Envenom","Predator+1","Leg Sweep+1","Phantasmal Killer+1","Necronomicurse","Concentrate+1","Tactician","Well Laid Plans","Prepared","Malaise+1"],"max_hp_per_floor":[70,70,70,70,70,70,70,70,70,70,70,70,70,70,70,70,70,70,70,70,70,70,70,77,77,77,77,77,77,77,77,77,77],"relics":["Ring of the Snake","Tiny Chest","Dream Catcher","Lantern","Astrolabe","Necronomicon","Strawberry","Art of War","Ancient Tea Set"],"card_choices":[{"not_picked":["Bouncing Flask","PiercingWail"],"picked":"Skewer","floor":1},{"not_picked":["PiercingWail","Underhanded Strike"],"picked":"Dagger Spray","floor":3},{"not_picked":["Bouncing Flask","Deflect"],"picked":"Noxious Fumes","floor":7},{"not_picked":["Burst","Flying Knee"],"picked":"Malaise","floor":12},{"not_picked":["Acrobatics","Poisoned Stab"],"picked":"Outmaneuver","floor":14},{"not_picked":["Corpse Explosion","Storm of Steel"],"picked":"Envenom","floor":16},{"not_picked":["Dodge and Roll","Dagger Throw"],"picked":"Concentrate","floor":22},{"not_picked":["Prepared","Slice"],"picked":"Tactician","floor":27},{"not_picked":["Dagger Spray","Crippling Poison"],"picked":"Prepared","floor":29}],"player_experience":479997,"potions_floor_usage":[29,33,33],"damage_taken":[{"damage":8,"enemies":"Cultist","floor":1,"turns":4},{"damage":3,"enemies":"Jaw Worm","floor":3,"turns":4},{"damage":0,"enemies":"2 Louse","floor":7,"turns":3},{"damage":20,"enemies":"Gremlin Nob","floor":12,"turns":4},{"damage":4,"enemies":"Exordium Thugs","floor":14,"turns":4},{"damage":1,"enemies":"Hexaghost","floor":16,"turns":10},{"damage":5,"enemies":"Shell Parasite","floor":18,"turns":6},{"damage":10,"enemies":"Spheric Guardian","floor":19,"turns":7},{"damage":1,"enemies":"Centurion and Healer","floor":22,"turns":4},{"damage":18,"enemies":"Slavers","floor":24,"turns":6},{"damage":0,"enemies":"Snecko","floor":27,"turns":2},{"damage":12,"enemies":"Snake Plant","floor":29,"turns":3},{"damage":13,"enemies":"Sentry and Sphere","floor":31,"turns":4},{"damage":53,"enemies":"Collector","floor":33,"turns":5}],"event_choices":[{"event_name":"Living Wall","player_choice":"Grow","floor":4,"damage_taken":0},{"event_name":"The Cleric","player_choice":"Healed","floor":13,"damage_taken":0},{"event_name":"Cursed Tome","player_choice":"Obtained Book","floor":21,"damage_taken":0},{"event_name":"Duplicator","player_choice":"One dupe","floor":30,"damage_taken":0}],"boss_relics":[{"not_picked":["Calling Bell","Velvet Choker"],"picked":"Astrolabe"}],"potions_floor_spawned":[1,3,14,16,24,29],"seed_played":"-4131791943490270137","killed_by":"Collector","ascension_level":12,"is_trial":false}