{"path_per_floor":["M","?","M","M","T","M","$","M","T","R","$","?","E","B",null,"M","M","M","$","M","R","M","M","T","?","M","R","E","M","R"],"character_chosen":"THE_SILENT","items_purchased":["Tiny Chest","Toxic Egg 2"],"gold_per_floor":[118,293,308,318,398,416,31,13,60,60,60,60,95,95,95,66,80,90,15,30,30,50,60,136,136,152,152,183,197,197,197],"floor_reached":31,"campfire_rested":5,"playtime":2727,"current_hp_per_floor":[70,70,70,70,70,60,60,42,42,63,63,63,33,11,70,49,33,3,3,3,39,38,35,35,35,30,66,19,21,57,0],"items_purged":["Doubt"],"gold":197,"score":263,"play_id":"cf661fd6-2252-4304-b3ed-b2147108ab08","local_time":"20180417212648","is_prod":false,"is_daily":false,"chose_seed":false,"is_ascension_mode":false,"campfire_upgraded":0,"timestamp":1524014808,"path_taken":["M","?","?","M","?","M","$","?","T","R","?","?","E","?","R","BOSS","M","?","M","$","M","R","M","M","T","?","M","R","E","M","R","BOSS"],"build_version":"2018-04-12","seed_source_timestamp":0,"purchased_purges":1,"victory":false,"master_deck":["Defend_G+1","Defend_G+1","Defend_G+1","Defend_G+1","Strike_G+1","Strike_G+1","Strike_G+1","Strike_G+1","Strike_G+1","Survivor","Neutralize","Backflip","Distraction","Skewer","Burst","Heel Hook+1","Dagger Spray+1","Predator+1","After Image","Underhanded Strike+1","Outmaneuver+1","Predator+1","Blur+1","Sucker Punch+1","Leg Sweep+1","Terror+1"],"max_hp_per_floor":[70,70,70,70,70,70,70,70,70,70,70,70,70,70,70,70,70,70,70,70,70,70,70,70,70,70,70,70,70,70,70],"relics":["Ring of the Snake","NeowsBlessing","Molten Egg 2","Tiny Chest","Toxic Egg 2","Snake Skull","Regal Pillow","Snecko Eye","Dodecahedron","Blood Vial"],"card_choices":[{"not_picked":["Poisoned Stab","Bane"],"picked":"Backflip","floor":1.0},{"not_picked":["Underhanded Strike","Bouncing Flask"],"picked":"Distraction","floor":3.0},{"not_picked":["Acrobatics","Quick Slash"],"picked":"Skewer","floor":4.0},{"not_picked":["Dodge and Roll","Bane"],"picked":"Burst","floor":6.0},{"not_picked":["Deflect","Dagger Spray"],"picked":"Heel Hook","floor":8.0},{"not_picked":["Bane","Leg Sweep"],"picked":"Dagger Spray","floor":13.0},{"not_picked":["Wraith Form v2","Night Terror"],"picked":"After Image","floor":14},{"not_picked":["Outmaneuver","Finisher"],"picked":"Underhanded Strike","floor":17},{"not_picked":["Dodge and Roll","Expertise"],"picked":"Outmaneuver","floor":18},{"not_picked":["Deadly Poison","Riddle With Holes"],"picked":"Predator","floor":20},{"not_picked":["PiercingWail","Calculated Gamble"],"picked":"Blur","floor":22},{"not_picked":["Bane","Glass Knife"],"picked":"Sucker Punch","floor":26},{"not_picked":["Catalyst","Underhanded Strike"],"picked":"Leg Sweep","floor":28},{"not_picked":["Bane","All Out Attack"],"picked":"Terror","floor":29}],"player_experience":67273,"potions_floor_usage":[14,18,20,26,28],"damage_taken":[{"damage":0.0,"enemies":"Jaw Worm","floor":1.0,"turns":1.0},{"damage":0.0,"enemies":"2 Louse","floor":3.0,"turns":1.0},{"damage":0.0,"enemies":"Cultist","floor":4.0,"turns":1.0},{"damage":10.0,"enemies":"Red Slaver","floor":6.0,"turns":5.0},{"damage":18.0,"enemies":"Exordium Thugs","floor":8.0,"turns":6.0},{"damage":30.0,"enemies":"Gremlin Nob","floor":13.0,"turns":6.0},{"damage":13.0,"enemies":"Gremlin Gang","floor":14.0,"turns":5.0},{"damage":45,"enemies":"Slime Boss","floor":14,"turns":14},{"damage":21,"enemies":"2 Thieves","floor":16,"turns":5},{"damage":16,"enemies":"Spheric Guardian","floor":17,"turns":4},{"damage":30,"enemies":"Centurion and Healer","floor":18,"turns":6},{"damage":0,"enemies":"Snake Plant","floor":20,"turns":3},{"damage":1,"enemies":"3 Cultists","floor":22,"turns":4},{"damage":3,"enemies":"Centurion and Healer","floor":23,"turns":4},{"damage":5,"enemies":"Snake Plant","floor":26,"turns":6},{"damage":47,"enemies":"Gremlin Leader","floor":28,"turns":7},{"damage":0,"enemies":"Snecko","floor":29,"turns":6},{"damage":63,"enemies":"Collector","floor":31,"turns":7}],"event_choices":[{"event_name":"Liars Game","player_choice":"agreed","floor":2.0,"damage_taken":0.0},{"event_name":"Dead Adventurer","player_choice":"Searched \u00270\u0027 times","floor":12.0,"damage_taken":0.0},{"event_name":"Transmorgrifier","player_choice":"Transform","floor":14,"damage_taken":0},{"event_name":"Back to Basics","player_choice":"Simplicity","floor":25,"damage_taken":0}],"boss_relics":[{"not_picked":["Astrolabe","Velvet Choker"],"picked":"Snecko Eye"}],"potions_floor_spawned":[3,4,13,14,17,20,22],"seed_played":"-5555987022642774658","killed_by":"Collector","ascension_level":0,"is_trial":false}