{"path_per_floor":["M","$","M","M","?","?","R","E","T","R","E","M","R","?","R","B",null,"M","$","M","?","M","R","E","R","T","?","T","M","M"],"character_chosen":"THE_SILENT","items_purchased":["Caltrops"],"gold_per_floor":[115,0,17,34,34,34,34,59,59,59,93,105,105,105,105,200,200,215,135,151,151,162,162,188,188,188,188,188,201,217,217],"floor_reached":31,"campfire_rested":5,"playtime":1325,"current_hp_per_floor":[41,41,24,19,19,19,55,21,21,57,42,38,38,24,60,41,63,40,40,30,30,16,52,28,64,64,64,64,47,27,0],"items_purged":["Regret","Writhe"],"gold":217,"score":381,"play_id":"6e70849f-05b6-439a-9d50-94959b969835","local_time":"20180419181232","is_prod":false,"is_daily":false,"chose_seed":false,"is_ascension_mode":true,"campfire_upgraded":1,"timestamp":1524175952,"path_taken":["M","$","M","M","?","?","R","E","T","R","E","M","R","?","R","BOSS","M","$","M","?","M","R","E","R","T","?","?","M","?","M"],"build_version":"2018-04-12","seed_source_timestamp":259708575245490,"purchased_purges":2,"victory":false,"master_deck":["Defend_G","Defend_G","Defend_G","Defend_G","Defend_G","Strike_G","Strike_G","Strike_G","Strike_G","Survivor","Neutralize+1","Injury","Well Laid Plans","Caltrops","Cloak And Dagger","Predator+1","Envenom+1","Neutralize","Adrenaline","Deadly Poison","Dagger Throw+1","Bouncing Flask+1","Terror","Dagger Spray+1","Underhanded Strike","Eviscerate"],"max_hp_per_floor":[70,70,70,70,70,70,70,70,70,70,70,70,70,70,70,70,70,70,70,70,70,70,70,70,70,70,70,70,70,70,70],"relics":["Calling Bell","The Courier","Pantograph","Regal Pillow","Bag of Marbles","Mercury Hourglass","Anchor","Snecko Eye","Kunai","Frozen Egg 2","Toxic Egg 2"],"card_choices":[{"not_picked":["Outmaneuver","Eviscerate"],"picked":"Well Laid Plans","floor":1},{"not_picked":["Underhanded Strike","Backflip"],"picked":"Cloak And Dagger","floor":3},{"not_picked":["Poisoned Stab","Masterful Stab"],"picked":"Predator","floor":4},{"not_picked":["Infinite Blades","Acrobatics"],"picked":"Adrenaline","floor":8},{"not_picked":["Flying Knee","Catalyst"],"picked":"Deadly Poison","floor":12},{"not_picked":["Calculated Gamble","Dagger Spray"],"picked":"Dagger Throw","floor":18},{"not_picked":["Deflect","Poisoned Stab"],"picked":"Bouncing Flask","floor":20},{"not_picked":["Cloak And Dagger","Tools of the Trade"],"picked":"Terror","floor":22},{"not_picked":["Corpse Explosion","Tools of the Trade"],"picked":"Dagger Spray","floor":24},{"not_picked":["Blade Dance","Crippling Poison"],"picked":"Eviscerate","floor":30}],"player_experience":580513,"potions_floor_usage":[11,22,22,29,31],"damage_taken":[{"damage":22,"enemies":"Jaw Worm","floor":1,"turns":6},{"damage":17,"enemies":"Cultist","floor":3,"turns":6},{"damage":5,"enemies":"Small Slimes","floor":4,"turns":4},{"damage":34,"enemies":"3 Sentries","floor":8,"turns":11},{"damage":15,"enemies":"Lagavulin","floor":11,"turns":7},{"damage":4,"enemies":"Red Slaver","floor":12,"turns":4},{"damage":29,"enemies":"Hexaghost","floor":16,"turns":9},{"damage":23,"enemies":"Chosen","floor":18,"turns":6},{"damage":10,"enemies":"Shell Parasite","floor":20,"turns":3},{"damage":14,"enemies":"Snecko","floor":22,"turns":5},{"damage":24,"enemies":"Slavers","floor":24,"turns":5},{"damage":17,"enemies":"Snake Plant","floor":29,"turns":4},{"damage":20,"enemies":"Chosen and Byrds","floor":30,"turns":6},{"damage":28,"enemies":"Sentry and Sphere","floor":31,"turns":3}],"event_choices":[{"event_name":"Transmorgrifier","player_choice":"Transform","floor":5,"damage_taken":0},{"event_name":"Match and Keep!","player_choice":"1 cards matched","floor":6,"damage_taken":0},{"event_name":"Shining Light","player_choice":"Entered Light","floor":14,"damage_taken":0},{"event_name":"Ghosts","player_choice":"Ignored","floor":21,"damage_taken":0},{"event_name":"The Library","player_choice":"Read","floor":27,"damage_taken":0}],"boss_relics":[{"not_picked":["Runic Pyramid","Philosopher\u0027s Stone"],"picked":"Snecko Eye"}],"potions_floor_spawned":[8,11,20,24,30],"seed_played":"-1560318502827148405","killed_by":"Sentry and Sphere","ascension_level":9,"is_trial":false}