{"path_per_floor":["M","?","?","?","M","E","R","?","T","M","R","$","M","M","R","B",null,"M","M","?","?","$","R","M","M","T","R","M","M","R","?","R","B",null,"M","?","M","M","M","R","?","R","T","R","M","M","M","M","R"],"character_chosen":"THE_SILENT","items_purchased":["Mind Blast","Lantern"],"gold_per_floor":[114,114,64,64,84,119,119,119,119,130,130,24,35,48,48,153,153,168,182,182,182,27,27,43,60,60,60,70,87,87,87,87,192,192,207,207,224,237,249,249,0,0,53,53,70,86,99,112,112,112],"floor_reached":50,"campfire_rested":4,"playtime":5574,"current_hp_per_floor":[70,70,70,70,70,70,70,63,63,63,63,63,63,58,58,22,70,68,50,50,34,34,55,43,43,43,43,21,31,67,67,67,11,70,42,42,35,2,17,53,53,53,53,53,45,20,19,5,41,0],"items_purged":[],"gold":112,"score":498,"play_id":"452c7f5b-29c3-4303-a8d5-e4c5108ccc6e","local_time":"20180420095445","is_prod":false,"is_daily":false,"chose_seed":false,"is_ascension_mode":false,"campfire_upgraded":4,"timestamp":1524232485,"path_taken":["M","?","?","?","M","E","R","?","T","M","R","$","M","?","R","BOSS","M","M","?","?","?","R","M","M","T","R","M","M","R","?","R","BOSS","M","?","M","?","M","R","?","R","T","R","M","M","M","M","R","BOSS"],"build_version":"2018-04-19","seed_source_timestamp":0,"purchased_purges":1,"victory":false,"master_deck":["Defend_G","Strike_G","Strike_G","Strike_G","Survivor","Neutralize","Cloak And Dagger+1","Footwork+1","Cloak And Dagger+1","Mind Blast","Prepared","After Image+1","Caltrops+1","Accuracy+1","Bullet Time","Cloak And Dagger+1","Prepared","Cloak And Dagger+1"],"max_hp_per_floor":[70,70,70,70,70,70,70,70,70,70,70,70,70,70,70,70,70,70,70,70,70,70,70,70,70,70,70,70,70,70,70,70,70,70,70,70,70,70,70,70,70,70,70,70,70,70,70,70,70,70],"relics":["Ring of the Snake","NeowsBlessing","Frozen Egg 2","Gremlin Horn","Peace Pipe","Lizard Tail","Bag of Preparation","Nilry\u0027s Codex","Lantern","Regal Pillow","Orrery","Red Mask","Happy Flower"],"card_choices":[{"not_picked":["Crippling Poison","Dagger Throw"],"picked":"Cloak And Dagger","floor":1.0},{"not_picked":["Crippling Poison","Terror"],"picked":"Footwork","floor":6.0},{"not_picked":["Underhanded Strike","Deadly Poison"],"picked":"Cloak And Dagger","floor":10.0},{"not_picked":["Skewer","Well Laid Plans"],"picked":"Prepared","floor":13.0},{"not_picked":["Storm of Steel","Corpse Explosion"],"picked":"After Image","floor":16.0},{"not_picked":["Dash","Finisher"],"picked":"Caltrops","floor":19},{"not_picked":["Acrobatics","Skewer"],"picked":"Accuracy","floor":25},{"not_picked":["Night Terror","Doppelganger"],"picked":"Bullet Time","floor":33},{"not_picked":["Escape Plan","Prepared"],"picked":"Cloak And Dagger","floor":34},{"not_picked":["Dagger Spray","Deflect"],"picked":"Prepared","floor":34},{"not_picked":["Prepared","Poisoned Stab"],"picked":"Cloak And Dagger","floor":38}],"player_experience":85809,"potions_floor_usage":[19,28,28,29,33,50,50,50],"damage_taken":[{"damage":0.0,"enemies":"Small Slimes","floor":1.0,"turns":1.0},{"damage":0.0,"enemies":"2 Louse","floor":5.0,"turns":1.0},{"damage":0.0,"enemies":"Lagavulin","floor":6.0,"turns":1.0},{"damage":0.0,"enemies":"Cultist","floor":10.0,"turns":3.0},{"damage":0.0,"enemies":"3 Louse","floor":13.0,"turns":4.0},{"damage":5.0,"enemies":"2 Fungi Beasts","floor":14.0,"turns":4.0},{"damage":36.0,"enemies":"The Guardian","floor":16.0,"turns":21.0},{"damage":2,"enemies":"3 Byrds","floor":18,"turns":7},{"damage":18,"enemies":"Spheric Guardian","floor":19,"turns":6},{"damage":12,"enemies":"Snecko","floor":24,"turns":7},{"damage":0,"enemies":"Snake Plant","floor":25,"turns":5},{"damage":49,"enemies":"Cultist and Chosen","floor":28,"turns":9},{"damage":2,"enemies":"Sentry and Sphere","floor":29,"turns":5},{"damage":56,"enemies":"Champ","floor":33,"turns":14},{"damage":28,"enemies":"3 Darklings","floor":35,"turns":5},{"damage":7,"enemies":"Orb Walker","floor":37,"turns":4},{"damage":33,"enemies":"Maw","floor":38,"turns":9},{"damage":21,"enemies":"Sphere and 2 Shapes","floor":39,"turns":8},{"damage":8,"enemies":"3 Darklings","floor":45,"turns":4},{"damage":25,"enemies":"Maw","floor":46,"turns":9},{"damage":1,"enemies":"4 Shapes","floor":47,"turns":6},{"damage":14,"enemies":"3 Darklings","floor":48,"turns":4},{"damage":44,"enemies":"Donu and Deca","floor":50,"turns":5}],"event_choices":[{"event_name":"Big Fish","player_choice":"Box","floor":2.0,"damage_taken":0.0},{"event_name":"The Cleric","player_choice":"Card Removal","floor":3.0,"damage_taken":0.0},{"event_name":"Living Wall","player_choice":"Forget","floor":4.0,"damage_taken":0.0},{"event_name":"Golden Wing","player_choice":"Card Removal","floor":8.0,"damage_taken":0.0},{"event_name":"The Mausoleum","player_choice":"Yes","floor":20,"damage_taken":0},{"event_name":"Cursed Tome","player_choice":"Obtained Book","floor":21,"damage_taken":0},{"event_name":"Vampires","player_choice":"Ignored","floor":31,"damage_taken":0},{"event_name":"Tomb of Lord Red Mask","player_choice":"Paid","floor":41,"damage_taken":0}],"boss_relics":[{"not_picked":["Velvet Choker","Cursed Key"],"picked":"Orrery"}],"potions_floor_spawned":[1,16,18,25,28,35,47],"seed_played":"-8306280255075671557","killed_by":"Donu and Deca","ascension_level":0,"is_trial":false}