{"path_per_floor":["M","M","?","M","?","E","R","M","T","M","M","M","E","M","R"],"character_chosen":"THE_SILENT","items_purchased":[],"gold_per_floor":[111,128,128,143,143,170,170,180,204,214,227,244,279,295,295,295],"floor_reached":16,"campfire_rested":1,"playtime":2231,"current_hp_per_floor":[70,70,70,67,67,53,53,53,53,44,31,25,20,20,41,0],"items_purged":[],"gold":295,"score":116,"play_id":"7c4735d8-13f4-4784-91c1-c0d5bc58183e","local_time":"20180418153332","is_prod":false,"is_daily":false,"chose_seed":false,"is_ascension_mode":false,"campfire_upgraded":1,"timestamp":1524062012,"path_taken":["M","M","?","M","?","E","R","M","T","?","M","M","E","?","R","BOSS"],"build_version":"2018-04-12","seed_source_timestamp":77913583920823,"purchased_purges":0,"victory":false,"master_deck":["Defend_G","Defend_G","Defend_G","Defend_G","Defend_G","Strike_G","Strike_G","Strike_G","Strike_G","Strike_G","Survivor","Neutralize","Finisher","Flying Knee","Dagger Throw","Infinite Blades+1","Prepared","Escape Plan","Tactician","Slice"],"max_hp_per_floor":[70,70,70,70,70,70,70,70,70,70,70,70,70,70,70,70],"relics":["Ring of the Snake","Mummified Hand","Snake Skull","Bag of Preparation"],"card_choices":[{"not_picked":["Underhanded Strike","Deflect"],"picked":"Finisher","floor":1},{"not_picked":["Underhanded Strike","Deadly Poison"],"picked":"Flying Knee","floor":2},{"not_picked":["PiercingWail","Predator"],"picked":"Dagger Throw","floor":4},{"not_picked":["Caltrops","Predator"],"picked":"Infinite Blades","floor":6},{"not_picked":["Dodge and Roll","Bullet Time"],"picked":"Prepared","floor":8},{"not_picked":["Leg Sweep","Deadly Poison"],"picked":"Escape Plan","floor":11},{"not_picked":["Flechettes","Terror"],"picked":"Tactician","floor":13},{"not_picked":["Dagger Throw","PiercingWail"],"picked":"Slice","floor":14}],"player_experience":19951,"potions_floor_usage":[8,13,13],"damage_taken":[{"damage":0,"enemies":"2 Louse","floor":1,"turns":3},{"damage":0,"enemies":"Jaw Worm","floor":2,"turns":3},{"damage":3,"enemies":"Small Slimes","floor":4,"turns":4},{"damage":14,"enemies":"3 Sentries","floor":6,"turns":8},{"damage":0,"enemies":"3 Louse","floor":8,"turns":2},{"damage":9,"enemies":"Exordium Thugs","floor":10,"turns":5},{"damage":13,"enemies":"Lots of Slimes","floor":11,"turns":5},{"damage":6,"enemies":"3 Louse","floor":12,"turns":3},{"damage":5,"enemies":"Lagavulin","floor":13,"turns":4},{"damage":0,"enemies":"Red Slaver","floor":14,"turns":4},{"damage":42,"enemies":"The Guardian","floor":16,"turns":13}],"event_choices":[{"event_name":"Liars Game","player_choice":"disagreed","floor":3,"damage_taken":0},{"event_name":"The Woman in Blue","player_choice":"Bought 0 Potions","floor":5,"damage_taken":0}],"boss_relics":[],"potions_floor_spawned":[1,8,11,12,13],"seed_played":"-792143464993447257","killed_by":"The Guardian","ascension_level":0,"is_trial":false}