{"path_per_floor":["M","M","?","?","?","E","$","T","T","?","E","M","M","M","R","B",null,"M","M","$","T","?","R","M","M","T"],"character_chosen":"THE_SILENT","items_purchased":["Deadly Poison","Regen Potion","Bane","Unload","Storm of Steel"],"gold_per_floor":[115,135,210,210,210,245,17,17,88,88,117,136,148,165,165,262,262,277,293,1,1,1,1,19,34,60,60],"floor_reached":27,"campfire_rested":0,"playtime":2110,"current_hp_per_floor":[70,70,59,34,70,70,70,70,70,63,51,51,47,53,53,33,70,59,59,59,59,59,59,41,30,30,0],"items_purged":["Strike_G"],"gold":60,"score":248,"play_id":"c75b89e3-8a5a-42fd-ace5-16d595010c71","local_time":"20180417191916","is_prod":false,"is_daily":false,"chose_seed":false,"is_ascension_mode":false,"campfire_upgraded":2,"timestamp":1524007156,"path_taken":["M","M","?","?","?","E","$","?","T","?","E","M","?","M","R","BOSS","M","M","$","?","?","R","M","M","T","E"],"build_version":"2018-04-12","seed_source_timestamp":0,"purchased_purges":1,"victory":false,"master_deck":["Defend_G","Defend_G+1","Defend_G+1","Defend_G","Defend_G","Survivor","Neutralize","Bane","Phantasmal Killer","Deadly Poison","Bane","Noxious Fumes","Footwork+1","Bouncing Flask","Venomology","Accuracy+1","Finisher+1","Underhanded Strike+1","Quick Slash","Unload","Storm of Steel+1","Blade Dance+1","Noxious Fumes"],"max_hp_per_floor":[70,70,70,70,70,70,70,70,70,70,70,70,70,70,70,70,70,70,70,70,70,70,70,70,70,70,70],"relics":["Ring of the Snake","NeowsBlessing","Girya","War Paint","Bronze Scales","Ninja Scroll","Bag of Preparation","Astrolabe","Unceasing Top","Prayer Wheel"],"card_choices":[{"not_picked":["PiercingWail","Bane"],"picked":"Noxious Fumes","floor":1.0},{"not_picked":["Dagger Throw","Dagger Spray"],"picked":"Bane","floor":2.0},{"not_picked":["Poisoned Stab","Heel Hook"],"picked":"Phantasmal Killer","floor":6.0},{"not_picked":["Acrobatics","Flechettes"],"picked":"Noxious Fumes","floor":11.0},{"not_picked":["Well Laid Plans","Dodge and Roll"],"picked":"Footwork","floor":13.0},{"not_picked":["Flying Knee","Dagger Spray"],"picked":"Bouncing Flask","floor":14.0},{"not_picked":["Die Die Die","Wraith Form v2"],"picked":"Venomology","floor":16.0},{"not_picked":["Eviscerate","Sucker Punch"],"picked":"Quick Slash","floor":19.0},{"not_picked":["Flying Knee","Masterful Stab"],"picked":"Blade Dance","floor":24},{"not_picked":["Riddle With Holes","Deadly Poison"],"picked":"Noxious Fumes","floor":25}],"player_experience":46126,"potions_floor_usage":[24,25,25,27],"damage_taken":[{"damage":0.0,"enemies":"Jaw Worm","floor":1.0,"turns":1.0},{"damage":0.0,"enemies":"Small Slimes","floor":2.0,"turns":1.0},{"damage":0.0,"enemies":"Lagavulin","floor":6.0,"turns":1.0},{"damage":12.0,"enemies":"3 Sentries","floor":11.0,"turns":9.0},{"damage":0.0,"enemies":"Cultist","floor":12.0,"turns":2.0},{"damage":4.0,"enemies":"Large Slime","floor":13.0,"turns":4.0},{"damage":6.0,"enemies":"Gremlin Gang","floor":14.0,"turns":5.0},{"damage":20.0,"enemies":"The Guardian","floor":16.0,"turns":9.0},{"damage":11.0,"enemies":"2 Thieves","floor":18.0,"turns":4.0},{"damage":0.0,"enemies":"Spheric Guardian","floor":19.0,"turns":1.0},{"damage":18,"enemies":"Slaver and Parasite","floor":24,"turns":6},{"damage":11,"enemies":"3 Cultists","floor":25,"turns":5},{"damage":37,"enemies":"Slavers","floor":27,"turns":3}],"event_choices":[{"event_name":"World of Goop","player_choice":"Gather Gold","floor":3.0,"damage_taken":0.0},{"event_name":"Scrap Ooze","player_choice":"success","floor":4.0,"damage_taken":25.0},{"event_name":"Bonfire Elementals","player_choice":"UNCOMMON","floor":5.0,"damage_taken":0.0},{"event_name":"Golden Wing","player_choice":"Card Removal","floor":10.0,"damage_taken":0.0},{"event_name":"Addict","player_choice":"Ignored","floor":22.0,"damage_taken":0.0}],"boss_relics":[],"potions_floor_spawned":[1,6,11,18],"seed_played":"8186175900820850828","killed_by":"Slavers","ascension_level":0,"is_trial":false}