{"path_per_floor":["M","?","M","M","M","E","?","R","T","M","M","?","M","M","R","B",null,"M","$","M","M","?","R","$","?","T","T","R","M","$","M","R"],"character_chosen":"THE_SILENT","items_purchased":["Noxious Fumes","Bane","War Paint","Poisoned Stab","Dark Shackles","Noxious Fumes"],"gold_per_floor":[116,116,136,153,170,198,373,373,398,411,422,388,408,428,428,533,533,549,191,210,223,148,148,2,252,252,298,298,316,4,23,23,23],"floor_reached":33,"campfire_rested":4,"playtime":2384,"current_hp_per_floor":[70,70,70,70,64,30,30,51,51,51,51,51,51,50,50,24,70,57,57,21,9,9,30,30,30,30,37,60,35,35,44,67,0],"items_purged":["Tactician","Strike_G","Strike_G"],"gold":23,"score":251,"play_id":"87988df7-cd46-403f-9b2b-8b75ae76f832","local_time":"20180418161333","is_prod":false,"is_daily":false,"chose_seed":false,"is_ascension_mode":false,"campfire_upgraded":1,"timestamp":1524064413,"path_taken":["M","?","M","?","M","E","?","R","T","M","M","?","M","M","R","BOSS","M","$","M","M","?","R","?","?","T","?","R","?","$","M","R","BOSS"],"build_version":"2018-04-12","seed_source_timestamp":80159191250643,"purchased_purges":3,"victory":false,"master_deck":["Defend_G","Defend_G","Defend_G","Defend_G","Defend_G","Strike_G+1","Strike_G","Survivor+1","Neutralize+1","Backflip","Blur+1","Deadly Poison+1","Distraction","Deadly Poison","Corpse Explosion","Bane","Noxious Fumes","Bane","Bouncing Flask+1","Poisoned Stab","Blur+1","Dark Shackles","Noxious Fumes","Footwork+1"],"max_hp_per_floor":[70,70,70,70,70,70,70,70,70,70,70,70,70,70,70,70,70,70,70,70,70,70,70,70,70,70,77,77,77,77,77,77,77],"relics":["Philosopher\u0027s Stone","Omamori","Whetstone","Velvet Choker","War Paint","Mummified Hand","Strawberry"],"card_choices":[{"not_picked":["All Out Attack","PiercingWail"],"picked":"Backflip","floor":1},{"not_picked":["Finisher","Slice"],"picked":"Blur","floor":5},{"not_picked":["Dodge and Roll","Crippling Poison"],"picked":"Deadly Poison","floor":6},{"not_picked":["Expertise","Backflip"],"picked":"Distraction","floor":11},{"not_picked":["Outmaneuver","Leg Sweep"],"picked":"Heel Hook","floor":13},{"not_picked":["Caltrops","Poisoned Stab"],"picked":"Deadly Poison","floor":14},{"not_picked":["Burst","A Thousand Cuts"],"picked":"Corpse Explosion","floor":16},{"not_picked":["Backflip","Sucker Punch"],"picked":"Bane","floor":18},{"not_picked":["Underhanded Strike","Skewer"],"picked":"Bouncing Flask","floor":21},{"not_picked":["Finisher","Dagger Throw"],"picked":"Blur","floor":29},{"not_picked":["Skewer","Riddle With Holes"],"picked":"Footwork","floor":31}],"player_experience":22182,"potions_floor_usage":[6,6,6,18,21,21,31,33],"damage_taken":[{"damage":0,"enemies":"2 Louse","floor":1,"turns":3},{"damage":0,"enemies":"Jaw Worm","floor":3,"turns":5},{"damage":0,"enemies":"Cultist","floor":4,"turns":5},{"damage":6,"enemies":"3 Louse","floor":5,"turns":4},{"damage":43,"enemies":"Lagavulin","floor":6,"turns":15},{"damage":0,"enemies":"Blue Slaver","floor":10,"turns":4},{"damage":0,"enemies":"Large Slime","floor":11,"turns":10},{"damage":0,"enemies":"Looter","floor":13,"turns":3},{"damage":1,"enemies":"Blue Slaver","floor":14,"turns":4},{"damage":26,"enemies":"The Guardian","floor":16,"turns":11},{"damage":13,"enemies":"2 Thieves","floor":18,"turns":3},{"damage":36,"enemies":"3 Byrds","floor":20,"turns":6},{"damage":12,"enemies":"Centurion and Healer","floor":21,"turns":5},{"damage":25,"enemies":"Snake Plant","floor":29,"turns":4},{"damage":6,"enemies":"Sentry and Sphere","floor":31,"turns":5},{"damage":71,"enemies":"Collector","floor":33,"turns":6}],"event_choices":[{"event_name":"Living Wall","player_choice":"Change","floor":2,"damage_taken":0},{"event_name":"Liars Game","player_choice":"agreed","floor":7,"damage_taken":0},{"event_name":"World of Goop","player_choice":"Left","floor":12,"damage_taken":0},{"event_name":"Beggar","player_choice":"Gave Gold","floor":22,"damage_taken":0},{"event_name":"Golden Shrine","player_choice":"Desecrate","floor":25,"damage_taken":0}],"boss_relics":[{"not_picked":["Ectoplasm","Runic Pyramid"],"picked":"Velvet Choker"}],"potions_floor_spawned":[1,4,5,11,16,20,21,29],"seed_played":"-922216618605856776","killed_by":"Collector","ascension_level":0,"is_trial":false}