{"path_per_floor":["M","$","?","M","M","E","R","M","T","R","M","M","$","?","R","B",null,"M","$","M","$","M","E","R","?","T","R","?","$","M","?","R","B",null,"M","?","M","T","$","M","$","R","T","M","R","?","M","M","R","B"],"character_chosen":"THE_SILENT","items_purchased":["Blood Vial","Bullet Time","Secret Technique","Anchor","Blur","Dexterity Potion"],"gold_per_floor":[115,115,193,203,217,249,249,264,313,313,326,344,200,300,300,401,401,412,136,150,75,89,116,116,31,31,31,31,31,46,46,46,145,175,194,194,212,265,36,48,0,0,0,13,13,13,24,35,35,35],"floor_reached":51,"campfire_rested":3,"playtime":6134,"current_hp_per_floor":[70,70,70,65,65,47,71,67,67,67,67,67,67,67,80,62,80,71,71,66,66,53,18,48,48,55,61,61,61,63,63,71,33,92,92,80,74,74,74,76,76,86,86,78,90,90,92,82,92,80],"items_purged":["Strike_G"],"gold":35,"score":667,"play_id":"04bd951f-bcf1-41c3-a5ff-b5a304895ef3","local_time":"20180420182430","is_prod":false,"is_daily":false,"chose_seed":false,"is_ascension_mode":false,"campfire_upgraded":6,"timestamp":1524263070,"path_taken":["M","$","?","M","M","E","R","M","T","R","M","M","?","?","R","BOSS","M","$","M","$","M","E","R","?","T","R","?","?","?","?","R","BOSS","M","?","M","?","$","M","$","R","T","?","R","?","M","?","R","BOSS"],"build_version":"2018-04-19","seed_source_timestamp":0,"purchased_purges":1,"victory":true,"master_deck":["Defend_G+1","Defend_G+1","Defend_G+1","Defend_G+1","Defend_G+1","Strike_G+1","Strike_G+1","Strike_G+1","Strike_G+1","Survivor+1","Neutralize","Dash+1","Underhanded Strike","Die Die Die+1","Backflip+1","Bullet Time","Secret Technique","Footwork+1","Backflip+1","Dash+1","Wraith Form v2+1","Burst","Backflip","Predator+1","Madness","Acrobatics+1","Blur","Backflip","Cloak And Dagger+1","Footwork+1"],"max_hp_per_floor":[70,70,70,70,70,80,80,80,80,80,80,80,80,80,80,80,80,80,80,80,80,80,80,80,80,87,87,87,87,87,87,87,87,92,92,92,92,92,92,92,92,92,92,92,92,92,92,92,92,92],"relics":["Snecko Eye","Pear","Bag of Marbles","Blood Vial","Eternal Feather","Vajra","Matryoshka","Strawberry","Tingsha","Tiny House","Omamori","Ancient Tea Set","Anchor","Mummified Hand"],"card_choices":[{"not_picked":["Flying Knee","Endless Agony"],"picked":"Dash","floor":1.0},{"not_picked":["Flying Knee","Poisoned Stab"],"picked":"Underhanded Strike","floor":5.0},{"not_picked":["Tactician","Unload"],"picked":"Die Die Die","floor":16.0},{"not_picked":["PiercingWail","Acrobatics"],"picked":"Backflip","floor":18.0},{"not_picked":["Noxious Fumes","Prepared"],"picked":"Footwork","floor":22.0},{"not_picked":["Dagger Throw","Sucker Punch"],"picked":"Backflip","floor":23.0},{"not_picked":["Blur","Flying Knee"],"picked":"Wraith Form v2","floor":30.0},{"not_picked":["Wraith Form v2","Tactician"],"picked":"Burst","floor":33.0},{"not_picked":["Well Laid Plans","Flying Knee"],"picked":"Backflip","floor":34},{"not_picked":["Bouncing Flask","Expertise"],"picked":"Predator","floor":35},{"not_picked":["Malaise","Bane"],"picked":"Acrobatics","floor":37},{"not_picked":["Distraction","Underhanded Strike"],"picked":"Backflip","floor":40},{"not_picked":["Dodge and Roll","Dagger Spray"],"picked":"Cloak And Dagger","floor":44},{"not_picked":["Flechettes","Dodge and Roll"],"picked":"Footwork","floor":47}],"player_experience":91383,"potions_floor_usage":[40,50],"damage_taken":[{"damage":0.0,"enemies":"Jaw Worm","floor":1.0,"turns":4.0},{"damage":5.0,"enemies":"Small Slimes","floor":4.0,"turns":4.0},{"damage":0.0,"enemies":"Cultist","floor":5.0,"turns":3.0},{"damage":28.0,"enemies":"Gremlin Nob","floor":6.0,"turns":6.0},{"damage":4.0,"enemies":"Exordium Thugs","floor":8.0,"turns":4.0},{"damage":0.0,"enemies":"Looter","floor":11.0,"turns":2.0},{"damage":0.0,"enemies":"Red Slaver","floor":12.0,"turns":4.0},{"damage":18.0,"enemies":"Slime Boss","floor":16.0,"turns":12.0},{"damage":9.0,"enemies":"Shell Parasite","floor":18.0,"turns":8.0},{"damage":7.0,"enemies":"3 Byrds","floor":20.0,"turns":4.0},{"damage":15.0,"enemies":"Snake Plant","floor":22.0,"turns":6.0},{"damage":37.0,"enemies":"Book of Stabbing","floor":23.0,"turns":9.0},{"damage":0.0,"enemies":"Snecko","floor":30.0,"turns":4.0},{"damage":40.0,"enemies":"Collector","floor":33.0,"turns":16.0},{"damage":0,"enemies":"3 Darklings","floor":35,"turns":6},{"damage":8,"enemies":"Orb Walker","floor":37,"turns":3},{"damage":0,"enemies":"Sphere and 2 Shapes","floor":40,"turns":10},{"damage":10,"enemies":"4 Shapes","floor":44,"turns":3},{"damage":0,"enemies":"3 Darklings","floor":47,"turns":3},{"damage":10,"enemies":"Maw","floor":48,"turns":11},{"damage":12,"enemies":"Awakened One","floor":50,"turns":40}],"event_choices":[{"event_name":"Golden Wing","player_choice":"Gained Gold","floor":3.0,"damage_taken":0.0},{"event_name":"Golden Shrine","player_choice":"Pray","floor":14.0,"damage_taken":0.0},{"event_name":"Addict","player_choice":"Obtained Relic","floor":25.0,"damage_taken":0.0},{"event_name":"Duplicator","player_choice":"One dupe","floor":28.0,"damage_taken":0.0},{"event_name":"Back to Basics","player_choice":"Simplicity","floor":31.0,"damage_taken":0.0},{"event_name":"Winding Halls","player_choice":"Embrace Madness","floor":36,"damage_taken":0}],"boss_relics":[{"not_picked":["Calling Bell","White Beast Statue"],"picked":"Tiny House"}],"potions_floor_spawned":[4,5,11,23,30,44,48],"seed_played":"955422756032621887","ascension_level":0,"is_trial":false}