{"path_per_floor":["M","$","M","M","M","R","M","M","T","M","$","?","R","$","R","B",null,"M","M","M","?","?","R","M","?","T","R","T","M","R","M","R","B",null,"M","T","$","M","?","E","R","E","T","R","$","M","R","M","R"],"character_chosen":"THE_SILENT","items_purchased":["Adrenaline"],"gold_per_floor":[111,36,47,66,77,77,91,103,103,116,16,16,16,16,16,114,114,131,143,160,75,75,75,93,93,146,146,201,218,218,229,229,330,330,340,340,215,233,233,260,260,289,289,289,132,148,148,168,168,168],"floor_reached":50,"campfire_rested":8,"playtime":2008,"current_hp_per_floor":[62,62,54,54,38,61,39,34,34,28,28,28,51,51,51,7,60,60,52,45,45,45,45,19,19,19,42,42,42,65,65,65,30,65,57,57,57,54,54,1,24,6,6,29,29,20,43,17,40,0],"items_purged":["Pain","Injury","Strike_G"],"gold":168,"score":716,"play_id":"affc4008-45ff-4bb7-8953-e8fbd864a892","local_time":"20180419134708","is_prod":false,"is_daily":false,"chose_seed":false,"is_ascension_mode":true,"campfire_upgraded":3,"timestamp":1524160028,"path_taken":["M","$","M","M","M","R","M","M","T","?","$","?","R","$","R","BOSS","M","M","M","?","?","R","?","?","T","R","?","M","R","?","R","BOSS","M","?","$","?","?","E","R","E","T","R","$","M","R","M","R","BOSS"],"build_version":"2018-04-12","seed_source_timestamp":243093976089938,"purchased_purges":3,"victory":false,"master_deck":["Defend_G","Defend_G","Defend_G","Defend_G","Defend_G+1","Strike_G","Strike_G","Strike_G","Survivor","Neutralize","Parasite","Dagger Spray","PiercingWail","Flying Knee","Footwork+1","Sucker Punch","Backflip+1","Bouncing Flask+1","Adrenaline+1","Dagger Throw+1","Quick Slash","Dodge and Roll+1","Noxious Fumes+1","Catalyst","Glass Knife","Dodge and Roll","Dagger Throw","Well Laid Plans+1","Deadly Poison+1","Adrenaline"],"max_hp_per_floor":[77,77,77,77,77,77,77,77,77,77,77,77,77,77,77,77,77,77,77,77,77,77,77,77,77,77,77,77,77,77,77,77,77,77,77,77,77,77,77,77,77,77,77,77,77,77,77,77,77,77],"relics":["Calling Bell","Strawberry","Lantern","Frozen Egg 2","Bronze Scales","Sozu","Paper Crane","Vajra","Oddly Smooth Stone","Runic Dome","War Paint","Matryoshka","Blue Candle","Snake Skull","Dodecahedron"],"card_choices":[{"not_picked":["Dagger Throw","Dodge and Roll"],"picked":"Dagger Spray","floor":1},{"not_picked":["Endless Agony","Bane"],"picked":"PiercingWail","floor":3},{"not_picked":["Prepared","Quick Slash"],"picked":"Flying Knee","floor":4},{"not_picked":["Slice","Well Laid Plans"],"picked":"Footwork","floor":5},{"not_picked":["Deadly Poison","Calculated Gamble"],"picked":"Sucker Punch","floor":7},{"not_picked":["Bane","Calculated Gamble"],"picked":"Backflip","floor":8},{"not_picked":["Bane","Finisher"],"picked":"Bouncing Flask","floor":10},{"not_picked":["After Image","Unload"],"picked":"Adrenaline","floor":16},{"not_picked":["Deadly Poison","Masterful Stab"],"picked":"Dagger Throw","floor":19},{"not_picked":["Flechettes","Acrobatics"],"picked":"Quick Slash","floor":20},{"not_picked":["Flying Knee","All Out Attack"],"picked":"Dodge and Roll","floor":24},{"not_picked":["Deflect","Dagger Spray"],"picked":"Noxious Fumes","floor":29},{"not_picked":["Concentrate","Dodge and Roll"],"picked":"Catalyst","floor":31},{"not_picked":["A Thousand Cuts","Die Die Die"],"picked":"Glass Knife","floor":33},{"not_picked":["Quick Slash","Crippling Poison"],"picked":"Dodge and Roll","floor":35},{"not_picked":["Masterful Stab","After Image"],"picked":"Dagger Throw","floor":38},{"not_picked":["Flying Knee","Skewer"],"picked":"Well Laid Plans","floor":40},{"not_picked":["Dagger Throw","Crippling Poison"],"picked":"Deadly Poison","floor":42}],"player_experience":576372,"potions_floor_usage":[20,33,40],"damage_taken":[{"damage":8,"enemies":"Cultist","floor":1,"turns":5},{"damage":8,"enemies":"Jaw Worm","floor":3,"turns":6},{"damage":0,"enemies":"Small Slimes","floor":4,"turns":4},{"damage":16,"enemies":"Red Slaver","floor":5,"turns":5},{"damage":22,"enemies":"Large Slime","floor":7,"turns":9},{"damage":5,"enemies":"Blue Slaver","floor":8,"turns":5},{"damage":6,"enemies":"Red Slaver","floor":10,"turns":5},{"damage":44,"enemies":"The Guardian","floor":16,"turns":11},{"damage":0,"enemies":"Shell Parasite","floor":18,"turns":5},{"damage":8,"enemies":"3 Byrds","floor":19,"turns":3},{"damage":19,"enemies":"3 Cultists","floor":20,"turns":5},{"damage":26,"enemies":"Chosen and Byrds","floor":24,"turns":6},{"damage":0,"enemies":"Centurion and Healer","floor":29,"turns":8},{"damage":0,"enemies":"Cultist and Chosen","floor":31,"turns":5},{"damage":35,"enemies":"Champ","floor":33,"turns":14},{"damage":8,"enemies":"Orb Walker","floor":35,"turns":4},{"damage":3,"enemies":"3 Shapes","floor":38,"turns":6},{"damage":53,"enemies":"Giant Head","floor":40,"turns":10},{"damage":18,"enemies":"Nemesis","floor":42,"turns":8},{"damage":9,"enemies":"3 Darklings","floor":46,"turns":7},{"damage":26,"enemies":"Maw","floor":48,"turns":8},{"damage":62,"enemies":"Time Eater","floor":50,"turns":7}],"event_choices":[{"event_name":"Golden Idol","player_choice":"Ignored","floor":12,"damage_taken":0},{"event_name":"Addict","player_choice":"Obtained Relic","floor":21,"damage_taken":0},{"event_name":"Drug Dealer","player_choice":"Ignored","floor":22,"damage_taken":0},{"event_name":"The Woman in Blue","player_choice":"Bought 0 Potions","floor":25,"damage_taken":0}],"boss_relics":[{"not_picked":["Ectoplasm","Eternal Feather"],"picked":"Sozu"},{"not_picked":["White Beast Statue","Snecko Eye"],"picked":"Runic Dome"}],"potions_floor_spawned":[4,10,16,20,33,35,38],"seed_played":"-5793324260878756662","killed_by":"Time Eater","ascension_level":9,"is_trial":false}