{"path_per_floor":["M","M","M","$","?","R","E","M","T","E","R","M","?","M","R","B",null,"M","$","M","M","?","R","M","?","T","E","R","M","E","M","R","B",null,"M","M","$","M","M","R","$","E","T","M","M","R","M","$","R","B"],"character_chosen":"THE_SILENT","items_purchased":["Catalyst","Noxious Fumes","Ancient Potion","Apotheosis","Well Laid Plans"],"gold_per_floor":[114,130,148,32,32,32,63,80,80,111,111,121,121,136,136,231,231,249,30,40,55,55,55,69,69,69,95,95,112,144,157,157,260,290,307,327,327,341,361,361,361,390,390,405,422,422,439,32,32,32],"floor_reached":51,"campfire_rested":1,"playtime":2326,"current_hp_per_floor":[63,63,63,63,63,63,60,59,59,24,48,46,72,72,72,36,69,69,69,68,49,49,57,39,39,39,38,40,40,39,32,40,37,44,44,41,41,40,37,45,45,44,44,43,43,45,43,43,45,44],"items_purged":["Strike_G","Strike_G","Strike_G"],"gold":32,"score":1233,"play_id":"5cdb408c-80fb-43d1-902e-2453a8c30201","local_time":"20180419194502","is_prod":false,"is_daily":false,"chose_seed":false,"is_ascension_mode":true,"campfire_upgraded":8,"timestamp":1524185102,"path_taken":["M","M","?","$","?","R","E","M","T","E","R","M","?","M","R","BOSS","M","$","M","M","?","R","M","?","T","E","R","M","E","M","R","BOSS","M","M","$","M","M","R","$","E","T","M","M","R","M","$","R","BOSS"],"build_version":"2018-04-12","seed_source_timestamp":0,"purchased_purges":5,"victory":true,"master_deck":["Defend_G","Defend_G","Defend_G","Defend_G","Defend_G","Strike_G","Strike_G","Survivor+1","Neutralize+1","AscendersBane","Expertise+1","Bouncing Flask+1","Catalyst+1","Deflect","Backflip","Blur","Backflip","Corpse Explosion+1","Prepared","Noxious Fumes+1","Acrobatics","Escape Plan","Crippling Poison","Ghostly","Ghostly","Ghostly","Ghostly","Ghostly","Acrobatics+1","Burst+1","Wraith Form v2+1","Deadly Poison","Adrenaline","Apotheosis+1","Well Laid Plans"],"max_hp_per_floor":[70,70,70,70,70,70,80,80,80,80,80,80,80,80,80,80,80,80,80,80,80,80,80,80,40,40,40,40,40,40,40,40,40,45,45,45,45,45,45,45,45,45,45,45,45,45,45,45,45,45],"relics":["Velvet Choker","Pear","Paper Crane","Bronze Scales","Eternal Feather","Ice Cream","Anchor","Pen Nib","Tiny House","Bag of Preparation","Blue Candle"],"card_choices":[{"not_picked":["Quick Slash","Dagger Throw"],"picked":"Expertise","floor":2.0},{"not_picked":["Dagger Spray","Flechettes"],"picked":"Bouncing Flask","floor":3.0},{"not_picked":["Caltrops","Distraction"],"picked":"Deflect","floor":7.0},{"not_picked":["Cloak And Dagger","Slice"],"picked":"Backflip","floor":8.0},{"not_picked":["Prepared","Flying Knee"],"picked":"Blur","floor":12.0},{"not_picked":["Flying Knee","Deflect"],"picked":"Backflip","floor":14.0},{"not_picked":["Glass Knife","Storm of Steel"],"picked":"Corpse Explosion","floor":16.0},{"not_picked":["Flechettes","Slice"],"picked":"Prepared","floor":18.0},{"not_picked":["Quick Slash","Caltrops"],"picked":"Acrobatics","floor":20.0},{"not_picked":["Cloak And Dagger","Slice"],"picked":"Escape Plan","floor":21.0},{"not_picked":["Underhanded Strike","Slice"],"picked":"Crippling Poison","floor":24.0},{"not_picked":["Unload","Dagger Throw"],"picked":"Acrobatics","floor":31},{"not_picked":["Bullet Time","Glass Knife"],"picked":"Burst","floor":33},{"not_picked":["Outmaneuver","Underhanded Strike"],"picked":"Wraith Form v2","floor":38},{"not_picked":["Endless Agony","Expertise"],"picked":"Deadly Poison","floor":39},{"not_picked":["Die Die Die","Acrobatics"],"picked":"Adrenaline","floor":42}],"player_experience":486097,"potions_floor_usage":[31,50,50],"damage_taken":[{"damage":0.0,"enemies":"Cultist","floor":1.0,"turns":5.0},{"damage":0.0,"enemies":"Small Slimes","floor":2.0,"turns":5.0},{"damage":0.0,"enemies":"2 Louse","floor":3.0,"turns":3.0},{"damage":13.0,"enemies":"3 Sentries","floor":7.0,"turns":9.0},{"damage":1.0,"enemies":"Blue Slaver","floor":8.0,"turns":3.0},{"damage":35.0,"enemies":"Gremlin Nob","floor":10.0,"turns":5.0},{"damage":2.0,"enemies":"2 Fungi Beasts","floor":12.0,"turns":3.0},{"damage":0.0,"enemies":"Looter","floor":14.0,"turns":2.0},{"damage":36.0,"enemies":"Slime Boss","floor":16.0,"turns":11.0},{"damage":0.0,"enemies":"Chosen","floor":18.0,"turns":4.0},{"damage":1.0,"enemies":"Shell Parasite","floor":20.0,"turns":4.0},{"damage":19.0,"enemies":"3 Cultists","floor":21.0,"turns":6.0},{"damage":18.0,"enemies":"Slaver and Parasite","floor":24.0,"turns":6.0},{"damage":1.0,"enemies":"Gremlin Leader","floor":27.0,"turns":6.0},{"damage":0,"enemies":"Snake Plant","floor":29,"turns":4},{"damage":1,"enemies":"Book of Stabbing","floor":30,"turns":5},{"damage":7,"enemies":"Chosen and Byrds","floor":31,"turns":5},{"damage":3,"enemies":"Champ","floor":33,"turns":8},{"damage":0,"enemies":"3 Shapes","floor":35,"turns":6},{"damage":3,"enemies":"3 Darklings","floor":36,"turns":6},{"damage":1,"enemies":"Sphere and 2 Shapes","floor":38,"turns":6},{"damage":3,"enemies":"Maw","floor":39,"turns":9},{"damage":1,"enemies":"Giant Head","floor":42,"turns":9},{"damage":1,"enemies":"3 Darklings","floor":44,"turns":5},{"damage":0,"enemies":"Sphere and 2 Shapes","floor":45,"turns":6},{"damage":2,"enemies":"Maw","floor":47,"turns":9},{"damage":1,"enemies":"Time Eater","floor":50,"turns":8}],"event_choices":[{"event_name":"Living Wall","player_choice":"Grow","floor":5.0,"damage_taken":0.0},{"event_name":"Big Fish","player_choice":"Banana","floor":13.0,"damage_taken":0.0},{"event_name":"Drug Dealer","player_choice":"Ignored","floor":22.0,"damage_taken":0.0},{"event_name":"Ghosts","player_choice":"Became a Ghost","floor":25.0,"damage_taken":0.0}],"boss_relics":[{"not_picked":["Runic Pyramid","Philosopher\u0027s Stone"],"picked":"Tiny House"}],"potions_floor_spawned":[7,8,14,18,21,27,30,31,36,42,44],"seed_played":"474398600780188052","ascension_level":12,"is_trial":false}