{"path_per_floor":["M","M","M","?","?","R","$","R","T","R","M","M","?","M","R","B",null,"M","?","M","M","?","R","M","R","T","?","E","M","R","$","R","B",null,"M","$","M","?","M","E","R","?","T","E","?"],"character_chosen":"THE_SILENT","items_purchased":["Well Laid Plans","Vajra","Accuracy","Thread and Needle"],"gold_per_floor":[217,234,248,248,248,248,136,136,136,136,156,176,176,197,197,326,326,340,340,364,385,385,385,401,401,424,424,468,488,488,165,165,295,295,315,18,41,41,60,94,94,94,94,127,127],"floor_reached":46,"campfire_rested":3,"playtime":3604,"current_hp_per_floor":[67,67,67,67,67,67,67,67,67,67,67,67,50,43,43,13,70,66,66,56,30,14,35,20,41,41,41,22,6,42,42,42,17,70,55,55,50,40,32,30,30,30,30,1,1],"items_purged":["Regret","Strike_G"],"gold":127,"play_id":"56447015-42ef-4a16-8a9d-f86650baebe0","is_prod":false,"is_daily":false,"is_ascension_mode":false,"campfire_upgraded":6,"path_taken":["M","M","M","?","?","R","$","R","T","R","M","M","?","?","R","BOSS","M","?","M","M","?","R","M","R","T","?","E","?","R","$","R","BOSS","M","$","?","?","M","E","R","?","T","E","?","M"],"build_version":"2018-02-01-PROD3","purchased_purges":2,"victory":false,"master_deck":["Defend_G","Defend_G","Defend_G","Defend_G","Strike_G","Strike_G","Survivor","Neutralize+1","Skewer+1","Dagger Throw","Dodge and Roll+1","Well Laid Plans+1","Blade Dance+1","A Thousand Cuts","Infinite Blades","Writhe","Backflip","Escape Plan+1","Blade Dance","Accuracy+1","Storm of Steel","Concentrate+1","Envenom+1","Deflect+1","Cloak And Dagger+1","Madness","Madness+1","After Image","Prepared+1"],"max_hp_per_floor":[70,70,70,70,70,70,70,70,70,70,70,70,70,70,70,70,70,70,70,70,70,70,70,70,70,70,70,70,70,70,70,70,70,70,70,70,70,70,70,70,70,70,70,70,70],"relics":["Ring of the Snake","Matryoshka","Orichalcum","Lantern","Golden Idol","Sozu","Bag of Marbles","Enchiridion","Dream Catcher","Regal Pillow","Pen Nib","Vajra","Astrolabe","Thread and Needle","Happy Flower","Dodecahedron","Bottled Flame"],"card_choices":[{"not_picked":["PiercingWail","Acrobatics"],"picked":"Skewer"},{"not_picked":["Slice","PiercingWail"],"picked":"Dagger Throw"},{"not_picked":["Underhanded Strike","Setup"],"picked":"Dodge and Roll"},{"not_picked":["Deflect","Concentrate"],"picked":"Blade Dance"},{"not_picked":["Outmaneuver","Dagger Throw"],"picked":"Reflex"},{"not_picked":["Unload","Grand Finale"],"picked":"A Thousand Cuts"},{"not_picked":["Noxious Fumes","Prepared"],"picked":"Infinite Blades"},{"not_picked":["Dagger Throw","Caltrops"],"picked":"Backflip"},{"not_picked":["Flechettes","Terror"],"picked":"Escape Plan"},{"not_picked":["Quick Slash","Dodge and Roll"],"picked":"Blade Dance"},{"not_picked":["Unload","Wraith Form"],"picked":"Storm of Steel"},{"not_picked":["Sucker Punch","Crippling Poison"],"picked":"Cloak And Dagger"},{"not_picked":["Endless Agony","Deflect"],"picked":"After Image"},{"not_picked":["Deadly Poison","Masterful Stab"],"picked":"Prepared"}],"player_experience":255216,"potions_floor_usage":[],"damage_taken":[{"damage":3.0,"enemies":"Jaw Worm","floor":1.0,"turns":5.0},{"damage":0.0,"enemies":"Cultist","floor":2.0,"turns":4.0},{"damage":0.0,"enemies":"2 Louse","floor":3.0,"turns":2.0},{"damage":0.0,"enemies":"Exordium Wildlife","floor":11.0,"turns":3.0},{"damage":0.0,"enemies":"Looter","floor":12.0,"turns":2.0},{"damage":7.0,"enemies":"2 Fungi Beasts","floor":14.0,"turns":3.0},{"damage":30.0,"enemies":"The Guardian","floor":16.0,"turns":13.0},{"damage":4.0,"enemies":"3 Byrds","floor":18.0,"turns":4.0},{"damage":10.0,"enemies":"2 Thieves","floor":20.0,"turns":4.0},{"damage":26.0,"enemies":"3 Cultists","floor":21.0,"turns":6.0},{"damage":15.0,"enemies":"Snake Plant","floor":24.0,"turns":5.0},{"damage":19.0,"enemies":"Book of Stabbing","floor":28.0,"turns":7.0},{"damage":16.0,"enemies":"Sentry and Sphere","floor":29.0,"turns":5.0},{"damage":25.0,"enemies":"Champ","floor":33.0,"turns":10.0},{"damage":15,"enemies":"3 Shapes","floor":35,"turns":13},{"damage":5,"enemies":"Orb Walker","floor":37,"turns":3},{"damage":8,"enemies":"Sphere and 2 Shapes","floor":39,"turns":5},{"damage":2,"enemies":"Giant Head","floor":40,"turns":8},{"damage":29,"enemies":"2 Orb Walkers","floor":44,"turns":5},{"damage":5,"enemies":"4 Shapes","floor":46,"turns":2}],"event_choices":[{"event_name":"Living Wall","player_choice":"Grow","floor":4.0,"damage_taken":0.0},{"event_name":"Big Fish","player_choice":"Box","floor":5.0,"damage_taken":0.0},{"event_name":"Golden Idol","player_choice":"Take Damage","floor":13.0,"damage_taken":0.0},{"event_name":"The Mausoleum","player_choice":"Yes","floor":19.0,"damage_taken":0.0},{"event_name":"Cursed Tome","player_choice":"Obtained Book","floor":22.0,"damage_taken":0.0},{"event_name":"The Lab","player_choice":"Got Potions","floor":27.0,"damage_taken":0.0},{"event_name":"Winding Halls","player_choice":"Embrace Madness","floor":38,"damage_taken":0},{"event_name":"Mysterious Sphere","player_choice":"Ignore","floor":45,"damage_taken":0}],"boss_relics":[],"potions_floor_spawned":[3,11,14,16,24,28,29,40,44],"seed_played":"3228517023757898867","killed_by":"4 Shapes","ascension_level":0,"is_trial":false}