{"path_per_floor":["M","?","$","?","$","E","M","M","T","R","M","M","R","M","R","B",null,"M","?","$","M","?","R"],"character_chosen":"IRONCLAD","items_purchased":["Clash"],"gold_per_floor":[118,68,42,42,42,73,87,106,106,106,126,138,138,150,150,246,246,259,184,109,129,129,129,129],"floor_reached":24,"campfire_rested":0,"playtime":995,"current_hp_per_floor":[61,61,61,61,61,10,15,21,21,21,24,29,29,32,32,16,80,49,49,49,39,39,39,0],"items_purged":["Strike_R"],"gold":129,"score":206,"play_id":"68c024f3-1a9b-46e3-a131-d9e59c8fbe5f","local_time":"20180416212037","is_prod":false,"is_daily":false,"chose_seed":false,"is_ascension_mode":true,"campfire_upgraded":4,"timestamp":1523938837,"path_taken":["M","?","$","?","?","E","M","M","T","R","M","M","R","M","R","BOSS","M","?","$","?","?","R","E"],"build_version":"2018-04-12","seed_source_timestamp":34066167728323,"purchased_purges":1,"victory":false,"master_deck":["Strike_R","Defend_R+1","Defend_R","Defend_R","Defend_R","Bash+1","Clumsy","Dropkick","Clash+1","Armaments+1","Juggernaut+1"],"max_hp_per_floor":[80,80,80,80,80,80,80,80,80,80,80,80,80,80,80,80,80,80,80,80,80,80,80,80],"relics":["Burning Blood","Calipers","Frozen Egg 2","Ancient Tea Set","Black Star"],"card_choices":[{"not_picked":["Perfected Strike","Clash"],"picked":"Dropkick","floor":1},{"not_picked":["Heavy Blade","Fire Breathing"],"picked":"Armaments","floor":6},{"not_picked":["Brutality","Barricade"],"picked":"Juggernaut","floor":16}],"player_experience":71944,"potions_floor_usage":[16,16,24],"damage_taken":[{"damage":25,"enemies":"Small Slimes","floor":1,"turns":5},{"damage":57,"enemies":"Lagavulin","floor":6,"turns":11},{"damage":1,"enemies":"Jaw Worm","floor":7,"turns":6},{"damage":0,"enemies":"2 Louse","floor":8,"turns":3},{"damage":3,"enemies":"Gremlin Gang","floor":11,"turns":5},{"damage":1,"enemies":"3 Louse","floor":12,"turns":5},{"damage":3,"enemies":"Exordium Wildlife","floor":14,"turns":5},{"damage":37,"enemies":"The Guardian","floor":16,"turns":14},{"damage":37,"enemies":"3 Byrds","floor":18,"turns":6},{"damage":16,"enemies":"Chosen","floor":21,"turns":6},{"damage":58,"enemies":"Gremlin Leader","floor":24,"turns":9}],"event_choices":[{"event_name":"The Cleric","player_choice":"Card Removal","floor":2,"damage_taken":0},{"event_name":"Purifier","player_choice":"One Purge","floor":4,"damage_taken":0},{"event_name":"Beggar","player_choice":"Gave Gold","floor":19,"damage_taken":0},{"event_name":"The Lab","player_choice":"Got Potions","floor":22,"damage_taken":0}],"boss_relics":[{"not_picked":["Ectoplasm","Orrery"],"picked":"Black Star"}],"potions_floor_spawned":[1,14,16,21],"seed_played":"-6993980431594064699","killed_by":"Gremlin Leader","ascension_level":1,"is_trial":false}