{"path_per_floor":["M","?","?","M","M","R","E","R","T","M","R","E","?","E","R","B",null,"M","$","?","M","?","E","?","R","T","R","M","$","M","$","R","B",null,"M","?","M","M","T","R","$","E","T","T","R","M","M","$","R","B"],"character_chosen":"IRONCLAD","items_purchased":["Secret Weapon","True Grit","Whetstone","Orichalcum"],"gold_per_floor":[19,19,19,36,55,55,387,387,437,452,452,479,509,538,538,638,638,657,380,380,392,392,424,424,424,447,447,464,364,375,250,250,352,352,371,371,382,399,399,399,101,136,162,211,211,223,236,86,86,86],"floor_reached":51,"campfire_rested":0,"playtime":1930,"current_hp_per_floor":[80,80,64,70,69,69,59,59,59,63,63,55,55,36,36,38,96,94,94,94,87,87,27,27,27,27,27,30,30,38,38,38,31,104,102,102,112,102,102,102,102,84,84,84,84,86,95,95,95,44],"items_purged":["Regret","Strike_R","Bash","Strike_R"],"gold":86,"score":870,"play_id":"9fa3e03b-f407-4c7f-bcd5-2a80bd171cfd","local_time":"20180416234731","is_prod":false,"is_daily":false,"chose_seed":false,"is_ascension_mode":true,"campfire_upgraded":10,"timestamp":1523947651,"path_taken":["M","?","?","M","?","R","E","R","T","M","R","E","?","E","R","BOSS","M","$","?","?","?","E","?","R","T","R","?","?","?","$","R","BOSS","M","?","M","M","?","R","$","E","T","?","R","M","M","?","R","BOSS"],"build_version":"2018-04-12","seed_source_timestamp":41951990185274,"purchased_purges":4,"victory":true,"master_deck":["Defend_R","Defend_R","Defend_R+1","Anger+1","Whirlwind+1","Headbutt+1","Spot Weakness+1","Feed+1","Inflame","Flex+1","Berserk","Spot Weakness+1","Secret Weapon+1","True Grit+1","Thunderclap+1","Heavy Blade+1","Limit Break+1","Impervious","Thunderclap+1","Intimidate+1","Warcry","Thunderclap+1","Infernal Blade+1","Flex+1","Heavy Blade+1"],"max_hp_per_floor":[80,80,80,80,80,80,80,80,80,84,84,88,88,92,92,96,96,100,100,100,100,100,100,100,100,100,100,100,100,104,104,104,104,104,108,108,112,112,112,112,112,112,112,112,112,112,116,116,116,120],"relics":["Black Blood","Old Coin","Prayer Wheel","Bag of Preparation","Tiny Chest","Centennial Puzzle","Bronze Scales","Bag of Marbles","Sozu","Dead Branch","Whetstone","Orichalcum","Ginger","Regal Pillow","Happy Flower"],"card_choices":[{"not_picked":["Twin Strike","Sever Soul"],"picked":"Headbutt","floor":1},{"not_picked":["Dropkick","Power Through"],"picked":"Spot Weakness","floor":5},{"not_picked":["Armaments","Havoc"],"picked":"Feed","floor":7},{"not_picked":["Whirlwind","Body Slam"],"picked":"Inflame","floor":12},{"not_picked":["Armaments","Body Slam"],"picked":"Flex","floor":14},{"not_picked":["Feed","Barricade"],"picked":"Berserk","floor":16},{"not_picked":["Sentinel","Pommel Strike"],"picked":"Spot Weakness","floor":18},{"not_picked":["True Grit","Sword Boomerang"],"picked":"Thunderclap","floor":21},{"not_picked":["Cleave","Perfected Strike"],"picked":"Heavy Blade","floor":23},{"not_picked":["Hemokinesis","Headbutt"],"picked":"Limit Break","floor":30},{"not_picked":["Berserk","Brutality"],"picked":"Impervious","floor":33},{"not_picked":["Clothesline","Metallicize"],"picked":"Thunderclap","floor":35},{"not_picked":["Perfected Strike","Body Slam"],"picked":"Intimidate","floor":37},{"not_picked":["Havoc","Cleave"],"picked":"Warcry","floor":39},{"not_picked":["Dropkick","Inflame"],"picked":"Thunderclap","floor":42},{"not_picked":["Perfected Strike","Armaments"],"picked":"Infernal Blade","floor":43},{"not_picked":["Thunderclap","Clash"],"picked":"Flex","floor":44},{"not_picked":["Havoc","Burning Pact"],"picked":"Heavy Blade","floor":47}],"player_experience":75878,"potions_floor_usage":[12,12,12,16,18,28,42],"damage_taken":[{"damage":0,"enemies":"2 Louse","floor":1,"turns":3},{"damage":0,"enemies":"Cultist","floor":4,"turns":3},{"damage":7,"enemies":"Small Slimes","floor":5,"turns":4},{"damage":16,"enemies":"3 Sentries","floor":7,"turns":3},{"damage":6,"enemies":"3 Louse","floor":10,"turns":2},{"damage":18,"enemies":"Lagavulin","floor":12,"turns":3},{"damage":29,"enemies":"Gremlin Nob","floor":14,"turns":4},{"damage":8,"enemies":"Slime Boss","floor":16,"turns":7},{"damage":16,"enemies":"Spheric Guardian","floor":18,"turns":4},{"damage":17,"enemies":"Chosen","floor":21,"turns":5},{"damage":70,"enemies":"Slavers","floor":23,"turns":5},{"damage":13,"enemies":"Snake Plant","floor":28,"turns":3},{"damage":6,"enemies":"3 Cultists","floor":30,"turns":3},{"damage":17,"enemies":"Champ","floor":33,"turns":6},{"damage":16,"enemies":"3 Darklings","floor":35,"turns":4},{"damage":2,"enemies":"Orb Walker","floor":37,"turns":2},{"damage":20,"enemies":"Maw","floor":38,"turns":6},{"damage":28,"enemies":"Giant Head","floor":42,"turns":7},{"damage":8,"enemies":"3 Darklings","floor":46,"turns":2},{"damage":5,"enemies":"4 Shapes","floor":47,"turns":3},{"damage":65,"enemies":"Awakened One","floor":50,"turns":6}],"event_choices":[{"event_name":"Purifier","player_choice":"One Purge","floor":2,"damage_taken":0},{"event_name":"Shining Light","player_choice":"Entered Light","floor":3,"damage_taken":0},{"event_name":"Big Fish","player_choice":"Box","floor":13,"damage_taken":0},{"event_name":"Vampires","player_choice":"Ignored","floor":20,"damage_taken":0},{"event_name":"Accursed Blacksmith","player_choice":"Forge","floor":22,"damage_taken":0},{"event_name":"Back to Basics","player_choice":"Elegance","floor":24,"damage_taken":0},{"event_name":"Tomb of Lord Red Mask","player_choice":"Ignored","floor":36,"damage_taken":0}],"boss_relics":[{"not_picked":["Philosopher\u0027s Stone","Black Star"],"picked":"Black Blood"},{"not_picked":["Cursed Key","Astrolabe"],"picked":"Sozu"}],"potions_floor_spawned":[4,5,10,14,16,18,28,35,37,38,46],"seed_played":"5638652777106631070","ascension_level":1,"is_trial":false}