{"path_per_floor":["M","$","T","?","M","R","M","R","T","M","R","M","?","M","R","B",null,"M","$","?","M","?","R","M","R","T","?","R","M","R","M","R","B",null,"M","T","$","M","?","R","E","M","T"],"character_chosen":"IRONCLAD","items_purchased":["Inflame","Pummel","Orichalcum","Fire Breathing"],"gold_per_floor":[364,250,250,250,267,267,279,279,355,372,372,382,382,397,397,493,493,513,225,225,243,243,243,254,254,278,278,278,296,296,310,310,405,405,416,416,223,233,233,233,265,281,281,281],"floor_reached":44,"campfire_rested":0,"playtime":2127,"current_hp_per_floor":[72,72,72,72,72,72,70,70,70,72,72,72,72,69,69,31,72,72,72,72,72,56,56,58,58,58,45,45,51,51,56,56,43,77,77,77,77,60,50,50,32,24,24,0],"items_purged":["Defend_R","Regret","Doubt"],"gold":281,"score":428,"play_id":"d5710d79-0598-4060-8a77-04ad095cb4dc","local_time":"20180413130411","is_prod":false,"is_daily":false,"chose_seed":false,"is_ascension_mode":false,"campfire_upgraded":10,"timestamp":1523649851,"path_taken":["M","$","?","?","M","R","M","R","T","M","R","M","?","M","R","BOSS","M","$","?","M","?","R","?","R","T","?","R","M","R","M","R","BOSS","M","?","$","M","?","R","E","M","T","M"],"build_version":"2018-04-12","seed_source_timestamp":149016037287710,"purchased_purges":3,"victory":false,"master_deck":["Strike_R+1","Strike_R+1","Strike_R+1","Strike_R+1","Strike_R+1","Defend_R+1","Defend_R+1","Defend_R+1","Bash","Burning Pact+1","Inflame","Infernal Blade+1","True Grit+1","Offering+1","Pommel Strike+1","Intimidate","Fiend Fire+1","Bloodletting+1","Pummel","Cleave+1","Warcry+1","Anger+1","Burning Pact+1","Limit Break","Headbutt+1","Fire Breathing","Ghostly Armor+1","Enlightenment+1","Mind Blast","Enlightenment","Pommel Strike","Warcry+1","Pain"],"max_hp_per_floor":[72,72,72,72,72,72,72,72,72,72,72,72,72,72,72,72,72,72,72,72,72,72,72,72,72,72,77,77,77,77,77,77,77,77,77,77,77,77,77,77,77,77,77,77],"relics":["Burning Blood","Bottled Tornado","Letter Opener","Oddly Smooth Stone","Sozu","Orichalcum","Enchiridion","Bag of Marbles","Cursed Key","Bag of Preparation","Pen Nib","Darkstone Periapt"],"card_choices":[{"not_picked":["Sword Boomerang","Cleave"],"picked":"Burning Pact","floor":1},{"not_picked":["Searing Blow","Perfected Strike"],"picked":"Infernal Blade","floor":5},{"not_picked":["Twin Strike","Clothesline"],"picked":"True Grit","floor":7},{"not_picked":["Clash","Body Slam"],"picked":"Offering","floor":10},{"not_picked":["Anger","Blood for Blood"],"picked":"Pommel Strike","floor":12},{"not_picked":["Shockwave","Thunderclap"],"picked":"Intimidate","floor":14},{"not_picked":["Brutality","Reaper"],"picked":"Fiend Fire","floor":16},{"not_picked":["Carnage","Shrug It Off"],"picked":"Bloodletting","floor":18},{"not_picked":["True Grit","Twin Strike"],"picked":"Cleave","floor":21},{"not_picked":["Whirlwind","Spot Weakness"],"picked":"Warcry","floor":24},{"not_picked":["Searing Blow","Flex"],"picked":"Anger","floor":29},{"not_picked":["Feel No Pain","Flex"],"picked":"Burning Pact","floor":31},{"not_picked":["Reaper","Barricade"],"picked":"Limit Break","floor":33},{"not_picked":["Perfected Strike","Flex"],"picked":"Headbutt","floor":35},{"not_picked":["Clothesline","Juggernaut"],"picked":"Ghostly Armor","floor":38},{"not_picked":["Dark Shackles","Bandage Up"],"picked":"Enlightenment","floor":39},{"not_picked":["Flash of Steel","Good Instincts"],"picked":"Mind Blast","floor":39},{"not_picked":["Purity","Panacea"],"picked":"Enlightenment","floor":39},{"not_picked":["Shrug It Off","Body Slam"],"picked":"Pommel Strike","floor":41},{"not_picked":["Rupture","Sword Boomerang"],"picked":"Warcry","floor":42}],"player_experience":19736,"potions_floor_usage":[5,14,29],"damage_taken":[{"damage":6,"enemies":"Cultist","floor":1,"turns":3},{"damage":0,"enemies":"2 Louse","floor":5,"turns":2},{"damage":8,"enemies":"Small Slimes","floor":7,"turns":3},{"damage":1,"enemies":"Looter","floor":10,"turns":4},{"damage":4,"enemies":"Blue Slaver","floor":12,"turns":2},{"damage":9,"enemies":"2 Fungi Beasts","floor":14,"turns":2},{"damage":44,"enemies":"The Guardian","floor":16,"turns":14},{"damage":4,"enemies":"Spheric Guardian","floor":18,"turns":3},{"damage":4,"enemies":"Chosen","floor":21,"turns":1},{"damage":4,"enemies":"3 Cultists","floor":24,"turns":3},{"damage":0,"enemies":"Centurion and Healer","floor":29,"turns":3},{"damage":1,"enemies":"Cultist and Chosen","floor":31,"turns":3},{"damage":19,"enemies":"Collector","floor":33,"turns":4},{"damage":0,"enemies":"Orb Walker","floor":35,"turns":2},{"damage":23,"enemies":"3 Shapes","floor":38,"turns":3},{"damage":24,"enemies":"Giant Head","floor":41,"turns":6},{"damage":14,"enemies":"Sphere and 2 Shapes","floor":42,"turns":4},{"damage":25,"enemies":"Maw","floor":44,"turns":5}],"event_choices":[{"event_name":"The Lab","player_choice":"Got Potions","floor":4,"damage_taken":0},{"event_name":"Big Fish","player_choice":"Box","floor":13,"damage_taken":0},{"event_name":"Back to Basics","player_choice":"Simplicity","floor":20,"damage_taken":0},{"event_name":"Cursed Tome","player_choice":"Obtained Book","floor":22,"damage_taken":0},{"event_name":"Forgotten Altar","player_choice":"Shed Blood","floor":27,"damage_taken":0},{"event_name":"SensoryStone","player_choice":"Memory 3","floor":39,"damage_taken":0}],"boss_relics":[{"not_picked":["Runic Pyramid","Black Blood"],"picked":"Sozu"},{"not_picked":["Velvet Choker","Tiny House"],"picked":"Cursed Key"}],"potions_floor_spawned":[12,16,29,31,41,42],"seed_played":"487210989463608687","killed_by":"Maw","ascension_level":0,"is_trial":false}