{"path_per_floor":["M","?","M","?","M","R","E","R","T","R","M","M","?","M","R","B",null,"M","?"],"character_chosen":"IRONCLAD","items_purchased":[],"gold_per_floor":[14,189,201,151,171,171,201,201,201,201,214,233,233,253,253,350,350,366,366,366],"floor_reached":20,"campfire_rested":0,"playtime":788,"current_hp_per_floor":[80,80,80,80,78,78,65,65,65,65,69,72,72,76,76,14,80,57,41,41],"items_purged":[],"gold":366,"score":174,"play_id":"91a2a9c0-e4fe-4e52-aaa6-fd86faf18b14","local_time":"20180413142346","is_prod":false,"is_daily":false,"chose_seed":false,"is_ascension_mode":false,"campfire_upgraded":4,"timestamp":1523654626,"path_taken":["M","?","M","?","M","R","E","R","T","R","M","M","?","?","R","BOSS","M","?","$"],"build_version":"2018-04-12","seed_source_timestamp":155125489318132,"purchased_purges":1,"victory":false,"master_deck":["Strike_R","Strike_R+1","Strike_R","Strike_R","Defend_R","Defend_R","Bash","Heavy Blade+1","Power Through","Combust+1","Infernal Blade","Seeing Red+1","Iron Wave+1","Evolve+1","Reckless Charge","Pummel","Metallicize","Double Tap","Wild Strike"],"max_hp_per_floor":[80,80,80,80,80,80,80,80,80,80,80,80,80,80,80,80,80,80,80,80],"relics":["Burning Blood","Bottled Tornado","Whetstone","Runic Cube","Nilry\u0027s Codex"],"card_choices":[{"not_picked":["Twin Strike","Sword Boomerang"],"picked":"Combust","floor":1},{"not_picked":["Body Slam","Headbutt"],"picked":"Infernal Blade","floor":3},{"not_picked":["Perfected Strike","Warcry"],"picked":"Seeing Red","floor":5},{"not_picked":["Carnage","Dark Embrace"],"picked":"Iron Wave","floor":7},{"not_picked":["Shrug It Off","Sword Boomerang"],"picked":"Evolve","floor":11},{"not_picked":["Anger","Cleave"],"picked":"Reckless Charge","floor":12},{"not_picked":["Uppercut","Cleave"],"picked":"Metallicize","floor":14},{"not_picked":["Impervious","Dark Embrace"],"picked":"Double Tap","floor":16},{"not_picked":["Ghostly Armor","Armaments"],"picked":"Wild Strike","floor":18}],"player_experience":21863,"potions_floor_usage":[],"damage_taken":[{"damage":0,"enemies":"2 Louse","floor":1,"turns":3},{"damage":6,"enemies":"Jaw Worm","floor":3,"turns":3},{"damage":8,"enemies":"Cultist","floor":5,"turns":3},{"damage":19,"enemies":"Gremlin Nob","floor":7,"turns":3},{"damage":2,"enemies":"3 Louse","floor":11,"turns":2},{"damage":3,"enemies":"Large Slime","floor":12,"turns":4},{"damage":2,"enemies":"Blue Slaver","floor":14,"turns":3},{"damage":68,"enemies":"Hexaghost","floor":16,"turns":11},{"damage":29,"enemies":"2 Thieves","floor":18,"turns":3}],"event_choices":[{"event_name":"Liars Game","player_choice":"agreed","floor":2,"damage_taken":0},{"event_name":"The Cleric","player_choice":"Card Removal","floor":4,"damage_taken":0},{"event_name":"Living Wall","player_choice":"Change","floor":13,"damage_taken":0},{"event_name":"Cursed Tome","player_choice":"Obtained Book","floor":19,"damage_taken":0}],"boss_relics":[{"not_picked":["Tiny House","Black Star"],"picked":"Runic Cube"}],"potions_floor_spawned":[1,5,14,16,18],"seed_played":"-2011706366180904991","ascension_level":0,"is_trial":false}