{"path_per_floor":["M","$","M","M","M","E","R","M","T","M","R","E","?","E","R","B",null,"M","$","M","$","M","R","M","R","T","M","?","M","E","M","R"],"character_chosen":"IRONCLAD","items_purchased":["Shrug It Off","Rampage","Vajra"],"gold_per_floor":[116,15,35,52,67,92,92,104,104,124,124,151,215,240,240,335,335,348,169,179,35,45,45,61,61,85,104,204,223,258,275,275,275],"floor_reached":33,"campfire_rested":1,"playtime":2657,"current_hp_per_floor":[79,79,80,80,71,60,60,62,62,53,53,49,47,37,61,24,80,80,80,80,80,63,63,65,65,65,71,71,77,60,58,58,0],"items_purged":["Defend_R","Strike_R"],"gold":275,"score":291,"play_id":"361cd3c3-0d2a-4b4b-839a-ee067eea2635","local_time":"20180413104527","is_prod":false,"is_daily":false,"chose_seed":false,"is_ascension_mode":false,"campfire_upgraded":5,"timestamp":1523641527,"path_taken":["M","$","M","M","M","E","R","M","T","M","R","E","?","E","R","BOSS","M","$","M","$","M","R","M","R","T","M","?","M","E","M","R","BOSS"],"build_version":"2018-04-12","seed_source_timestamp":140158226415642,"purchased_purges":4,"victory":false,"master_deck":["Strike_R","Strike_R","Strike_R","Strike_R","Defend_R","Defend_R","Defend_R","Bash","Sword Boomerang","Shrug It Off+1","Cleave","Whirlwind","Iron Wave","Carnage+1","Shrug It Off","Headbutt","Bloodletting+1","Dual Wield+1","Warcry","Bludgeon","Bloodletting+1","Rampage+1","Heavy Blade+1","Power Through","Cleave+1","Clothesline+1","Double Tap","Double Tap","Armaments+1"],"max_hp_per_floor":[80,80,80,80,80,80,80,80,80,80,80,80,80,80,80,80,80,80,80,80,80,80,80,80,80,80,80,80,80,80,80,80,80],"relics":["Burning Blood","Shuriken","Bottled Lightning","Anchor","Ancient Tea Set","Bottled Flame","Velvet Choker","Vajra","Bronze Scales","Orichalcum"],"card_choices":[{"not_picked":["Sever Soul","Clothesline"],"picked":"Sword Boomerang","floor":1},{"not_picked":["Combust","Warcry"],"picked":"Cleave","floor":3},{"not_picked":["Perfected Strike","Shockwave"],"picked":"Whirlwind","floor":4},{"not_picked":["Thunderclap","Perfected Strike"],"picked":"Iron Wave","floor":5},{"not_picked":["Brutality","Ghostly Armor"],"picked":"Carnage","floor":6},{"not_picked":["Flex","Body Slam"],"picked":"Shrug It Off","floor":8},{"not_picked":["Cleave","Perfected Strike"],"picked":"Headbutt","floor":10},{"not_picked":["Dropkick","Body Slam"],"picked":"Bloodletting","floor":12},{"not_picked":["Armaments","True Grit"],"picked":"Dual Wield","floor":13},{"not_picked":["Shrug It Off","Barricade"],"picked":"Warcry","floor":14},{"not_picked":["Barricade","Impervious"],"picked":"Bludgeon","floor":16},{"not_picked":["Feel No Pain","Pummel"],"picked":"Bloodletting","floor":18},{"not_picked":["Rupture","Anger"],"picked":"Heavy Blade","floor":20},{"not_picked":["Headbutt","Seeing Red"],"picked":"Power Through","floor":22},{"not_picked":["Intimidate","Perfected Strike"],"picked":"Cleave","floor":24},{"not_picked":["Reckless Charge","Shrug It Off"],"picked":"Clothesline","floor":27},{"not_picked":["Armaments","Anger"],"picked":"Double Tap","floor":29},{"not_picked":["Cleave","Sever Soul"],"picked":"Double Tap","floor":30},{"not_picked":["Metallicize","Second Wind"],"picked":"Armaments","floor":31}],"player_experience":11705,"potions_floor_usage":[10,12,13,16,22,30,33,33],"damage_taken":[{"damage":7,"enemies":"2 Louse","floor":1,"turns":3},{"damage":4,"enemies":"Jaw Worm","floor":3,"turns":4},{"damage":6,"enemies":"Small Slimes","floor":4,"turns":2},{"damage":15,"enemies":"Looter","floor":5,"turns":3},{"damage":17,"enemies":"3 Sentries","floor":6,"turns":5},{"damage":4,"enemies":"Gremlin Gang","floor":8,"turns":5},{"damage":15,"enemies":"Exordium Wildlife","floor":10,"turns":4},{"damage":10,"enemies":"Gremlin Nob","floor":12,"turns":3},{"damage":8,"enemies":"Gremlin Nob","floor":13,"turns":3},{"damage":16,"enemies":"Lagavulin","floor":14,"turns":5},{"damage":43,"enemies":"Slime Boss","floor":16,"turns":8},{"damage":0,"enemies":"Spheric Guardian","floor":18,"turns":3},{"damage":5,"enemies":"2 Thieves","floor":20,"turns":3},{"damage":23,"enemies":"Centurion and Healer","floor":22,"turns":6},{"damage":4,"enemies":"3 Cultists","floor":24,"turns":3},{"damage":0,"enemies":"Cultist and Chosen","floor":27,"turns":4},{"damage":0,"enemies":"Snake Plant","floor":29,"turns":2},{"damage":23,"enemies":"Book of Stabbing","floor":30,"turns":4},{"damage":8,"enemies":"Centurion and Healer","floor":31,"turns":3},{"damage":77,"enemies":"Automaton","floor":33,"turns":8}],"event_choices":[{"event_name":"Dead Adventurer","player_choice":"Searched \u00273\u0027 times","floor":13,"damage_taken":0},{"event_name":"Golden Shrine","player_choice":"Pray","floor":28,"damage_taken":0}],"boss_relics":[{"not_picked":["Runic Cube","Ectoplasm"],"picked":"Velvet Choker"}],"potions_floor_spawned":[3,4,6,13,16,24,27,29,30],"seed_played":"-3554795134720947150","killed_by":"Automaton","ascension_level":0,"is_trial":false}