{"path_per_floor":["M","M","M","M","M","R","$","?","T","R","M","R","E","M","R"],"character_chosen":"IRONCLAD","items_purchased":["Double Tap"],"gold_per_floor":[111,127,138,150,170,170,20,95,122,122,138,138,168,180,180,180],"floor_reached":16,"campfire_rested":0,"playtime":1299,"current_hp_per_floor":[70,78,81,80,71,71,71,60,60,60,62,62,56,60,60,0],"items_purged":["Strike_R"],"gold":180,"score":129,"play_id":"116b63db-d2ac-44b7-b1b3-b6ffb9c2abc5","local_time":"20180413095353","is_prod":false,"is_daily":false,"chose_seed":false,"is_ascension_mode":false,"campfire_upgraded":4,"timestamp":1523638433,"path_taken":["M","M","M","M","M","R","$","?","T","R","M","R","E","M","R","BOSS"],"build_version":"2018-04-12","seed_source_timestamp":138416363732735,"purchased_purges":1,"victory":false,"master_deck":["Strike_R","Strike_R","Strike_R","Strike_R","Defend_R","Defend_R","Defend_R","Defend_R","Bash","Feed+1","Battle Trance","Iron Wave","Anger+1","Cleave","Sever Soul","Double Tap+1","Iron Wave","Anger+1","Headbutt"],"max_hp_per_floor":[75,78,81,81,84,84,84,84,84,84,88,88,99,103,103,103],"relics":["Burning Blood","Juzu Bracelet","Strawberry"],"card_choices":[{"not_picked":["Berserk","Fiend Fire"],"picked":"Feed","floor":0},{"not_picked":["Clothesline","Armaments"],"picked":"Battle Trance","floor":1},{"not_picked":["Body Slam","True Grit"],"picked":"Iron Wave","floor":2},{"not_picked":["Blood for Blood","Clothesline"],"picked":"Anger","floor":3},{"not_picked":["Reaper","Thunderclap"],"picked":"Cleave","floor":4},{"not_picked":["Burning Pact","Perfected Strike"],"picked":"Sever Soul","floor":5},{"not_picked":["Pommel Strike","Twin Strike"],"picked":"Iron Wave","floor":11},{"not_picked":["Limit Break","Flex"],"picked":"Anger","floor":13},{"not_picked":["Perfected Strike","Flex"],"picked":"Headbutt","floor":14}],"player_experience":10000,"potions_floor_usage":[16,16,16],"damage_taken":[{"damage":11,"enemies":"Jaw Worm","floor":1,"turns":4},{"damage":1,"enemies":"Cultist","floor":2,"turns":3},{"damage":5,"enemies":"2 Louse","floor":3,"turns":5},{"damage":7,"enemies":"Looter","floor":4,"turns":4},{"damage":18,"enemies":"Lots of Slimes","floor":5,"turns":4},{"damage":8,"enemies":"Red Slaver","floor":11,"turns":3},{"damage":23,"enemies":"3 Sentries","floor":13,"turns":8},{"damage":6,"enemies":"Blue Slaver","floor":14,"turns":4},{"damage":63,"enemies":"The Guardian","floor":16,"turns":8}],"event_choices":[{"event_name":"World of Goop","player_choice":"Gather Gold","floor":8,"damage_taken":0}],"boss_relics":[],"potions_floor_spawned":[1,5,13],"seed_played":"-5247896015284563415","killed_by":"The Guardian","ascension_level":0,"is_trial":false}