{"path_per_floor":["M","$","M","$","?","E","R","T","T","E","M","R","?","$","R","B",null,"M","?","M","?","?","R","$","M","T","M","M","?","M","E","R","B",null,"M","?","?","M","$","R","M","M","T","?","R","$","R","M","R","B"],"character_chosen":"IRONCLAD","items_purchased":["Perfected Strike","Perfected Strike","Thread and Needle","Master of Strategy","Pen Nib","Bottled Flame"],"gold_per_floor":[116,62,78,31,31,61,61,135,161,219,239,239,414,47,47,145,145,155,155,167,167,167,167,167,183,183,195,210,460,473,501,501,600,600,614,614,614,632,444,444,462,476,502,502,502,97,97,112,112,112],"floor_reached":51,"campfire_rested":0,"playtime":2119,"current_hp_per_floor":[79,79,80,80,73,68,68,68,68,66,72,72,72,72,72,28,80,80,80,80,80,80,80,80,80,80,80,80,80,80,79,79,13,80,80,70,60,70,70,70,77,70,77,77,77,77,77,87,87,25],"items_purged":["Defend_R"],"gold":112,"score":773,"play_id":"723998e9-ff63-45f7-aa0e-b614399706c0","local_time":"20180415101847","is_prod":false,"is_daily":false,"chose_seed":false,"is_ascension_mode":false,"campfire_upgraded":0,"timestamp":1523812727,"path_taken":["M","$","?","$","?","E","R","?","T","E","M","R","?","?","R","BOSS","M","?","M","?","?","R","$","M","T","M","M","?","M","E","R","BOSS","M","?","?","M","$","R","M","M","T","?","R","$","R","M","R","BOSS"],"build_version":"2018-04-12","seed_source_timestamp":311895817337316,"purchased_purges":4,"victory":true,"master_deck":["Strike_R+1","Strike_R+1","Strike_R+1","Strike_R+1","Strike_R+1","Defend_R+1","Defend_R+1","Perfected Strike","Perfected Strike+1","Wild Strike","Perfected Strike+1","Pommel Strike","Armaments","Pommel Strike+1","Clash","Double Tap","Pommel Strike","Inflame","Warcry","Infernal Blade+1","Flex+1","Anger+1","Thunderclap+1","Apotheosis","Flash of Steel","Jack Of All Trades","Madness","Madness","Perfected Strike+1","Master of Strategy","Wild Strike+1","Anger+1","Perfected Strike","Pommel Strike+1"],"max_hp_per_floor":[80,80,80,80,80,80,80,80,80,80,80,80,80,80,80,80,80,80,80,80,80,80,80,80,80,80,80,80,80,80,80,80,80,80,80,80,80,80,80,80,80,80,87,87,87,87,87,87,87,87],"relics":["Black Blood","Shovel","Bag of Marbles","Gremlin Horn","Juzu Bracelet","Tiny Chest","Omamori","Thread and Needle","Happy Flower","Art of War","Mummified Hand","Paper Frog","Question Card","Astrolabe","Ancient Tea Set","Strawberry","Whetstone","Pen Nib","Bottled Flame","Bottled Lightning","Self Forming Clay"],"card_choices":[{"not_picked":["Armaments","Fire Breathing"],"picked":"Perfected Strike","floor":1},{"not_picked":["Sword Boomerang","Pummel"],"picked":"Wild Strike","floor":3},{"not_picked":["Power Through","Shrug It Off"],"picked":"Pommel Strike","floor":6},{"not_picked":["Dropkick","Spot Weakness"],"picked":"Armaments","floor":10},{"not_picked":["Armaments","Perfected Strike"],"picked":"Pommel Strike","floor":18},{"not_picked":["Shrug It Off","Rupture"],"picked":"Clash","floor":20},{"not_picked":["Uppercut","Bloodletting"],"picked":"Anger","floor":25},{"not_picked":["Flame Barrier","Shrug It Off"],"picked":"Double Tap","floor":27},{"not_picked":["Shrug It Off","Battle Trance"],"picked":"Pommel Strike","floor":28},{"not_picked":["Searing Blow","Dual Wield"],"picked":"Inflame","floor":30},{"not_picked":["Juggernaut","Headbutt"],"picked":"Warcry","floor":31},{"not_picked":["Heavy Blade","Pommel Strike","Perfected Strike"],"picked":"Thunderclap","floor":35},{"not_picked":["Thinking Ahead","Flash of Steel","Dark Shackles"],"picked":"Apotheosis","floor":36},{"not_picked":["Blind","Sadistic Nature","Panache"],"picked":"Flash of Steel","floor":36},{"not_picked":["Transmutation","Blind","Panacea"],"picked":"Jack Of All Trades","floor":36},{"not_picked":["Rupture","Searing Blow","Pommel Strike"],"picked":"Perfected Strike","floor":38},{"not_picked":["Clash","Dropkick","Metallicize"],"picked":"Wild Strike","floor":41},{"not_picked":["Flex","Havoc","Heavy Blade"],"picked":"Anger","floor":42},{"not_picked":["Whirlwind","Warcry","Immolate"],"picked":"Pommel Strike","floor":48}],"player_experience":56247,"potions_floor_usage":[16,33,33,50,50,50],"damage_taken":[{"damage":7,"enemies":"Cultist","floor":1,"turns":6},{"damage":0,"enemies":"Small Slimes","floor":3,"turns":3},{"damage":11,"enemies":"Gremlin Nob","floor":6,"turns":3},{"damage":8,"enemies":"3 Sentries","floor":10,"turns":3},{"damage":0,"enemies":"Jaw Worm","floor":11,"turns":1},{"damage":50,"enemies":"The Guardian","floor":16,"turns":8},{"damage":5,"enemies":"2 Thieves","floor":18,"turns":3},{"damage":0,"enemies":"Chosen","floor":20,"turns":3},{"damage":7,"enemies":"3 Cultists","floor":25,"turns":4},{"damage":3,"enemies":"Snake Plant","floor":27,"turns":1},{"damage":0,"enemies":"Chosen and Byrds","floor":28,"turns":5},{"damage":9,"enemies":"Slaver and Parasite","floor":30,"turns":3},{"damage":11,"enemies":"Book of Stabbing","floor":31,"turns":3},{"damage":76,"enemies":"Champ","floor":33,"turns":10},{"damage":4,"enemies":"3 Darklings","floor":35,"turns":2},{"damage":0,"enemies":"3 Shapes","floor":38,"turns":2},{"damage":3,"enemies":"Sphere and 2 Shapes","floor":41,"turns":3},{"damage":17,"enemies":"Maw","floor":42,"turns":5},{"damage":0,"enemies":"3 Darklings","floor":48,"turns":3},{"damage":72,"enemies":"Time Eater","floor":50,"turns":6}],"event_choices":[{"event_name":"Golden Wing","player_choice":"Card Removal","floor":5,"damage_taken":0},{"event_name":"Liars Game","player_choice":"agreed","floor":13,"damage_taken":0},{"event_name":"Transmorgrifier","player_choice":"Transform","floor":19,"damage_taken":0},{"event_name":"Back to Basics","player_choice":"Simplicity","floor":21,"damage_taken":0},{"event_name":"The Library","player_choice":"Read","floor":22,"damage_taken":0},{"event_name":"Golden Shrine","player_choice":"Desecrate","floor":29,"damage_taken":0},{"event_name":"SensoryStone","player_choice":"Memory 3","floor":36,"damage_taken":0},{"event_name":"Winding Halls","player_choice":"Embrace Madness","floor":37,"damage_taken":0},{"event_name":"Match and Keep!","player_choice":"1 cards matched","floor":44,"damage_taken":0}],"boss_relics":[{"not_picked":["Runic Cube","Lizard Tail"],"picked":"Black Blood"},{"not_picked":["Snecko Eye","White Beast Statue"],"picked":"Astrolabe"}],"potions_floor_spawned":[3,6,20,25,27,30,38,42],"seed_played":"1070208828743533118","ascension_level":0,"is_trial":false}