{"path_per_floor":["M","M","$","M","M","R","E","M","T","R","M","M","M","?","R","B"],"character_chosen":"IRONCLAD","items_purchased":["Havoc"],"gold_per_floor":[119,132,31,43,59,59,91,104,104,104,120,137,151,251,251,352,352],"floor_reached":17,"campfire_rested":0,"playtime":819,"current_hp_per_floor":[80,79,79,80,79,79,30,34,41,41,40,45,48,48,48,22,87],"items_purged":["Doubt"],"gold":352,"score":186,"play_id":"62791846-b7da-4c44-bba4-e290b17d0853","local_time":"20180414182511","is_prod":false,"is_daily":false,"chose_seed":false,"is_ascension_mode":false,"campfire_upgraded":3,"timestamp":1523755511,"path_taken":["M","M","$","M","M","R","E","M","T","R","?","M","M","?","R","BOSS"],"build_version":"2018-04-12","seed_source_timestamp":0,"purchased_purges":1,"victory":false,"master_deck":["Strike_R","Strike_R","Strike_R","Strike_R","Strike_R","Defend_R","Defend_R","Defend_R","Defend_R","Bash","Perfected Strike+1","Dropkick","Havoc","True Grit+1","Battle Trance","Rampage","Bloodletting","Perfected Strike+1","True Grit","Headbutt","Immolate","Headbutt","Headbutt","Warcry","Armaments","Headbutt"],"max_hp_per_floor":[80,80,80,80,80,80,80,80,87,87,87,87,87,87,87,87,87],"relics":["Burning Blood","Red Skull","Regal Pillow","Strawberry","Orrery"],"card_choices":[{"not_picked":["Whirlwind","Wild Strike"],"picked":"Perfected Strike","floor":1.0},{"not_picked":["Rage","Shrug It Off"],"picked":"Dropkick","floor":2.0},{"not_picked":["Reckless Charge","Clothesline"],"picked":"True Grit","floor":4.0},{"not_picked":["Havoc","Cleave"],"picked":"Battle Trance","floor":5.0},{"not_picked":["Feel No Pain","Heavy Blade"],"picked":"Rampage","floor":7.0},{"not_picked":["Blood for Blood","Armaments"],"picked":"Bloodletting","floor":8.0},{"not_picked":["Shrug It Off","Flex"],"picked":"Perfected Strike","floor":11.0},{"not_picked":["Intimidate","Uppercut"],"picked":"True Grit","floor":12.0},{"not_picked":["Iron Wave","Combust"],"picked":"Headbutt","floor":13.0},{"not_picked":["Dark Embrace","Demon Form"],"picked":"Immolate","floor":16.0},{"not_picked":["Flex","Carnage"],"picked":"Headbutt","floor":17},{"not_picked":["Pommel Strike","Twin Strike"],"picked":"Headbutt","floor":17},{"not_picked":["Armaments","Sword Boomerang"],"picked":"Warcry","floor":17},{"not_picked":["Pummel","Second Wind"],"picked":"Armaments","floor":17},{"not_picked":["Clothesline","Power Through"],"picked":"Headbutt","floor":17}],"player_experience":44349,"potions_floor_usage":[],"damage_taken":[{"damage":6.0,"enemies":"Cultist","floor":1.0,"turns":3.0},{"damage":7.0,"enemies":"Small Slimes","floor":2.0,"turns":4.0},{"damage":0.0,"enemies":"2 Louse","floor":4.0,"turns":2.0},{"damage":7.0,"enemies":"2 Fungi Beasts","floor":5.0,"turns":5.0},{"damage":55.0,"enemies":"Lagavulin","floor":7.0,"turns":9.0},{"damage":2.0,"enemies":"Lots of Slimes","floor":8.0,"turns":4.0},{"damage":7.0,"enemies":"Blue Slaver","floor":11.0,"turns":2.0},{"damage":1.0,"enemies":"Looter","floor":12.0,"turns":2.0},{"damage":3.0,"enemies":"Large Slime","floor":13.0,"turns":4.0},{"damage":32.0,"enemies":"Slime Boss","floor":16.0,"turns":10.0}],"event_choices":[{"event_name":"Wheel of Change","player_choice":"Gold","floor":14.0,"damage_taken":0.0}],"boss_relics":[{"not_picked":["Ectoplasm","Black Blood"],"picked":"Orrery"}],"potions_floor_spawned":[1,4,5,12],"seed_played":"4797924574696529908","ascension_level":0,"is_trial":false}