{"path_per_floor":["M","M","?","?","?","R","?","R","T","M","$","M","E","M","R","B",null,"M","M"],"character_chosen":"IRONCLAD","items_purchased":[],"gold_per_floor":[111,130,130,205,205,205,227,227,227,241,191,210,237,254,254,352,352,367,387,387],"floor_reached":20,"campfire_rested":0,"playtime":627,"current_hp_per_floor":[80,80,80,69,69,69,42,42,42,44,44,48,46,46,46,20,80,50,15,0],"items_purged":["Regret"],"gold":387,"score":191,"play_id":"ece057d8-1c59-4205-9f48-b32269289fa7","local_time":"20180418222504","is_prod":false,"is_daily":false,"chose_seed":false,"is_ascension_mode":true,"campfire_upgraded":3,"timestamp":1524115504,"path_taken":["M","M","?","?","?","R","?","R","T","?","$","?","E","M","R","BOSS","M","?","M"],"build_version":"2018-04-12","seed_source_timestamp":211118973876859,"purchased_purges":1,"victory":false,"master_deck":["Strike_R","Strike_R","Strike_R","Strike_R","Defend_R","Defend_R","Defend_R","Defend_R","Bash","Sword Boomerang+1","Infernal Blade+1","Thunderclap+1","Spot Weakness","Limit Break","Writhe","Regret","Doubt","Flex","Twin Strike+1"],"max_hp_per_floor":[80,80,80,80,80,80,80,80,80,80,80,80,80,80,80,80,80,80,80,80],"relics":["Burning Blood","Pen Nib","Lantern","Odd Mushroom","Smiling Mask","Mercury Hourglass","Calling Bell","Ancient Tea Set","Darkstone Periapt","Paper Frog"],"card_choices":[{"not_picked":["Armaments","Twin Strike"],"picked":"Sword Boomerang","floor":2},{"not_picked":["Corruption","Rage"],"picked":"Infernal Blade","floor":7},{"not_picked":["Armaments","Shrug It Off"],"picked":"Thunderclap","floor":12},{"not_picked":["Rampage","Seeing Red"],"picked":"Spot Weakness","floor":13},{"not_picked":["Berserk","Offering"],"picked":"Limit Break","floor":16},{"not_picked":["Body Slam","Hemokinesis"],"picked":"Flex","floor":18},{"not_picked":["Clash","Pommel Strike"],"picked":"Twin Strike","floor":19}],"player_experience":104157,"potions_floor_usage":[7,13,16,18],"damage_taken":[{"damage":0,"enemies":"Small Slimes","floor":1,"turns":4},{"damage":1,"enemies":"Cultist","floor":2,"turns":3},{"damage":33,"enemies":"The Mushroom Lair","floor":7,"turns":6},{"damage":4,"enemies":"2 Louse","floor":10,"turns":3},{"damage":2,"enemies":"2 Fungi Beasts","floor":12,"turns":2},{"damage":8,"enemies":"3 Sentries","floor":13,"turns":5},{"damage":6,"enemies":"Looter","floor":14,"turns":2},{"damage":32,"enemies":"Hexaghost","floor":16,"turns":8},{"damage":36,"enemies":"Shell Parasite","floor":18,"turns":5},{"damage":41,"enemies":"Chosen","floor":19,"turns":5},{"damage":23,"enemies":"Slaver and Parasite","floor":20,"turns":1}],"event_choices":[{"event_name":"Purifier","player_choice":"One Purge","floor":3,"damage_taken":0},{"event_name":"World of Goop","player_choice":"Gather Gold","floor":4,"damage_taken":0},{"event_name":"Big Fish","player_choice":"Box","floor":5,"damage_taken":0},{"event_name":"Mushrooms","player_choice":"Fought Mushrooms","floor":7,"damage_taken":0}],"boss_relics":[{"not_picked":["Runic Dome","Black Blood"],"picked":"Calling Bell"}],"potions_floor_spawned":[2,10,13,14,19],"seed_played":"5297722583639838251","killed_by":"Slaver and Parasite","ascension_level":2,"is_trial":false}