{"path_per_floor":["M","M","?","T","M","R","$","?","T","R","M","M","?","M","R","B",null,"M","?","$","M","M","R","M","R","T","M"],"character_chosen":"IRONCLAD","items_purchased":[],"gold_per_floor":[117,134,134,134,144,144,69,69,92,92,111,122,122,141,141,241,271,288,288,188,200,220,220,240,240,240,250,250],"floor_reached":28,"campfire_rested":0,"playtime":915,"current_hp_per_floor":[80,80,80,80,80,80,80,64,64,64,69,75,72,77,77,63,85,85,85,85,78,74,74,48,48,48,22,0],"items_purged":["Strike_R","Strike_R"],"gold":250,"score":233,"play_id":"3b17ca22-20b2-4024-8d69-c2ef5d07aad7","local_time":"20180417142829","is_prod":false,"is_daily":false,"chose_seed":false,"is_ascension_mode":true,"campfire_upgraded":5,"timestamp":1524000509,"path_taken":["M","?","?","?","M","R","?","?","T","R","M","M","?","?","R","BOSS","M","?","$","M","M","R","M","R","T","M","E"],"build_version":"2018-04-12","seed_source_timestamp":95833938434288,"purchased_purges":2,"victory":false,"master_deck":["Strike_R+1","Strike_R","Defend_R+1","Defend_R+1","Defend_R","Defend_R+1","Bash","Flame Barrier+1","Rampage+1","Headbutt+1","True Grit+1"],"max_hp_per_floor":[80,80,80,80,80,80,80,80,80,80,80,80,80,80,80,80,85,85,85,85,85,85,85,85,85,85,85,85],"relics":["Burning Blood","Anchor","Art of War","Du-Vu Doll","Tiny House","Magic Flower","Toolbox"],"card_choices":[{"not_picked":["Disarm","Evolve"],"picked":"Flame Barrier","floor":1},{"not_picked":["Second Wind","Seeing Red"],"picked":"Rampage","floor":2},{"not_picked":["Clash","Carnage"],"picked":"Headbutt","floor":5},{"not_picked":["Pommel Strike","Searing Blow"],"picked":"True Grit","floor":22}],"player_experience":79790,"potions_floor_usage":[18,18,27],"damage_taken":[{"damage":6,"enemies":"Cultist","floor":1,"turns":4},{"damage":0,"enemies":"2 Louse","floor":2,"turns":3},{"damage":1,"enemies":"Small Slimes","floor":5,"turns":4},{"damage":1,"enemies":"Exordium Wildlife","floor":11,"turns":4},{"damage":0,"enemies":"Blue Slaver","floor":12,"turns":4},{"damage":1,"enemies":"3 Louse","floor":14,"turns":3},{"damage":20,"enemies":"Slime Boss","floor":16,"turns":9},{"damage":6,"enemies":"2 Thieves","floor":18,"turns":4},{"damage":16,"enemies":"Spheric Guardian","floor":21,"turns":5},{"damage":13,"enemies":"Centurion and Healer","floor":22,"turns":7},{"damage":35,"enemies":"Slaver and Parasite","floor":24,"turns":8},{"damage":35,"enemies":"Cultist and Chosen","floor":27,"turns":8},{"damage":25,"enemies":"Gremlin Leader","floor":28,"turns":6}],"event_choices":[{"event_name":"Living Wall","player_choice":"Forget","floor":3,"damage_taken":0},{"event_name":"Shining Light","player_choice":"Entered Light","floor":8,"damage_taken":0},{"event_name":"Scrap Ooze","player_choice":"success","floor":13,"damage_taken":3},{"event_name":"The Mausoleum","player_choice":"Yes","floor":19,"damage_taken":0}],"boss_relics":[{"not_picked":["White Beast Statue","Lizard Tail"],"picked":"Tiny House"}],"potions_floor_spawned":[1,2,12,14,22,24],"seed_played":"2772276856959453634","killed_by":"Gremlin Leader","ascension_level":2,"is_trial":false}