{"path_per_floor":["M","?","$","?","M","R","?","M","T","R","M","M","R","M","R","B",null,"M","M","$","M","M","R","?","R","T","R"],"character_chosen":"IRONCLAD","items_purchased":["Battle Trance"],"gold_per_floor":[12,187,76,76,86,86,86,96,120,120,130,143,143,159,159,258,258,268,282,182,200,210,210,210,210,237,237,237],"floor_reached":28,"campfire_rested":1,"playtime":879,"current_hp_per_floor":[80,80,80,80,54,54,54,56,56,56,62,68,68,63,63,69,80,50,53,53,50,21,21,21,21,21,45,0],"items_purged":["Doubt","Defend_R"],"gold":237,"score":286,"play_id":"ad2a5fa7-197c-47e2-8a4e-f554a3b5fde4","local_time":"20180419231002","is_prod":false,"is_daily":false,"chose_seed":false,"is_ascension_mode":true,"campfire_upgraded":6,"timestamp":1524204602,"path_taken":["M","?","$","?","M","R","?","M","T","R","M","M","R","M","R","BOSS","M","M","$","M","M","R","?","R","T","R","M"],"build_version":"2018-04-19","seed_source_timestamp":299967580788720,"purchased_purges":2,"victory":false,"master_deck":["Strike_R","Strike_R","Strike_R","Defend_R+1","Defend_R","Defend_R","Thunderclap+1","Battle Trance+1","Thunderclap+1","Seeing Red","Warcry","Limit Break+1","Ghostly Armor","Dropkick+1"],"max_hp_per_floor":[80,80,80,80,80,80,80,80,80,80,80,80,80,80,80,80,80,80,80,80,80,80,80,80,80,80,80,80],"relics":["Burning Blood","Calipers","Vajra","Velvet Choker","Ancient Tea Set"],"card_choices":[{"not_picked":["Perfected Strike","Sever Soul"],"picked":"Thunderclap","floor":1},{"not_picked":["Wild Strike","Battle Trance"],"picked":"Thunderclap","floor":5},{"not_picked":["Clash","Heavy Blade"],"picked":"Seeing Red","floor":12},{"not_picked":["Pommel Strike","Body Slam"],"picked":"Warcry","floor":14},{"not_picked":["Fiend Fire","Impervious"],"picked":"Limit Break","floor":16},{"not_picked":["Anger","Blood for Blood"],"picked":"Ghostly Armor","floor":19},{"not_picked":["Thunderclap","Wild Strike"],"picked":"Dropkick","floor":22}],"player_experience":119214,"potions_floor_usage":[16,21,21,22],"damage_taken":[{"damage":0,"enemies":"2 Louse","floor":1,"turns":3},{"damage":32,"enemies":"Jaw Worm","floor":5,"turns":9},{"damage":4,"enemies":"Small Slimes","floor":8,"turns":3},{"damage":0,"enemies":"Exordium Wildlife","floor":11,"turns":1},{"damage":0,"enemies":"Large Slime","floor":12,"turns":3},{"damage":11,"enemies":"Exordium Thugs","floor":14,"turns":3},{"damage":0,"enemies":"Slime Boss","floor":16,"turns":7},{"damage":36,"enemies":"2 Thieves","floor":18,"turns":4},{"damage":3,"enemies":"3 Byrds","floor":19,"turns":4},{"damage":9,"enemies":"Centurion and Healer","floor":21,"turns":6},{"damage":35,"enemies":"Cultist and Chosen","floor":22,"turns":8},{"damage":49,"enemies":"Snake Plant","floor":28,"turns":4}],"event_choices":[{"event_name":"Liars Game","player_choice":"agreed","floor":2,"damage_taken":0},{"event_name":"Big Fish","player_choice":"Box","floor":4,"damage_taken":0},{"event_name":"Living Wall","player_choice":"Forget","floor":7,"damage_taken":0},{"event_name":"Wheel of Change","player_choice":"Card Removal","floor":24,"damage_taken":0}],"boss_relics":[{"not_picked":["Runic Cube","White Beast Statue"],"picked":"Velvet Choker"}],"potions_floor_spawned":[5,12,14,18,21],"seed_played":"1300148620990084134","killed_by":"Snake Plant","ascension_level":2,"is_trial":false}