{"path_per_floor":["M","?","$","?","M","M","R","E","T","M","R","M","?","M","R","B",null,"M","M","M","?","M","R","?","R","T","M","M","R","?","M","R"],"is_cheater":false,"character_chosen":"THE_SILENT","items_purchased":["Mind Blast"],"gold_per_floor":[119,119,28,28,43,63,63,88,88,103,103,121,121,136,136,231,231,250,265,278,278,289,289,289,289,289,307,327,327,327,342,342],"floor_reached":33,"campfire_rested":6,"playtime":3142,"current_hp_per_floor":[75,75,75,75,66,65,77,62,62,59,77,72,72,72,72,40,77,75,60,20,20,22,45,45,68,68,57,31,54,54,20,43],"items_purged":[],"gold":342,"play_id":"85bb3c8f-4303-41b2-b4c8-62226f9e078f","is_prod":false,"is_daily":false,"campfire_rituals":0,"campfire_upgraded":1,"potions_floor_combined":[],"is_hardmode":false,"path_taken":["M","?","?","?","M","M","R","E","T","M","R","M","?","M","R","BOSS","M","M","M","?","M","R","?","R","T","M","M","R","?","M","R","BOSS"],"build_version":"[EARLY_ACCESS_006] (11-30-2017)","purchased_purges":0,"victory":false,"master_deck":["Defend_G","Defend_G","Defend_G","Defend_G","Defend_G","Strike_G","Strike_G","Strike_G","Strike_G","Strike_G","Survivor","Neutralize","Dagger Spray","Mind Blast","Decay","Bouncing Flask","Quick Slash","Endless Agony","Poisoned Stab","Dodge and Roll","Backstab","A Thousand Cuts","Infinite Blades","Footwork","Bane","Venomology","Mind Blast","Noxious Fumes","Escape Plan","Dagger Throw"],"max_hp_per_floor":[77,77,77,77,77,77,77,77,77,77,77,77,77,77,77,77,77,77,77,77,77,77,77,77,77,77,77,77,77,77,77,77],"relics":["Ring of the Snake","Bird Faced Urn","Ginger","Question Card","Peace Pipe"],"campfire_meditates":0,"card_choices":[{"not_picked":["Acrobatics","Sucker Punch"],"picked":"Dagger Spray"},{"not_picked":["Deadly Poison","Bane"],"picked":"Bouncing Flask"},{"not_picked":["Corpse Explosion","Deadly Poison"],"picked":"Quick Slash"},{"not_picked":["Dodge and Roll","Choke"],"picked":"Endless Agony"},{"not_picked":["Footwork","Eviscerate"],"picked":"Poisoned Stab"},{"not_picked":["Well Laid Plans","Burst"],"picked":"Dodge and Roll"},{"not_picked":["Leg Sweep","Eviscerate"],"picked":"Backstab"},{"not_picked":["Die Die Die","Corpse Explosion"],"picked":"A Thousand Cuts"},{"not_picked":["Dash","Deflect","Deadly Poison"],"picked":"Infinite Blades"},{"not_picked":["Eviscerate","Blur","Dagger Throw"],"picked":"Footwork"},{"not_picked":["Flechettes","Deadly Poison","Skewer"],"picked":"Bane"},{"not_picked":["Dagger Throw","Infinite Blades","Blur"],"picked":"Venomology"},{"not_picked":["Slice","Sucker Punch","Deadly Poison"],"picked":"Noxious Fumes"},{"not_picked":["Predator","Catalyst","Backflip"],"picked":"Escape Plan"},{"not_picked":["Dodge and Roll","Skewer","Bouncing Flask"],"picked":"Dagger Throw"}],"player_experience":42636,"potions_floor_usage":[8,16,16,19,20,22,22,28],"damage_taken":[{"damage":2,"enemies":"Blue Slaver","floor":1,"turns":5},{"damage":9,"enemies":"Looter","floor":5,"turns":5},{"damage":1,"enemies":"Cultist","floor":6,"turns":3},{"damage":30,"enemies":"Lagavulin","floor":8,"turns":8},{"damage":3,"enemies":"Exordium Wildlife","floor":10,"turns":3},{"damage":5,"enemies":"Slime","floor":12,"turns":5},{"damage":0,"enemies":"Gremlins","floor":14,"turns":1},{"damage":32,"enemies":"Hexaghost","floor":16,"turns":9},{"damage":4,"enemies":"3_Byrds","floor":18,"turns":6},{"damage":15,"enemies":"City Looters","floor":19,"turns":5},{"damage":42,"enemies":"Murder of Cultists","floor":20,"turns":6},{"damage":9,"enemies":"SnakePlant","floor":22,"turns":3},{"damage":19,"enemies":"Snecko","floor":27,"turns":5},{"damage":34,"enemies":"HealerTank","floor":28,"turns":6},{"damage":40,"enemies":"City Ancients","floor":31,"turns":7},{"damage":46,"enemies":"TheCollector","floor":33,"turns":10}],"event_choices":[{"event_name":"Upgrade Shrine","player_choice":"Upgraded","floor":2,"damage_taken":0},{"event_name":"Wheel of Change","player_choice":"Curse","floor":4,"damage_taken":0},{"event_name":"Living Wall","player_choice":"Grow","floor":13,"damage_taken":0},{"event_name":"The Lab","player_choice":"Got Potions","floor":21,"damage_taken":0},{"event_name":"Duplicator","player_choice":"One dupe","floor":24,"damage_taken":0},{"event_name":"Back to Basics","player_choice":"Simplicity","floor":30,"damage_taken":0}],"boss_relics":[{"not_picked":["Philosopher\u0027s Stone","Cursed Key"],"picked":"Question Card"}],"potions_floor_spawned":[6,10,14,16,18,20,27],"seed_played":"-3936756764955348894","killed_by":"TheCollector","is_trial":false}