{"path_per_floor":["M","?","$","?","M","R","M","R","T","R","M","R","M","M","R","B",null,"M","?","M","M"],"is_cheater":false,"character_chosen":"THE_SILENT","items_purchased":["Heel Hook","Caltrops"],"gold_per_floor":[117,117,3,3,26,26,39,39,39,39,55,55,69,93,93,219,257,270,270,288,301],"floor_reached":22,"campfire_rested":2,"playtime":2336,"current_hp_per_floor":[77,74,74,74,70,70,70,70,70,70,66,74,70,68,74,46,79,70,70,61,29],"items_purged":[],"gold":301,"play_id":"f2d5f34f-3b58-4945-aa7a-aaf03ff27c72","is_prod":false,"is_daily":false,"campfire_rituals":0,"campfire_upgraded":3,"potions_floor_combined":[],"is_hardmode":false,"path_taken":["M","?","$","?","M","R","M","R","T","R","M","R","?","M","R","BOSS","M","?","M","M","M"],"build_version":"[EARLY_ACCESS_006] (11-30-2017)","purchased_purges":0,"victory":false,"master_deck":["Defend_G","Defend_G","Defend_G","Defend_G","Defend_G","Strike_G","Strike_G","Strike_G","Strike_G","Strike_G","Survivor","Neutralize","Wraith Form","Heel Hook","Caltrops","Dagger Throw","Slice","Bane","PiercingWail","Prepared","After Image","Dash","All Out Attack","Deflect","Predator"],"max_hp_per_floor":[77,74,74,74,74,74,74,74,74,74,74,74,74,74,74,74,79,79,79,79,79],"relics":["Ring of the Snake","Bloody Idol","Toxic Egg","Tiny House"],"campfire_meditates":0,"card_choices":[{"not_picked":["Sucker Punch","Masterful Stab"],"picked":"Wraith Form"},{"not_picked":["Predator","Dagger Spray"],"picked":"Dagger Throw"},{"not_picked":["Footwork","Malaise"],"picked":"Slice"},{"not_picked":["Deadly Poison","Caltrops"],"picked":"Bane"},{"not_picked":["Outmaneuver","Sucker Punch"],"picked":"PiercingWail"},{"not_picked":["Eviscerate","Malaise"],"picked":"Prepared"},{"not_picked":["Unload","Phantasmal Killer"],"picked":"After Image"},{"not_picked":["Bane","Outmaneuver"],"picked":"Dash"},{"not_picked":["Noxious Fumes","Bouncing Flask"],"picked":"All Out Attack"},{"not_picked":["Flying Knee","Predator"],"picked":"Deflect"},{"not_picked":["Bouncing Flask","Deflect"],"picked":"Predator"}],"player_experience":30491,"potions_floor_usage":[16,16,16,18,18],"damage_taken":[{"damage":0,"enemies":"JawWorm","floor":1,"turns":5},{"damage":4,"enemies":"Looter","floor":5,"turns":3},{"damage":0,"enemies":"Cultist","floor":7,"turns":4},{"damage":4,"enemies":"Louse","floor":11,"turns":3},{"damage":4,"enemies":"Red Slaver","floor":13,"turns":4},{"damage":2,"enemies":"lots of slimes","floor":14,"turns":4},{"damage":28,"enemies":"Hexaghost","floor":16,"turns":10},{"damage":9,"enemies":"Chosen","floor":18,"turns":6},{"damage":19,"enemies":"City Looters","floor":20,"turns":5},{"damage":37,"enemies":"HealerTank","floor":21,"turns":10},{"damage":24,"enemies":"City Ancients","floor":22,"turns":4}],"event_choices":[{"event_name":"Golden Idol","player_choice":"Lose Max HP","floor":2,"damage_taken":0},{"event_name":"Living Wall","player_choice":"Grow","floor":4,"damage_taken":0},{"event_name":"Forgotten Altar","player_choice":"Gave Idol","floor":19,"damage_taken":0}],"boss_relics":[{"not_picked":["Philosopher\u0027s Stone","Runic Dome"],"picked":"Tiny House"}],"potions_floor_spawned":[1,5,7,14,16],"seed_played":"-3696935014972202144","killed_by":"City Ancients","is_trial":false}