{"path_per_floor":["M","?","M","$","M","M","M","?","T","E","R","E","M","$","R"],"is_cheater":false,"character_chosen":"THE_SILENT","items_purchased":["Dash","Jack Of All Trades"],"gold_per_floor":[111,111,122,83,97,117,136,157,157,184,184,215,234,137,137],"floor_reached":16,"campfire_rested":2,"playtime":2173,"current_hp_per_floor":[69,69,63,63,60,60,59,53,53,38,59,48,47,47,68],"items_purged":[],"gold":137,"play_id":"304bc890-10ef-4c9a-991b-2852309c5de3","is_prod":false,"is_daily":false,"campfire_rituals":0,"campfire_upgraded":0,"potions_floor_combined":[],"is_hardmode":false,"path_taken":["M","?","M","$","M","M","M","?","T","E","R","E","M","$","R","BOSS"],"build_version":"[EARLY_ACCESS_006] (11-30-2017)","purchased_purges":0,"victory":false,"master_deck":["Defend_G","Defend_G","Defend_G","Defend_G","Defend_G","Strike_G","Strike_G","Strike_G","Strike_G","Strike_G","Survivor","Neutralize","Blur","After Image","Dash","Dagger Spray","Backstab","Dodge and Roll","Finisher","Leg Sweep","Sucker Punch","Footwork","Jack Of All Trades"],"max_hp_per_floor":[70,70,70,70,70,70,70,70,70,70,70,70,70,70,70],"relics":["Ring of the Snake","Odd Mushroom","Frozen Egg","Bottled Lightning","Du-Vu Doll"],"campfire_meditates":0,"card_choices":[{"not_picked":["Blade Dance","Underhanded Strike"],"picked":"Blur"},{"not_picked":["Outmaneuver","Choke"],"picked":"After Image"},{"not_picked":["Backflip","Backstab"],"picked":"Dagger Spray"},{"not_picked":["Slice","Bane"],"picked":"Backstab"},{"not_picked":["Bane","Unload"],"picked":"Dodge and Roll"},{"not_picked":["Sucker Punch","PiercingWail"],"picked":"Finisher"},{"not_picked":["Backflip","Eviscerate"],"picked":"Leg Sweep"},{"not_picked":["Malaise","Heel Hook"],"picked":"Sucker Punch"},{"not_picked":["Outmaneuver","Dagger Spray"],"picked":"Footwork"}],"player_experience":54016,"potions_floor_usage":[10,10,12],"damage_taken":[{"damage":1,"enemies":"Cultist","floor":1,"turns":5},{"damage":6,"enemies":"Looter","floor":3,"turns":5},{"damage":3,"enemies":"Blue Slaver","floor":5,"turns":6},{"damage":0,"enemies":"Slime","floor":6,"turns":8},{"damage":1,"enemies":"lots of slimes","floor":7,"turns":5},{"damage":6,"enemies":"The Mushroom Lair","floor":8,"turns":7},{"damage":15,"enemies":"Sentries","floor":10,"turns":8},{"damage":11,"enemies":"Lagavulin","floor":12,"turns":11},{"damage":1,"enemies":"Louse","floor":13,"turns":3},{"damage":69,"enemies":"Hexaghost","floor":16,"turns":20}],"event_choices":[{"event_name":"Living Wall","player_choice":"Grow","floor":2,"damage_taken":0},{"event_name":"Mushrooms","player_choice":"Fought Mushrooms","floor":8,"damage_taken":0}],"boss_relics":[],"potions_floor_spawned":[1,8,10,12],"seed_played":"6240345071771541045","killed_by":"Hexaghost","is_trial":false}