{"path_per_floor":["M","?","M","M","?","M","$","E","T","R","M","M","M","?","R","B",null,"M","?","M","M","$","R"],"is_cheater":false,"character_chosen":"THE_SILENT","items_purchased":["Deadly Poison","Apotheosis","Noxious Fumes"],"gold_per_floor":[113,113,125,145,145,156,27,60,87,87,98,115,125,125,125,222,252,265,265,246,264,39,39],"floor_reached":24,"campfire_rested":3,"playtime":2239,"current_hp_per_floor":[75,75,75,75,75,66,66,25,25,63,60,58,55,55,77,54,82,77,77,57,11,11,50],"items_purged":["Regret"],"gold":39,"play_id":"84323dfa-7860-45bc-8978-419a0716b514","is_prod":false,"is_daily":false,"campfire_rituals":0,"campfire_upgraded":0,"potions_floor_combined":[],"is_hardmode":false,"path_taken":["M","?","M","M","?","?","$","E","T","R","M","M","M","?","R","BOSS","M","?","M","M","$","R","E"],"build_version":"[EARLY_ACCESS_006] (11-30-2017)","purchased_purges":1,"victory":false,"master_deck":["Defend_G","Defend_G","Defend_G","Defend_G","Defend_G","Strike_G","Strike_G","Strike_G","Strike_G","Strike_G","Survivor","Neutralize","Cloak And Dagger","Bane","Bane","Crippling Poison","Deadly Poison","Skewer","Leg Sweep","Flechettes","Bane","Venomology","PiercingWail","Outmaneuver","Dagger Spray","Catalyst","Apotheosis","Noxious Fumes"],"max_hp_per_floor":[77,77,77,77,77,77,77,77,77,77,77,77,77,77,77,77,82,82,82,82,82,82,82],"relics":["Ring of the Snake","Strawberry","Ginger","Ornamental Fan","Regal Pillow","Tiny House","Ice Cream"],"campfire_meditates":0,"card_choices":[{"not_picked":["Crippling Poison","Masterful Stab"],"picked":"Cloak And Dagger"},{"not_picked":["Catalyst","Masterful Stab"],"picked":"Bane"},{"not_picked":["Underhanded Strike","Flechettes"],"picked":"Bane"},{"not_picked":["Sucker Punch","Distraction"],"picked":"Crippling Poison"},{"not_picked":["Dodge and Roll","Sucker Punch"],"picked":"Skewer"},{"not_picked":["Endless Agony","Outmaneuver"],"picked":"Leg Sweep"},{"not_picked":["Backflip","Sucker Punch"],"picked":"Flechettes"},{"not_picked":["Calculated Gamble","Unload"],"picked":"Bane"},{"not_picked":["Burst","Phantasmal Killer"],"picked":"Venomology"},{"not_picked":["Malaise","Flechettes"],"picked":"PiercingWail"},{"not_picked":["Backflip","Underhanded Strike"],"picked":"Outmaneuver"},{"not_picked":["Acrobatics","Underhanded Strike"],"picked":"Dagger Spray"},{"not_picked":["All Out Attack","Backflip"],"picked":"Catalyst"}],"player_experience":130903,"potions_floor_usage":[6,8,16,16,18,18,21],"damage_taken":[{"damage":2,"enemies":"Blue Slaver","floor":1,"turns":5},{"damage":0,"enemies":"Cultist","floor":3,"turns":4},{"damage":0,"enemies":"JawWorm","floor":4,"turns":5},{"damage":9,"enemies":"Exordium Thugs","floor":6,"turns":5},{"damage":41,"enemies":"Sentries","floor":8,"turns":9},{"damage":3,"enemies":"Red Slaver","floor":11,"turns":3},{"damage":2,"enemies":"TwoFungiBeasts","floor":12,"turns":4},{"damage":3,"enemies":"Exordium Wildlife","floor":13,"turns":4},{"damage":23,"enemies":"SlimeBoss","floor":16,"turns":9},{"damage":5,"enemies":"3_Byrds","floor":18,"turns":6},{"damage":20,"enemies":"City Looters","floor":20,"turns":4},{"damage":46,"enemies":"HealerTank","floor":21,"turns":13},{"damage":22,"enemies":"Gremlin Leader Combat","floor":24,"turns":5}],"event_choices":[{"event_name":"Golden Wing","player_choice":"Ignored","floor":2,"damage_taken":0},{"event_name":"Big Fish","player_choice":"Box","floor":5,"damage_taken":0},{"event_name":"Liars Game","player_choice":"disagreed","floor":14,"damage_taken":0},{"event_name":"The Mausoleum","player_choice":"Yes","floor":19,"damage_taken":0}],"boss_relics":[{"not_picked":["Question Card","Lizard Tail"],"picked":"Tiny House"}],"potions_floor_spawned":[1,6,8,13,16,20],"seed_played":"7353334924087398932","killed_by":"Gremlin Leader Combat","is_trial":false}