{"path_per_floor":["M","T","M","M","M","R","T","R","T","R","$","?","?","T","R","B",null,"M","M","T","?","M","R","?","$","T","M","$","?","M","M","R","B",null,"M","?","M","?","M","R","M"],"is_cheater":false,"character_chosen":"THE_SILENT","items_purchased":["Backflip","Noxious Fumes","Footwork"],"gold_per_floor":[142,142,157,168,187,187,187,187,187,187,62,138,165,165,165,261,261,280,293,293,293,307,307,307,127,172,189,28,28,41,51,51,150,150,165,165,185,0,10,10,21],"floor_reached":42,"campfire_rested":2,"playtime":4313,"current_hp_per_floor":[68,68,68,68,68,68,68,68,68,68,68,68,68,68,68,45,70,68,68,68,68,54,64,64,64,64,43,43,43,37,32,63,51,70,43,43,43,43,43,70,19],"items_purged":["Strike_G","Defend_G","Strike_G"],"gold":21,"play_id":"c4e2a588-27bf-4f78-af9c-059799882950","is_prod":false,"is_daily":false,"campfire_rituals":0,"campfire_upgraded":2,"potions_floor_combined":[],"is_hardmode":false,"path_taken":["M","?","M","?","M","R","?","R","T","R","$","?","?","?","R","BOSS","M","M","?","?","M","R","?","$","T","M","$","?","?","M","R","BOSS","M","?","M","?","M","R","M","M"],"build_version":"[EARLY_ACCESS_006] (11-30-2017)","purchased_purges":3,"victory":false,"master_deck":["Defend_G","Defend_G","Defend_G","Defend_G","Strike_G","Strike_G","Strike_G","Survivor","Neutralize","Riddle With Holes","Infinite Blades","Quick Slash","Dagger Spray","Dash","Tools of the Trade","Backflip","PiercingWail","Cloak And Dagger","A Thousand Cuts","Backflip","Escape Plan","Outmaneuver","Quick Slash","Noxious Fumes","Adrenaline","Footwork","Dodge and Roll","Predator","Bullet Time","Calculated Gamble","Prepared","Blade Dance"],"max_hp_per_floor":[70,70,70,70,70,70,70,70,70,70,70,70,70,70,70,70,70,70,70,70,70,70,70,70,70,70,70,70,70,70,70,70,70,70,70,70,70,70,70,70,70],"relics":["Ring of the Snake","Tiny Chest","Prayer Wheel","Pen Nib","Girya","Odd Mushroom","Ancient Tea Set","Eternal Feather","Nloth\u0027s Gift","Whetstone","Sozu","Red Mask"],"campfire_meditates":0,"card_choices":[{"not_picked":["Malaise","Well Laid Plans"],"picked":"Riddle With Holes"},{"not_picked":["Slice","Poisoned Stab"],"picked":"Infinite Blades"},{"not_picked":["Flying Knee","Deadly Poison"],"picked":"Quick Slash"},{"not_picked":["Dagger Throw","Flying Knee"],"picked":"Dagger Spray"},{"not_picked":["Infinite Blades","Dagger Throw"],"picked":"Dash"},{"not_picked":["Deflect","Catalyst"],"picked":"Tools of the Trade"},{"not_picked":["Accuracy","Sucker Punch"],"picked":"PiercingWail"},{"not_picked":["Deflect","Poisoned Stab"],"picked":"Cloak And Dagger"},{"not_picked":["Envenom","Glass Knife"],"picked":"A Thousand Cuts"},{"not_picked":["Infinite Blades","Underhanded Strike"],"picked":"Backflip"},{"not_picked":["Dagger Throw","Slice"],"picked":"Escape Plan"},{"not_picked":["Dagger Spray","Infinite Blades"],"picked":"Outmaneuver"},{"not_picked":["Dagger Spray","Reflex"],"picked":"Quick Slash"},{"not_picked":["Setup","Heel Hook"],"picked":"Adrenaline"},{"not_picked":["Accuracy","Slice"],"picked":"Dodge and Roll"},{"not_picked":["Bane","Masterful Stab"],"picked":"Predator"},{"not_picked":["Adrenaline","Die Die Die"],"picked":"Bullet Time"},{"not_picked":["Prepared","Dagger Throw"],"picked":"Calculated Gamble"},{"not_picked":["Acrobatics","Distraction"],"picked":"Prepared"},{"not_picked":["Flying Knee","Finisher"],"picked":"Blade Dance"}],"player_experience":133142,"potions_floor_usage":[3,13,31,33],"damage_taken":[{"damage":2.0,"enemies":"JawWorm","floor":1.0,"turns":5.0},{"damage":0.0,"enemies":"Looter","floor":3.0,"turns":2.0},{"damage":0.0,"enemies":"Cultist","floor":4.0,"turns":3.0},{"damage":0.0,"enemies":"Slime","floor":5.0,"turns":5.0},{"damage":0.0,"enemies":"The Mushroom Lair","floor":13.0,"turns":3.0},{"damage":23.0,"enemies":"TheGuardian","floor":16.0,"turns":8.0},{"damage":2,"enemies":"3_Byrds","floor":18,"turns":4},{"damage":0,"enemies":"Shelled Parasite","floor":19,"turns":4},{"damage":14,"enemies":"HealerTank","floor":22,"turns":10},{"damage":21,"enemies":"SnakePlant","floor":27,"turns":3},{"damage":6,"enemies":"Murder of Cultists","floor":30,"turns":3},{"damage":5,"enemies":"HealerTank","floor":31,"turns":5},{"damage":12,"enemies":"Champ","floor":33,"turns":12},{"damage":27,"enemies":"Ancient Shapes Weak","floor":35,"turns":4},{"damage":0,"enemies":"Orb Walker","floor":37,"turns":2},{"damage":0,"enemies":"Darkling Encounter","floor":39,"turns":4},{"damage":51,"enemies":"Ancient Shapes","floor":41,"turns":3},{"damage":12,"enemies":"sphere and 2 shapes","floor":42,"turns":3}],"event_choices":[{"event_name":"Golden Wing","player_choice":"Gained Gold","floor":12.0,"damage_taken":0.0},{"event_name":"Mushrooms","player_choice":"Fought Mushrooms","floor":13.0,"damage_taken":0.0},{"event_name":"N\u0027loth","player_choice":"Traded a Discerning Monocle","floor":21,"damage_taken":0},{"event_name":"Vampires","player_choice":"Ignored","floor":24,"damage_taken":0},{"event_name":"Upgrade Shrine","player_choice":"Upgraded","floor":29,"damage_taken":0},{"event_name":"Mysterious Sphere","player_choice":"Ignore","floor":36,"damage_taken":0},{"event_name":"Tomb of Lord Red Mask","player_choice":"Paid","floor":38,"damage_taken":0}],"boss_relics":[{"not_picked":["Orrery","Lizard Tail"],"picked":"Eternal Feather"},{"not_picked":["White Beast Statue","Velvet Choker"],"picked":"Sozu"}],"potions_floor_spawned":[1,3,18,30],"seed_played":"9074155528546311514","killed_by":"sphere and 2 shapes","is_trial":false}