{"path_per_floor":["M","?","?","M","M","E","M","M","T","$","M","M","M","T","R","B",null,"M","T","?","M","$","R","?","M","T","R","?","M","T","M","R","B",null,"M","?","M"],"is_cheater":false,"character_chosen":"THE_SILENT","items_purchased":["Cloak And Dagger","Caltrops","Gambling Chip"],"gold_per_floor":[110,110,110,126,146,180,194,208,208,51,71,85,99,99,99,197,227,210,278,278,296,61,311,411,424,424,424,424,437,437,455,455,552,552,565,565,581],"floor_reached":38,"campfire_rested":1,"playtime":6086,"current_hp_per_floor":[70,67,67,69,65,58,51,63,63,63,56,57,58,58,58,25,75,71,81,81,74,74,74,74,58,58,83,83,79,79,78,78,35,85,59,59,55],"items_purged":["Defend_G"],"gold":581,"play_id":"f36eb90c-3dc0-4b1c-93a2-7a04513434a5","is_prod":false,"is_daily":false,"campfire_rituals":0,"campfire_upgraded":0,"potions_floor_combined":[],"is_hardmode":false,"path_taken":["M","?","?","M","M","E","M","M","T","$","M","M","M","?","R","BOSS","M","?","?","M","$","R","?","M","T","R","?","M","?","M","R","BOSS","M","?","M","?"],"build_version":"[EARLY_ACCESS_006] (11-30-2017)","purchased_purges":1,"victory":false,"master_deck":["Defend_G","Defend_G","Defend_G","Strike_G","Strike_G","Strike_G","Strike_G","Survivor","Neutralize","Blade Dance","Flying Knee","Leg Sweep","Infinite Blades","Prepared","Quick Slash","Cloak And Dagger","Caltrops","Quick Slash","Dagger Throw","Storm of Steel","PiercingWail","Poisoned Stab","Blur","Cloak And Dagger","Underhanded Strike","Prepared","Die Die Die","Dagger Spray"],"max_hp_per_floor":[70,70,70,70,70,70,70,70,70,70,70,70,70,70,70,70,75,75,85,85,85,85,85,85,85,85,85,85,85,85,85,85,85,85,85,85,85],"relics":["Ring of the Snake","Pen Nib","Blood Vial","Matryoshka","Discerning Monocle","Toxic Egg","Omamori","Shovel","Dodecahedron","Tiny House","Pear","Gambling Chip","Old Coin","Thread and Needle","Kunai","Sundial","The Specimen"],"campfire_meditates":0,"card_choices":[{"not_picked":["PiercingWail","Outmaneuver"],"picked":"Blade Dance"},{"not_picked":["Noxious Fumes","Deadly Poison"],"picked":"Flying Knee"},{"not_picked":["Slice","Choke"],"picked":"Leg Sweep"},{"not_picked":["Flechettes","Deflect"],"picked":"Infinite Blades"},{"not_picked":["PiercingWail","Underhanded Strike"],"picked":"Prepared"},{"not_picked":["Backflip","Sucker Punch"],"picked":"Quick Slash"},{"not_picked":["Phantasmal Killer","Eviscerate"],"picked":"Quick Slash"},{"not_picked":["Poisoned Stab","Choke"],"picked":"Dagger Throw"},{"not_picked":["Die Die Die","Venomology"],"picked":"Storm of Steel"},{"not_picked":["Well Laid Plans","Outmaneuver"],"picked":"PiercingWail"},{"not_picked":["Sucker Punch","Outmaneuver"],"picked":"Poisoned Stab"},{"not_picked":["Backflip","Dagger Spray"],"picked":"Blur"},{"not_picked":["Slice","Backflip"],"picked":"Cloak And Dagger"},{"not_picked":["Slice","Malaise"],"picked":"Underhanded Strike"},{"not_picked":["Flechettes","Flying Knee"],"picked":"Prepared"},{"not_picked":["Venomology","Unload"],"picked":"Die Die Die"},{"not_picked":["Blade Dance","Caltrops"],"picked":"Dagger Spray"}],"player_experience":100312,"potions_floor_usage":[6,8,13,16,21,31,31,33,37,38],"damage_taken":[{"damage":0.0,"enemies":"JawWorm","floor":1.0,"turns":5.0},{"damage":0.0,"enemies":"Cultist","floor":4.0,"turns":4.0},{"damage":5.0,"enemies":"Looter","floor":5.0,"turns":3.0},{"damage":9.0,"enemies":"Lagavulin","floor":6.0,"turns":11.0},{"damage":9.0,"enemies":"Slime","floor":7.0,"turns":8.0},{"damage":2.0,"enemies":"TwoFungiBeasts","floor":8.0,"turns":5.0},{"damage":9.0,"enemies":"Exordium Thugs","floor":11.0,"turns":5.0},{"damage":1.0,"enemies":"lots of slimes","floor":12.0,"turns":5.0},{"damage":1.0,"enemies":"Louse","floor":13.0,"turns":3.0},{"damage":35.0,"enemies":"SlimeBoss","floor":16.0,"turns":12.0},{"damage":4.0,"enemies":"City Looters","floor":18.0,"turns":4.0},{"damage":9.0,"enemies":"Shelled Parasite","floor":21.0,"turns":8.0},{"damage":18.0,"enemies":"Snecko","floor":25.0,"turns":8.0},{"damage":6.0,"enemies":"Murder of Cultists","floor":29.0,"turns":6.0},{"damage":3.0,"enemies":"City Ancients","floor":31.0,"turns":6.0},{"damage":45.0,"enemies":"BronzeAutomaton","floor":33.0,"turns":17.0},{"damage":26,"enemies":"Darkling Encounter","floor":35,"turns":6},{"damage":6,"enemies":"Ancient Shapes Weak","floor":37,"turns":5},{"damage":43,"enemies":"sphere and 2 shapes","floor":38,"turns":5}],"event_choices":[{"event_name":"Scrap Ooze","player_choice":"success","floor":2.0,"damage_taken":3.0},{"event_name":"Living Wall","player_choice":"Grow","floor":3.0,"damage_taken":0.0},{"event_name":"N\u0027loth","player_choice":"Ignored","floor":20.0,"damage_taken":0.0},{"event_name":"Golden Shrine","player_choice":"Pray","floor":24.0,"damage_taken":0.0},{"event_name":"Wheel of Change","player_choice":"Card Removal","floor":28.0,"damage_taken":0.0},{"event_name":"Bonfire Elementals","player_choice":"Defend_G","floor":36,"damage_taken":0}],"boss_relics":[{"not_picked":["Velvet Choker","Philosopher\u0027s Stone"],"picked":"The Specimen"}],"potions_floor_spawned":[5,7,11,12,16,18,29,33,37],"seed_played":"2010097513310545990","killed_by":"sphere and 2 shapes","is_trial":false}