{"path_per_floor":["M","$","?","?","M","R","M","R","T","R","$","R","?","M","R","B",null,"M","?","?","M","?","R","M","R","T","M","M","$","$","M","R","B",null,"M","M","$","M","M","R"],"is_cheater":false,"character_chosen":"THE_SILENT","items_purchased":["Poisoned Stab","Ornamental Fan"],"gold_per_floor":[114,39,114,114,129,129,140,140,166,166,142,142,166,181,181,284,284,294,294,294,304,304,304,324,324,348,365,380,27,27,40,40,141,141,161,175,50,65,82,82],"floor_reached":41,"campfire_rested":5,"playtime":4980,"current_hp_per_floor":[72,72,61,49,48,71,70,70,70,70,70,70,56,56,77,39,77,77,68,68,54,54,78,75,75,75,60,44,44,44,39,63,38,82,73,48,48,30,10,34],"items_purged":["Defend_G","Reflex","Poisoned Stab"],"gold":82,"play_id":"6eb41032-991b-4270-8d26-0b9123de895f","is_prod":false,"is_daily":false,"campfire_rituals":0,"campfire_upgraded":2,"potions_floor_combined":[],"is_hardmode":false,"path_taken":["M","$","?","?","M","R","?","R","T","R","?","R","?","M","R","BOSS","M","?","?","M","?","R","M","R","T","?","M","$","?","M","R","BOSS","M","M","$","M","M","R","M"],"build_version":"[EARLY_ACCESS_006] (11-30-2017)","purchased_purges":4,"victory":false,"master_deck":["Survivor","Neutralize","Dash","Dagger Throw","Dodge and Roll","Poisoned Stab","Adrenaline","Quick Slash","A Thousand Cuts","Dagger Spray","Escape Plan","Dodge and Roll","Backflip","Poisoned Stab","Acrobatics","Outmaneuver","Quick Slash","Backflip","Footwork","Flying Knee","Blur","Caltrops","Noxious Fumes","All Out Attack","Infinite Blades","PiercingWail","Distraction","Noxious Fumes"],"max_hp_per_floor":[77,77,77,77,77,77,77,77,77,77,77,77,77,77,77,77,77,77,82,82,82,82,82,82,82,82,82,82,82,82,82,82,82,82,82,82,82,82,82,82],"relics":["Ring of the Snake","Shovel","Letter Opener","Dream Catcher","Gambling Chip","Odd Mushroom","Pandora\u0027s Box","Frozen Egg","Ornamental Fan","Orrery"],"campfire_meditates":0,"card_choices":[{"not_picked":["Endless Agony","Distraction"],"picked":"Dash"},{"not_picked":["Deflect","Accuracy"],"picked":"Dagger Throw"},{"not_picked":["Prepared","Crippling Poison"],"picked":"Dodge and Roll"},{"not_picked":["Escape Plan","Bane"],"picked":"Adrenaline"},{"not_picked":["Bane","Backflip"],"picked":"Quick Slash"},{"not_picked":["Heel Hook","Deadly Poison"],"picked":"Poisoned Stab"},{"not_picked":["Burst","Doppelganger"],"picked":"A Thousand Cuts"},{"not_picked":["Backstab","Heel Hook"],"picked":"Backflip"},{"not_picked":["Slice","Quick Slash"],"picked":"Footwork"},{"not_picked":["Outmaneuver","Crippling Poison"],"picked":"Flying Knee"},{"not_picked":["Flying Knee","Quick Slash"],"picked":"Blur"},{"not_picked":["Dodge and Roll","Deflect"],"picked":"Caltrops"},{"not_picked":["Deadly Poison","Quick Slash"],"picked":"Noxious Fumes"},{"not_picked":["Skewer","Deflect"],"picked":"All Out Attack"},{"not_picked":["Distraction","Dagger Throw"],"picked":"Infinite Blades"},{"not_picked":["Flying Knee","Dash"],"picked":"PiercingWail"},{"not_picked":["Caltrops","Skewer"],"picked":"Distraction"},{"not_picked":["Poisoned Stab","Dagger Throw"],"picked":"Noxious Fumes"}],"player_experience":164068,"potions_floor_usage":[14,16,21,35,38],"damage_taken":[{"damage":5.0,"enemies":"Blue Slaver","floor":1.0,"turns":5.0},{"damage":1.0,"enemies":"JawWorm","floor":5.0,"turns":3.0},{"damage":1.0,"enemies":"Cultist","floor":7.0,"turns":3.0},{"damage":14.0,"enemies":"The Mushroom Lair","floor":13.0,"turns":4.0},{"damage":0.0,"enemies":"Louse","floor":14.0,"turns":1.0},{"damage":38.0,"enemies":"SlimeBoss","floor":16.0,"turns":12.0},{"damage":0.0,"enemies":"3_Byrds","floor":18.0,"turns":5.0},{"damage":14.0,"enemies":"City Looters","floor":21.0,"turns":4.0},{"damage":3.0,"enemies":"Chosen and Flock","floor":24.0,"turns":6.0},{"damage":15.0,"enemies":"SnakePlant","floor":27.0,"turns":5.0},{"damage":16.0,"enemies":"City Ancients","floor":28.0,"turns":6.0},{"damage":5.0,"enemies":"Murder of Cultists","floor":31.0,"turns":4.0},{"damage":25.0,"enemies":"BronzeAutomaton","floor":33.0,"turns":11.0},{"damage":9.0,"enemies":"Orb Walker","floor":35.0,"turns":5.0},{"damage":25.0,"enemies":"Darkling Encounter","floor":36.0,"turns":6.0},{"damage":18,"enemies":"sphere and 2 shapes","floor":38,"turns":5},{"damage":20,"enemies":"Maw","floor":39,"turns":9},{"damage":30,"enemies":"Darkling Encounter","floor":41,"turns":4}],"event_choices":[{"event_name":"World of Goop","player_choice":"Gather Gold","floor":3.0,"damage_taken":0.0},{"event_name":"Scrap Ooze","player_choice":"success","floor":4.0,"damage_taken":12.0},{"event_name":"Mushrooms","player_choice":"Fought Mushrooms","floor":13.0,"damage_taken":0.0},{"event_name":"Forgotten Altar","player_choice":"Shed Blood","floor":19.0,"damage_taken":0.0},{"event_name":"The Mausoleum","player_choice":"No","floor":20.0,"damage_taken":0.0},{"event_name":"Vampires","player_choice":"Ignored","floor":22.0,"damage_taken":0.0}],"boss_relics":[],"potions_floor_spawned":[1,13,18,33,36],"seed_played":"-1142996927763048337","killed_by":"Darkling Encounter","is_trial":false}