{"path_per_floor":["M","M","M","?","M","R","?","R","T","M","E","M","$","E","R","B",null,"M","M","?","M"],"is_cheater":false,"character_chosen":"THE_SILENT","items_purchased":["All Out Attack"],"gold_per_floor":[17,37,47,47,61,61,61,61,61,76,108,118,4,31,31,133,133,144,157,72,92],"floor_reached":22,"campfire_rested":1,"playtime":2523,"current_hp_per_floor":[82,76,75,80,76,76,76,76,76,76,61,61,61,49,89,40,89,85,73,73,61],"items_purged":["Defend_G"],"gold":103,"play_id":"6e6a34b4-8e17-43f8-8a2c-54f7cc7cc962","is_prod":false,"is_daily":false,"campfire_rituals":0,"campfire_upgraded":2,"potions_floor_combined":[],"is_hardmode":false,"path_taken":["M","M","M","?","M","R","?","R","T","M","E","M","?","E","R","BOSS","M","M","?","M","?"],"build_version":"[EARLY_ACCESS_006] (11-30-2017)","purchased_purges":2,"victory":false,"master_deck":["Defend_G","Defend_G","Defend_G","Strike_G","Strike_G","Strike_G","Survivor","Neutralize","Calculated Gamble","PiercingWail","Escape Plan","Dagger Spray","Quick Slash","Skewer","Quick Slash","All Out Attack","Prepared","Bullet Time","Distraction","Malaise","Terror","Blade Dance","Caltrops"],"max_hp_per_floor":[84,84,84,89,89,89,89,89,89,89,89,89,89,89,89,89,89,89,89,89,89],"relics":["Ring of the Snake","Bag of Marbles","Centennial Puzzle","Regal Pillow","Astrolabe","Anchor"],"campfire_meditates":0,"card_choices":[{"not_picked":["Masterful Stab","Outmaneuver"],"picked":"Calculated Gamble"},{"not_picked":["Escape Plan","Underhanded Strike"],"picked":"PiercingWail"},{"not_picked":["Sucker Punch","PiercingWail"],"picked":"Escape Plan"},{"not_picked":["Deflect","Envenom"],"picked":"Dagger Spray"},{"not_picked":["Well Laid Plans","Dagger Spray"],"picked":"Quick Slash"},{"not_picked":["Terror","Flying Knee"],"picked":"Skewer"},{"not_picked":["Sucker Punch","Dodge and Roll"],"picked":"Quick Slash"},{"not_picked":["Tools of the Trade","Sucker Punch"],"picked":"Prepared"},{"not_picked":["Phantasmal Killer","Wraith Form"],"picked":"Bullet Time"},{"not_picked":["Acrobatics","Bouncing Flask"],"picked":"Blade Dance"},{"not_picked":["Deflect","Backstab"],"picked":"Caltrops"}],"player_experience":139482,"potions_floor_usage":[11,14,21],"damage_taken":[{"damage":2.0,"enemies":"Blue Slaver","floor":1.0,"turns":6.0},{"damage":6.0,"enemies":"Looter","floor":2.0,"turns":4.0},{"damage":1.0,"enemies":"JawWorm","floor":3.0,"turns":4.0},{"damage":4.0,"enemies":"Exordium Wildlife","floor":5.0,"turns":8.0},{"damage":0.0,"enemies":"Slime","floor":10.0,"turns":7.0},{"damage":15.0,"enemies":"Sentries","floor":11.0,"turns":5.0},{"damage":0.0,"enemies":"Exordium Thugs","floor":12.0,"turns":4.0},{"damage":12.0,"enemies":"GremlinNob","floor":14.0,"turns":3.0},{"damage":49.0,"enemies":"SlimeBoss","floor":16.0,"turns":12.0},{"damage":4,"enemies":"City Looters","floor":18,"turns":3},{"damage":12,"enemies":"Chosen","floor":19,"turns":5},{"damage":12,"enemies":"HealerTank","floor":21,"turns":4},{"damage":38,"enemies":"City Thugs","floor":22,"turns":7}],"event_choices":[{"event_name":"Big Fish","player_choice":"Donut","floor":4.0,"damage_taken":0.0},{"event_name":"Liars Game","player_choice":"disagreed","floor":7.0,"damage_taken":0.0},{"event_name":"Addict","player_choice":"Obtained Relic","floor":20,"damage_taken":0}],"boss_relics":[{"not_picked":["The Specimen","Velvet Choker"],"picked":"Astrolabe"}],"potions_floor_spawned":[1,5,11,19],"seed_played":"-5010240832530998393","killed_by":"City Thugs","is_trial":false}