{"path_per_floor":["M","M","?","M","$","R","?","M","T","R","M","?","M","?","R","B",null,"M","$"],"is_cheater":false,"character_chosen":"THE_SILENT","items_purchased":["Noxious Fumes","Meat on the Bone"],"gold_per_floor":[109,124,74,87,10,10,85,98,151,151,167,167,185,215,215,316,316,335,18],"floor_reached":20,"campfire_rested":3,"playtime":1666,"current_hp_per_floor":[73,70,70,57,57,77,66,60,60,77,71,71,66,66,77,50,77,47,47],"items_purged":["Strike_G"],"gold":18,"play_id":"9e4a4941-b1cd-4e07-a519-0786c75966bf","is_prod":false,"is_daily":false,"campfire_rituals":0,"campfire_upgraded":0,"potions_floor_combined":[],"is_hardmode":false,"path_taken":["M","M","?","M","$","R","?","M","T","R","M","?","M","?","R","BOSS","M","$","M"],"build_version":"[EARLY_ACCESS_006] (11-30-2017)","purchased_purges":2,"victory":false,"master_deck":["Defend_G","Defend_G","Defend_G","Defend_G","Strike_G","Strike_G","Strike_G","Strike_G","Survivor","Neutralize","PiercingWail","Backflip","Flying Knee","Noxious Fumes","Sucker Punch","Dagger Spray","Unload","Outmaneuver"],"max_hp_per_floor":[77,77,77,77,77,77,77,77,77,77,77,77,77,77,77,77,77,77,77],"relics":["Ring of the Snake","Toxic Egg","The Specimen","Meat on the Bone"],"campfire_meditates":0,"card_choices":[{"not_picked":["Deadly Poison","Acrobatics"],"picked":"PiercingWail"},{"not_picked":["Distraction","Eviscerate"],"picked":"Backflip"},{"not_picked":["Prepared","Crippling Poison"],"picked":"Flying Knee"},{"not_picked":["Crippling Poison","Doppelganger"],"picked":"Sucker Punch"},{"not_picked":["PiercingWail","Catalyst"],"picked":"Dagger Spray"},{"not_picked":["After Image","Burst"],"picked":"Unload"},{"not_picked":["Underhanded Strike","Reflex"],"picked":"Outmaneuver"}],"player_experience":72629,"potions_floor_usage":[13,16,16],"damage_taken":[{"damage":4,"enemies":"Cultist","floor":1,"turns":5},{"damage":3,"enemies":"JawWorm","floor":2,"turns":6},{"damage":13,"enemies":"Blue Slaver","floor":4,"turns":6},{"damage":6,"enemies":"TwoFungiBeasts","floor":8,"turns":4},{"damage":6,"enemies":"Red Slaver","floor":11,"turns":5},{"damage":5,"enemies":"Louse","floor":13,"turns":3},{"damage":42,"enemies":"SlimeBoss","floor":16,"turns":15},{"damage":30,"enemies":"Chosen","floor":18,"turns":8},{"damage":10,"enemies":"SphericGuardian","floor":20,"turns":3}],"event_choices":[{"event_name":"The Cleric","player_choice":"Card Removal","floor":3,"damage_taken":0},{"event_name":"World of Goop","player_choice":"Gather Gold","floor":7,"damage_taken":0},{"event_name":"Liars Game","player_choice":"disagreed","floor":12,"damage_taken":0},{"event_name":"Dead Adventurer","player_choice":"Searched \u00271\u0027 times","floor":14,"damage_taken":0}],"boss_relics":[{"not_picked":["Eternal Feather","Runic Dome"],"picked":"The Specimen"}],"potions_floor_spawned":[2,4,11,16],"seed_played":"6100475731363638783","killed_by":"SphericGuardian","is_trial":false}