{"path_per_floor":["M","M","M","?","M","R","M","R","T","$","M","$","?","?","R","B",null,"M"],"is_cheater":false,"character_chosen":"THE_SILENT","items_purchased":["Unceasing Top","Mind Blast","PiercingWail"],"gold_per_floor":[114,134,150,150,167,167,186,186,436,21,36,13,13,13,13,116,116,134],"floor_reached":19,"campfire_rested":1,"playtime":1649,"current_hp_per_floor":[70,70,67,72,66,66,62,62,62,62,61,61,61,61,75,26,75,52],"items_purged":[],"gold":74,"play_id":"2eeeb661-cbcc-4c56-988f-042c3b285a95","is_prod":false,"is_daily":false,"campfire_rituals":0,"campfire_upgraded":2,"potions_floor_combined":[],"is_hardmode":false,"path_taken":["M","M","M","?","M","R","M","R","T","$","M","?","?","?","R","BOSS","M","M"],"build_version":"[EARLY_ACCESS_006] (11-30-2017)","purchased_purges":0,"victory":false,"master_deck":["Defend_G","Defend_G","Defend_G","Defend_G","Defend_G","Strike_G","Strike_G","Strike_G","Strike_G","Strike_G","Survivor","Neutralize","Cloak And Dagger","Dagger Spray","Dash","Acrobatics","Prepared","Mind Blast","PiercingWail","Adrenaline"],"max_hp_per_floor":[70,70,70,75,75,75,75,75,75,75,75,75,75,75,75,75,75,75],"relics":["Ring of the Snake","Old Coin","Unceasing Top","Eternal Feather"],"campfire_meditates":0,"card_choices":[{"not_picked":["Skewer","Blur"],"picked":"Cloak And Dagger"},{"not_picked":["Caltrops","Dagger Throw"],"picked":"Dagger Spray"},{"not_picked":["Poisoned Stab","Unload"],"picked":"Dash"},{"not_picked":["Bane","Catalyst"],"picked":"Acrobatics"},{"not_picked":["Dash","Reflex"],"picked":"Prepared"},{"not_picked":["Phantasmal Killer","Doppelganger"],"picked":"Adrenaline"}],"player_experience":162419,"potions_floor_usage":[16,16,16,18],"damage_taken":[{"damage":0.0,"enemies":"Cultist","floor":1.0,"turns":4.0},{"damage":0.0,"enemies":"JawWorm","floor":2.0,"turns":6.0},{"damage":3.0,"enemies":"Looter","floor":3.0,"turns":4.0},{"damage":6.0,"enemies":"Louse","floor":5.0,"turns":4.0},{"damage":4.0,"enemies":"Slime","floor":7.0,"turns":6.0},{"damage":1.0,"enemies":"Exordium Thugs","floor":11.0,"turns":5.0},{"damage":49.0,"enemies":"SlimeBoss","floor":16.0,"turns":16.0},{"damage":23,"enemies":"Chosen","floor":18,"turns":8},{"damage":20,"enemies":"City Looters","floor":19,"turns":4}],"event_choices":[{"event_name":"Big Fish","player_choice":"Donut","floor":4.0,"damage_taken":0.0},{"event_name":"Golden Idol","player_choice":"Ignored","floor":13.0,"damage_taken":0.0},{"event_name":"The Lab","player_choice":"Got Potions","floor":14.0,"damage_taken":0.0}],"boss_relics":[{"not_picked":["Calling Bell","Question Card"],"picked":"Eternal Feather"}],"potions_floor_spawned":[3,5,16],"seed_played":"7004785602616626604","killed_by":"City Looters","is_trial":false}