{"path_per_floor":["M","$","?","M","M","R","?","R","T","M","?","$","M","M","R","B",null,"M","?","?","?","$","R","M"],"is_cheater":false,"character_chosen":"THE_SILENT","items_purchased":["Footwork","Flying Knee"],"gold_per_floor":[218,76,76,91,103,103,103,103,103,123,123,23,37,53,53,148,148,133,133,33,33,7,7,24],"floor_reached":25,"campfire_rested":2,"playtime":2027,"current_hp_per_floor":[70,70,70,68,66,66,66,66,66,65,65,65,44,44,65,13,70,59,59,59,59,59,70,55],"items_purged":["Defend_G","Regret"],"gold":24,"play_id":"9eea8530-3f65-494c-ad7f-e6dbcda2e454","is_prod":false,"is_daily":false,"campfire_rituals":0,"campfire_upgraded":2,"potions_floor_combined":[],"is_hardmode":false,"path_taken":["M","$","?","M","M","R","?","R","T","M","?","$","M","M","R","BOSS","M","?","?","?","?","R","M","M"],"build_version":"[EARLY_ACCESS_006] (11-30-2017)","purchased_purges":2,"victory":false,"master_deck":["Defend_G","Defend_G","Defend_G","Defend_G","Strike_G","Strike_G","Strike_G","Strike_G","Strike_G","Survivor","Neutralize","Cloak And Dagger","Footwork","Quick Slash","PiercingWail","Accuracy","Skewer","Poisoned Stab","Grand Finale","Deadly Poison","Crippling Poison","Dagger Throw","Backflip","Escape Plan","Finisher","Flying Knee","Outmaneuver"],"max_hp_per_floor":[70,70,70,70,70,70,70,70,70,70,70,70,70,70,70,70,70,70,70,70,70,70,70,70],"relics":["Ring of the Snake","Ninja Scroll","Snake Skull","Orrery","Juzu Bracelet"],"campfire_meditates":0,"card_choices":[{"not_picked":["Bane","Slice"],"picked":"Cloak And Dagger"},{"not_picked":["Leg Sweep","Outmaneuver"],"picked":"Quick Slash"},{"not_picked":["Prepared","Flying Knee"],"picked":"PiercingWail"},{"not_picked":["Unload","Flying Knee"],"picked":"Accuracy"},{"not_picked":["Deadly Poison","Slice"],"picked":"Skewer"},{"not_picked":["Deadly Poison","Well Laid Plans"],"picked":"Poisoned Stab"},{"not_picked":["Corpse Explosion","Storm of Steel"],"picked":"Grand Finale"},{"not_picked":["Outmaneuver","Prepared"],"picked":"Deadly Poison"},{"not_picked":["PiercingWail","Concentrate"],"picked":"Crippling Poison"},{"not_picked":["Deadly Poison","Heel Hook"],"picked":"Dagger Throw"},{"not_picked":["Prepared","Dagger Spray"],"picked":"Backflip"},{"not_picked":["Slice","Dagger Throw"],"picked":"Escape Plan"},{"not_picked":["Cloak And Dagger","Tactician"],"picked":"Finisher"},{"not_picked":["Underhanded Strike","Poisoned Stab"],"picked":"Outmaneuver"}],"player_experience":137455,"potions_floor_usage":[10,13,16,18,24],"damage_taken":[{"damage":0,"enemies":"JawWorm","floor":1,"turns":5},{"damage":2,"enemies":"Looter","floor":4,"turns":4},{"damage":2,"enemies":"Blue Slaver","floor":5,"turns":4},{"damage":1,"enemies":"Gremlins","floor":10,"turns":5},{"damage":21,"enemies":"Exordium Thugs","floor":13,"turns":6},{"damage":0,"enemies":"TwoFungiBeasts","floor":14,"turns":3},{"damage":57,"enemies":"Hexaghost","floor":16,"turns":12},{"damage":11,"enemies":"City Looters","floor":18,"turns":4},{"damage":30,"enemies":"Shelled Parasite","floor":24,"turns":9},{"damage":26,"enemies":"HealerTank","floor":25,"turns":7}],"event_choices":[{"event_name":"The Lab","player_choice":"Got Potions","floor":3,"damage_taken":0},{"event_name":"The Woman in Blue","player_choice":"Bought 0 Potions","floor":7,"damage_taken":0},{"event_name":"Big Fish","player_choice":"Box","floor":11,"damage_taken":0},{"event_name":"Vampires","player_choice":"Ignored","floor":19,"damage_taken":0},{"event_name":"Drug Dealer","player_choice":"Got JAXXED","floor":20,"damage_taken":0},{"event_name":"Addict","player_choice":"Gave JAX","floor":21,"damage_taken":0}],"boss_relics":[{"not_picked":["Ectoplasm","Tiny House"],"picked":"Orrery"}],"potions_floor_spawned":[4,13,18],"seed_played":"8238504080280488476","killed_by":"HealerTank","is_trial":false}