{"path_per_floor":["M","M","?","M","?","E","R","M","T","M","M","$","M","M","R","B",null,"M","M","$","?","?","R","M","M","T","M","M","M","?","M","R","B",null,"M","M","$","?","M","M"],"is_cheater":false,"character_chosen":"THE_SILENT","items_purchased":["PiercingWail","Happy Flower","Mercury Hourglass"],"gold_per_floor":[119,134,84,96,96,125,125,142,188,199,215,89,101,112,112,211,211,226,241,51,51,51,51,65,80,80,93,111,131,131,144,144,244,244,263,280,41,41,56,70],"floor_reached":41,"campfire_rested":3,"playtime":5534,"current_hp_per_floor":[77,77,77,75,68,37,60,60,67,62,56,56,55,57,82,27,84,81,75,75,75,75,75,84,79,79,84,74,69,69,60,84,15,84,74,61,61,61,54,24],"items_purged":["Defend_G"],"gold":70,"play_id":"657bb838-070e-4771-9930-33c3c8ca7129","is_prod":false,"is_daily":false,"campfire_rituals":0,"campfire_upgraded":1,"potions_floor_combined":[],"is_hardmode":false,"path_taken":["M","M","?","M","?","E","R","M","T","M","M","$","M","M","R","BOSS","M","?","$","?","?","R","M","?","T","M","M","M","?","M","R","BOSS","M","M","$","?","M","M","M"],"build_version":"[EARLY_ACCESS_006] (11-30-2017)","purchased_purges":1,"victory":false,"master_deck":["Defend_G","Survivor","Neutralize","Acrobatics","Dash","Caltrops","Poisoned Stab","A Thousand Cuts","Backflip","Deflect","PiercingWail","Dagger Throw","Noxious Fumes","Adrenaline","Deadly Poison","Envenom","Backflip","Dagger Spray","Dagger Spray","Blur","Bite_G","Bite_G","Bite_G","Bite_G","Bite_G","PiercingWail","Flying Knee","Quick Slash","Cloak And Dagger","Escape Plan","Phantasmal Killer","Blade Dance","Catalyst"],"max_hp_per_floor":[77,77,77,77,77,77,77,77,84,84,84,84,84,84,84,84,84,84,84,84,84,84,84,84,84,84,84,84,84,84,84,84,84,84,84,84,84,84,84,84],"relics":["Ring of the Snake","Dodecahedron","Strawberry","Astrolabe","Happy Flower","Sundial","Eternal Feather","Mercury Hourglass"],"campfire_meditates":0,"card_choices":[{"not_picked":["Deflect","Deadly Poison"],"picked":"Acrobatics"},{"not_picked":["Finisher","PiercingWail"],"picked":"Dash"},{"not_picked":["Underhanded Strike","Flying Knee"],"picked":"Caltrops"},{"not_picked":["Bouncing Flask","Distraction"],"picked":"Poisoned Stab"},{"not_picked":["PiercingWail","Crippling Poison"],"picked":"A Thousand Cuts"},{"not_picked":["Dagger Throw","Outmaneuver"],"picked":"Backflip"},{"not_picked":["Wraith Form","Catalyst"],"picked":"Deflect"},{"not_picked":["Underhanded Strike","Sucker Punch"],"picked":"Dagger Throw"},{"not_picked":["Acrobatics","Poisoned Stab"],"picked":"Noxious Fumes"},{"not_picked":["Grand Finale","Storm of Steel"],"picked":"Adrenaline"},{"not_picked":["Terror","Blade Dance"],"picked":"Dagger Spray"},{"not_picked":["Masterful Stab","Deflect"],"picked":"Dagger Spray"},{"not_picked":["Skewer","Backflip"],"picked":"PiercingWail"},{"not_picked":["Skewer","Backflip"],"picked":"Flying Knee"},{"not_picked":["Reflex","Predator"],"picked":"Quick Slash"},{"not_picked":["Predator","Sucker Punch"],"picked":"Cloak And Dagger"},{"not_picked":["All Out Attack","Outmaneuver"],"picked":"Escape Plan"},{"not_picked":["Adrenaline","Envenom"],"picked":"Phantasmal Killer"},{"not_picked":["Poisoned Stab","Eviscerate"],"picked":"Blade Dance"},{"not_picked":["Quick Slash","Skewer"],"picked":"Catalyst"}],"player_experience":144147,"potions_floor_usage":[6,11,13,16,16,31,33,33,33,40,41],"damage_taken":[{"damage":0.0,"enemies":"Cultist","floor":1.0,"turns":5.0},{"damage":0.0,"enemies":"JawWorm","floor":2.0,"turns":3.0},{"damage":2.0,"enemies":"Blue Slaver","floor":4.0,"turns":5.0},{"damage":33.0,"enemies":"Sentries","floor":6.0,"turns":7.0},{"damage":2.0,"enemies":"TwoFungiBeasts","floor":8.0,"turns":4.0},{"damage":7.0,"enemies":"Exordium Wildlife","floor":10.0,"turns":6.0},{"damage":17.0,"enemies":"Red Slaver","floor":11.0,"turns":5.0},{"damage":3.0,"enemies":"Gremlins","floor":13.0,"turns":5.0},{"damage":0.0,"enemies":"Slime","floor":14.0,"turns":5.0},{"damage":72.0,"enemies":"Hexaghost","floor":16.0,"turns":11.0},{"damage":3.0,"enemies":"Chosen","floor":18.0,"turns":4.0},{"damage":8.0,"enemies":"3_Byrds","floor":19.0,"turns":5.0},{"damage":2.0,"enemies":"HealerTank","floor":24.0,"turns":8.0},{"damage":11.0,"enemies":"Murder of Cultists","floor":25.0,"turns":5.0},{"damage":0.0,"enemies":"SnakePlant","floor":27.0,"turns":5.0},{"damage":16.0,"enemies":"Chosen and Flock","floor":28.0,"turns":6.0},{"damage":13.0,"enemies":"Snecko","floor":29.0,"turns":5.0},{"damage":15.0,"enemies":"SnakePlant","floor":31.0,"turns":4.0},{"damage":95.0,"enemies":"Champ","floor":33.0,"turns":15.0},{"damage":14.0,"enemies":"Darkling Encounter","floor":35.0,"turns":6.0},{"damage":17.0,"enemies":"Ancient Shapes Weak","floor":36.0,"turns":5.0},{"damage":9,"enemies":"Darkling Encounter","floor":39,"turns":4},{"damage":42,"enemies":"Maw","floor":40,"turns":9},{"damage":20,"enemies":"sphere and 2 shapes","floor":41,"turns":3}],"event_choices":[{"event_name":"The Cleric","player_choice":"Card Removal","floor":3.0,"damage_taken":0.0},{"event_name":"Scrap Ooze","player_choice":"success","floor":5.0,"damage_taken":7.0},{"event_name":"The Library","player_choice":"Read","floor":21.0,"damage_taken":0.0},{"event_name":"Vampires","player_choice":"Became a vampire (Vial)","floor":22.0,"damage_taken":0.0},{"event_name":"Back to Basics","player_choice":"Elegance","floor":30.0,"damage_taken":0.0},{"event_name":"Mysterious Sphere","player_choice":"Ignore","floor":38.0,"damage_taken":0.0}],"boss_relics":[],"potions_floor_spawned":[2,8,10,11,14,19,24,29,31,39,40],"seed_played":"4184107397144421893","killed_by":"sphere and 2 shapes","is_trial":false}