{"path_per_floor":["M","?","?","M","M","E","R","M","T","R","M","$","?","M","R","B",null,"M","?","?","$","M","R","M","T","T","M","M","M","M","M","R","B",null,"M","?","M","$","M","R","?","M","T","$","?","M","M","M","R"],"is_cheater":false,"character_chosen":"THE_SILENT","items_purchased":["Apotheosis","Caltrops","Ornamental Fan","Letter Opener"],"gold_per_floor":[214,214,214,227,245,276,276,286,286,286,301,38,38,49,49,146,146,157,57,57,7,24,24,39,39,289,299,314,334,348,365,365,464,464,476,476,489,249,263,263,263,274,274,24,24,38,51,65,65],"floor_reached":50,"campfire_rested":5,"playtime":4070,"current_hp_per_floor":[66,66,66,66,64,24,45,45,45,45,43,43,43,43,64,70,70,70,70,70,70,70,70,66,66,66,66,66,59,56,44,65,33,70,58,58,58,58,39,60,60,52,66,66,66,52,56,58,83],"items_purged":["Strike_G","Strike_G","Writhe"],"gold":65,"play_id":"207499ea-e17d-49f7-ba3a-bdef7f00a574","is_prod":false,"is_daily":false,"campfire_rituals":0,"campfire_upgraded":0,"potions_floor_combined":[],"is_hardmode":false,"path_taken":["M","?","?","M","M","E","R","M","T","R","?","$","?","M","R","BOSS","M","?","?","?","M","R","M","?","T","?","M","M","M","M","R","BOSS","M","?","M","$","M","R","?","M","T","$","?","M","M","M","R","BOSS"],"build_version":"[EARLY_ACCESS_006] (11-30-2017)","purchased_purges":4,"victory":false,"master_deck":["Defend_G","Defend_G","Defend_G","Strike_G","Strike_G","Survivor","Neutralize","Dagger Spray","All Out Attack","Dagger Throw","Phantasmal Killer","Cloak And Dagger","Apotheosis","Caltrops","Quick Slash","Adrenaline","Backflip","Dagger Spray","Flying Knee","Blade Dance","Dash","Blur","Slice","Deflect","Bullet Time","Choke","Choke","Dagger Throw","Escape Plan","Cloak And Dagger","Madness","Madness","Noxious Fumes","Predator","Caltrops"],"max_hp_per_floor":[70,70,70,70,70,70,70,70,70,70,70,70,70,70,70,70,70,70,70,70,70,70,70,70,70,70,70,70,70,70,70,70,70,70,70,70,70,70,70,70,70,70,84,84,84,84,84,84,84],"relics":["Ring of the Snake","Shovel","Smiling Mask","Bag of Preparation","Sozu","Discerning Monocle","Ginger","Bird Faced Urn","Old Coin","Astrolabe","Ornamental Fan","Mango","Letter Opener"],"campfire_meditates":0,"card_choices":[{"not_picked":["Crippling Poison","Deadly Poison"],"picked":"Dagger Spray"},{"not_picked":["Heel Hook","Terror"],"picked":"All Out Attack"},{"not_picked":["Acrobatics","Riddle With Holes"],"picked":"Dagger Throw"},{"not_picked":["Masterful Stab","Underhanded Strike"],"picked":"Phantasmal Killer"},{"not_picked":["Dodge and Roll","Terror"],"picked":"Cloak And Dagger"},{"not_picked":["Distraction","Flying Knee"],"picked":"Quick Slash"},{"not_picked":["Storm of Steel","Phantasmal Killer"],"picked":"Adrenaline"},{"not_picked":["Acrobatics","Outmaneuver"],"picked":"Backflip"},{"not_picked":["Flying Knee","Outmaneuver"],"picked":"Dagger Spray"},{"not_picked":["Slice","Cloak And Dagger"],"picked":"Flying Knee"},{"not_picked":["Reflex","Backstab"],"picked":"Blade Dance"},{"not_picked":["Adrenaline","Crippling Poison"],"picked":"Dash"},{"not_picked":["Accuracy","Infinite Blades"],"picked":"Blur"},{"not_picked":["Sucker Punch","Acrobatics"],"picked":"Slice"},{"not_picked":["Choke","Bane"],"picked":"Deflect"},{"not_picked":["Envenom","Tactician"],"picked":"Bullet Time"},{"not_picked":["Reflex","Dash"],"picked":"Escape Plan"},{"not_picked":["Catalyst","Acrobatics"],"picked":"Cloak And Dagger"},{"not_picked":["Acrobatics","Deflect"],"picked":"Noxious Fumes"},{"not_picked":["Outmaneuver","Prepared"],"picked":"Predator"},{"not_picked":["Quick Slash","Finisher"],"picked":"Caltrops"}],"player_experience":126833,"potions_floor_usage":[6,16,16],"damage_taken":[{"damage":4,"enemies":"JawWorm","floor":1,"turns":7},{"damage":0,"enemies":"Cultist","floor":4,"turns":3},{"damage":2,"enemies":"Blue Slaver","floor":5,"turns":5},{"damage":49,"enemies":"GremlinNob","floor":6,"turns":5},{"damage":0,"enemies":"Louse","floor":8,"turns":2},{"damage":2,"enemies":"Exordium Wildlife","floor":11,"turns":4},{"damage":0,"enemies":"Red Slaver","floor":14,"turns":2},{"damage":0,"enemies":"SlimeBoss","floor":16,"turns":7},{"damage":0,"enemies":"SphericGuardian","floor":18,"turns":3},{"damage":0,"enemies":"Shelled Parasite","floor":22,"turns":2},{"damage":4,"enemies":"SnakePlant","floor":24,"turns":3},{"damage":0,"enemies":"Murder of Cultists","floor":27,"turns":4},{"damage":2,"enemies":"City Ancients","floor":28,"turns":3},{"damage":9,"enemies":"SnakePlant","floor":29,"turns":3},{"damage":5,"enemies":"Snecko","floor":30,"turns":6},{"damage":12,"enemies":"HealerTank","floor":31,"turns":3},{"damage":34,"enemies":"TheCollector","floor":33,"turns":8},{"damage":12,"enemies":"Ancient Shapes Weak","floor":35,"turns":3},{"damage":0,"enemies":"Orb Walker","floor":37,"turns":1},{"damage":21,"enemies":"Maw","floor":39,"turns":7},{"damage":10,"enemies":"Darkling Encounter","floor":42,"turns":4},{"damage":16,"enemies":"Ancient Shapes","floor":46,"turns":4},{"damage":0,"enemies":"sphere and 2 shapes","floor":47,"turns":2},{"damage":2,"enemies":"Maw","floor":48,"turns":7},{"damage":52,"enemies":"TimeEater","floor":50,"turns":7}],"event_choices":[{"event_name":"Golden Wing","player_choice":"Ignored","floor":2,"damage_taken":0},{"event_name":"Liars Game","player_choice":"disagreed","floor":3,"damage_taken":0},{"event_name":"Living Wall","player_choice":"Grow","floor":13,"damage_taken":0},{"event_name":"Drug Dealer","player_choice":"Got JAXXED","floor":19,"damage_taken":0},{"event_name":"Addict","player_choice":"Gave JAX","floor":20,"damage_taken":0},{"event_name":"Tomb of Lord Red Mask","player_choice":"Ignored","floor":36,"damage_taken":0},{"event_name":"Winding Halls","player_choice":"Embrace Madness","floor":41,"damage_taken":0},{"event_name":"Mysterious Sphere","player_choice":"Ignore","floor":45,"damage_taken":0}],"boss_relics":[{"not_picked":["Question Card","Calling Bell"],"picked":"Sozu"},{"not_picked":["Orrery","White Beast Statue"],"picked":"Astrolabe"}],"potions_floor_spawned":[5,11,14,16,18,27,29,30,31,39,46,48],"seed_played":"-5613668778848164783","killed_by":"TimeEater","is_trial":false}