{"path_per_floor":["M","?","M","?","?","E","M","R","T","R","M","$","?","M","R","B",null,"M","T","$","?","M","R","M","M","T","R","M","R","E","$","R","B",null,"M","$","?","?","M","R","M","$","T"],"is_cheater":false,"character_chosen":"THE_SILENT","items_purchased":["Mercury Hourglass","Footwork","Cloak And Dagger","Panache","Lee\u0027s Waffle"],"gold_per_floor":[109,109,133,133,203,487,502,502,502,502,515,71,71,84,84,210,210,233,233,53,53,67,67,80,104,131,131,152,152,188,44,44,163,163,188,88,0,0,23,23,37,37,37],"floor_reached":44,"campfire_rested":3,"playtime":3228,"current_hp_per_floor":[70,56,55,55,55,36,32,53,53,53,53,53,53,53,70,47,70,65,65,65,65,60,60,59,59,59,59,41,62,40,77,77,22,77,68,68,68,68,68,68,8,8,8],"items_purged":["Defend_G","Strike_G"],"gold":37,"play_id":"96559ccc-8e0e-473f-ade2-ac566b44dbf3","is_prod":false,"is_daily":false,"campfire_rituals":0,"campfire_upgraded":2,"potions_floor_combined":[],"is_hardmode":false,"path_taken":["M","?","M","?","?","E","M","R","T","R","M","$","?","M","R","BOSS","M","?","?","?","M","R","M","M","T","R","M","R","E","$","R","BOSS","M","?","?","?","M","R","?","?","T","?"],"build_version":"[EARLY_ACCESS_006] (11-30-2017)","purchased_purges":3,"victory":false,"master_deck":["Defend_G","Defend_G","Defend_G","Defend_G","Strike_G","Strike_G","Strike_G","Strike_G","Survivor","Neutralize","PiercingWail","Choke","Dagger Spray","Calculated Gamble","Footwork","Cloak And Dagger","Flying Knee","Slice","Backflip","Quick Slash","Concentrate","Choke","Panache","Backflip","Unload","Dagger Throw","Dagger Spray","After Image","Infinite Blades","Madness","Madness","Writhe","Deflect"],"max_hp_per_floor":[70,70,70,70,70,70,70,70,70,70,70,70,70,70,70,70,70,70,70,70,70,70,70,70,70,70,70,70,70,70,77,77,77,77,77,77,77,77,77,77,77,77,77],"relics":["Ring of the Snake","Golden Idol","Old Coin","Girya","Mercury Hourglass","Orrery","Torii","Oddly Smooth Stone","Ginger","Lee\u0027s Waffle","Runic Pyramid","Red Mask","Happy Flower"],"campfire_meditates":0,"card_choices":[{"not_picked":["Deflect","Crippling Poison"],"picked":"PiercingWail"},{"not_picked":["Bane","Outmaneuver"],"picked":"Choke"},{"not_picked":["Blade Dance","Concentrate"],"picked":"Dagger Spray"},{"not_picked":["Poisoned Stab","Die Die Die"],"picked":"Calculated Gamble"},{"not_picked":["Reflex","Sucker Punch"],"picked":"Flying Knee"},{"not_picked":["Setup","Dodge and Roll"],"picked":"Slice"},{"not_picked":["Acrobatics","Well Laid Plans"],"picked":"Backflip"},{"not_picked":["Dagger Spray","Sucker Punch"],"picked":"Quick Slash"},{"not_picked":["Underhanded Strike","Flying Knee"],"picked":"Concentrate"},{"not_picked":["Heel Hook","Finisher"],"picked":"Choke"},{"not_picked":["Quick Slash","Setup"],"picked":"Backflip"},{"not_picked":["Dodge and Roll","Calculated Gamble"],"picked":"Unload"},{"not_picked":["Poisoned Stab","Crippling Poison"],"picked":"Dagger Throw"},{"not_picked":["Cloak And Dagger","Backflip"],"picked":"Dagger Spray"},{"not_picked":["Die Die Die","Grand Finale"],"picked":"After Image"},{"not_picked":["Dagger Throw","Prepared"],"picked":"Infinite Blades"},{"not_picked":["Setup","Dagger Spray"],"picked":"Deflect"}],"player_experience":149681,"potions_floor_usage":[11,14,16,22,28,30,33,35],"damage_taken":[{"damage":0,"enemies":"JawWorm","floor":1,"turns":4},{"damage":1,"enemies":"Cultist","floor":3,"turns":4},{"damage":19,"enemies":"GremlinNob","floor":6,"turns":5},{"damage":4,"enemies":"Blue Slaver","floor":7,"turns":5},{"damage":0,"enemies":"Gremlins","floor":11,"turns":4},{"damage":0,"enemies":"Slime","floor":14,"turns":4},{"damage":23,"enemies":"Hexaghost","floor":16,"turns":11},{"damage":5,"enemies":"3_Byrds","floor":18,"turns":5},{"damage":5,"enemies":"SphericGuardian","floor":22,"turns":5},{"damage":1,"enemies":"Chosen and Flock","floor":24,"turns":4},{"damage":0,"enemies":"Snecko","floor":25,"turns":3},{"damage":18,"enemies":"HealerTank","floor":28,"turns":4},{"damage":22,"enemies":"Gremlin Leader Combat","floor":30,"turns":6},{"damage":55,"enemies":"BronzeAutomaton","floor":33,"turns":11},{"damage":9,"enemies":"Darkling Encounter","floor":35,"turns":5},{"damage":0,"enemies":"Orb Walker","floor":39,"turns":4},{"damage":60,"enemies":"sphere and 2 shapes","floor":41,"turns":5},{"damage":0,"enemies":"Darkling Encounter","floor":44,"turns":2}],"event_choices":[{"event_name":"Golden Idol","player_choice":"Take Damage","floor":2,"damage_taken":0},{"event_name":"Liars Game","player_choice":"disagreed","floor":4,"damage_taken":0},{"event_name":"Golden Wing","player_choice":"Gained Gold","floor":5,"damage_taken":0},{"event_name":"Shining Light","player_choice":"Ignored","floor":13,"damage_taken":0},{"event_name":"Beggar","player_choice":"Ignored","floor":21,"damage_taken":0},{"event_name":"Tomb of Lord Red Mask","player_choice":"Paid","floor":37,"damage_taken":0},{"event_name":"Winding Halls","player_choice":"Embrace Madness","floor":38,"damage_taken":0}],"boss_relics":[{"not_picked":["Runic Dome","The Specimen"],"picked":"Orrery"},{"not_picked":["Velvet Choker","Sozu"],"picked":"Runic Pyramid"}],"potions_floor_spawned":[6,7,11,16,18,22,30,33,35],"seed_played":"6046022697057183045","killed_by":"Darkling Encounter","is_trial":false}