{"path_per_floor":["M","M","M","M","?","R","E","M","T","M","$","R","$","M","R","B",null,"M","M","M","$","M","R","M","?","T","?","M","M"],"is_cheater":false,"character_chosen":"THE_SILENT","items_purchased":["Anchor","Cloak And Dagger"],"gold_per_floor":[114,133,143,162,162,162,196,214,238,249,57,57,7,17,17,115,115,125,138,150,75,86,86,100,100,100,80,90,108],"floor_reached":30,"campfire_rested":4,"playtime":3395,"current_hp_per_floor":[70,67,60,52,52,70,42,41,41,37,37,58,58,49,70,38,70,70,67,42,42,28,49,41,41,41,41,36,14],"items_purged":["Strike_G"],"gold":108,"play_id":"d00bb36c-d966-445f-b52b-55a4acd338f2","is_prod":false,"is_daily":false,"campfire_rituals":0,"campfire_upgraded":0,"potions_floor_combined":[],"is_hardmode":false,"path_taken":["M","M","M","M","?","R","E","M","T","M","$","R","$","?","R","BOSS","M","M","M","$","M","R","M","?","T","?","M","M","M"],"build_version":"[EARLY_ACCESS_006] (11-30-2017)","purchased_purges":1,"victory":false,"master_deck":["Defend_G","Defend_G","Defend_G","Defend_G","Defend_G","Strike_G","Strike_G","Strike_G","Strike_G","Survivor","Neutralize","Dagger Throw","Backflip","Poisoned Stab","Predator","Deflect","Dagger Throw","Quick Slash","Cloak And Dagger","Slice","After Image","Finisher","Masterful Stab","Dagger Spray","Slice","Escape Plan","Decay","PiercingWail","Cloak And Dagger"],"max_hp_per_floor":[70,70,70,70,70,70,70,70,70,70,70,70,70,70,70,70,70,70,70,70,70,70,70,70,70,70,70,70,70],"relics":["Ring of the Snake","Bronze Scales","Pen Nib","Anchor","White Beast Statue","Peace Pipe"],"campfire_meditates":0,"card_choices":[{"not_picked":["Acrobatics","Outmaneuver"],"picked":"Dagger Throw"},{"not_picked":["Riddle With Holes","Outmaneuver"],"picked":"Backflip"},{"not_picked":["Slice","Leg Sweep"],"picked":"Poisoned Stab"},{"not_picked":["Poisoned Stab","Endless Agony"],"picked":"Predator"},{"not_picked":["Escape Plan","Accuracy"],"picked":"Deflect"},{"not_picked":["Bouncing Flask","Malaise"],"picked":"Dagger Throw"},{"not_picked":["Die Die Die","Well Laid Plans"],"picked":"Quick Slash"},{"not_picked":["Blade Dance","Outmaneuver"],"picked":"Slice"},{"not_picked":["Tools of the Trade","Wraith Form"],"picked":"After Image"},{"not_picked":["Riddle With Holes","Dodge and Roll"],"picked":"Finisher"},{"not_picked":["Terror","Slice"],"picked":"Masterful Stab"},{"not_picked":["Quick Slash","Bane"],"picked":"Dagger Spray"},{"not_picked":["Choke","Acrobatics"],"picked":"Slice"},{"not_picked":["Prepared","Endless Agony"],"picked":"Escape Plan"},{"not_picked":["Backflip","Blade Dance"],"picked":"PiercingWail"},{"not_picked":["Choke","Quick Slash"],"picked":"Cloak And Dagger"}],"player_experience":96917,"potions_floor_usage":[4,16,16,18,19,22,24,24,28,28,29,30],"damage_taken":[{"damage":0,"enemies":"Cultist","floor":1,"turns":3},{"damage":3,"enemies":"Blue Slaver","floor":2,"turns":4},{"damage":7,"enemies":"Looter","floor":3,"turns":4},{"damage":8,"enemies":"Slime","floor":4,"turns":9},{"damage":28,"enemies":"Sentries","floor":7,"turns":10},{"damage":1,"enemies":"TwoFungiBeasts","floor":8,"turns":3},{"damage":4,"enemies":"Exordium Thugs","floor":10,"turns":6},{"damage":9,"enemies":"Gremlins","floor":14,"turns":4},{"damage":32,"enemies":"TheGuardian","floor":16,"turns":8},{"damage":0,"enemies":"3_Byrds","floor":18,"turns":4},{"damage":3,"enemies":"SphericGuardian","floor":19,"turns":5},{"damage":25,"enemies":"HealerTank","floor":20,"turns":8},{"damage":14,"enemies":"Snecko","floor":22,"turns":5},{"damage":8,"enemies":"Murder of Cultists","floor":24,"turns":6},{"damage":5,"enemies":"Chosen and Flock","floor":28,"turns":6},{"damage":22,"enemies":"City Ancients","floor":29,"turns":6},{"damage":0,"enemies":"Snecko","floor":30,"turns":3}],"event_choices":[{"event_name":"Liars Game","player_choice":"disagreed","floor":5,"damage_taken":0},{"event_name":"Forgotten Altar","player_choice":"Smashed Altar","floor":25,"damage_taken":0},{"event_name":"The Woman in Blue","player_choice":"Bought 1 Potion","floor":27,"damage_taken":0}],"boss_relics":[{"not_picked":["Eternal Feather","Velvet Choker"],"picked":"White Beast Statue"}],"potions_floor_spawned":[2,10,14,16,18,19,20,22,24,28,29],"seed_played":"-3712775328702762086","killed_by":"Snecko","is_trial":false}