{"path_per_floor":["M","M","?","M","M","R","M","M","T","E","R","$","?","M","R","B",null,"M","M","?","M","M","R","$","R","T","?","?","R","E","?","R","B",null,"M","?","M","M","M"],"is_cheater":false,"character_chosen":"THE_SILENT","items_purchased":["Blade Dance","Tough Bandages"],"gold_per_floor":[119,132,132,142,159,159,175,188,188,215,215,102,177,194,194,294,294,314,325,325,341,355,355,17,17,41,41,41,41,67,67,67,167,197,215,215,227,245,263],"floor_reached":40,"campfire_rested":6,"playtime":5092,"current_hp_per_floor":[68,61,58,58,54,70,68,68,68,65,65,65,54,54,70,47,70,62,38,38,38,30,51,51,70,70,70,61,75,61,61,75,44,80,80,80,69,51,43],"items_purged":["Defend_G","PiercingWail"],"gold":263,"play_id":"f7a54e4a-ae63-4509-b402-fd407fcaa3fa","is_prod":false,"is_daily":false,"campfire_rituals":0,"campfire_upgraded":1,"potions_floor_combined":[],"is_hardmode":false,"path_taken":["M","M","?","M","M","R","M","M","T","E","R","?","?","M","R","BOSS","M","M","?","M","M","R","$","R","T","?","?","R","E","?","R","BOSS","M","?","M","M","M","E"],"build_version":"[EARLY_ACCESS_006] (11-30-2017)","purchased_purges":2,"victory":false,"master_deck":["Defend_G","Defend_G","Defend_G","Defend_G","Strike_G","Strike_G","Strike_G","Strike_G","Strike_G","Survivor","Neutralize","Poisoned Stab","Dagger Spray","Calculated Gamble","Predator","Footwork","Backflip","Dash","Blade Dance","Deflect","Tools of the Trade","Dash","Dagger Throw","PiercingWail","All Out Attack","Dagger Throw","Adrenaline","Footwork","Dodge and Roll","Quick Slash","Leg Sweep","Dagger Throw"],"max_hp_per_floor":[70,70,70,70,70,70,70,70,70,70,70,70,70,70,70,70,70,70,70,70,70,70,70,70,70,70,70,75,75,75,75,75,75,80,80,80,80,80,80],"relics":["Ring of the Snake","Juzu Bracelet","Omamori","Frozen Egg","Happy Flower","Sozu","Blood Vial","Tough Bandages","Regal Pillow","Dream Catcher","Tiny House"],"campfire_meditates":0,"card_choices":[{"not_picked":["Wraith Form","Acrobatics"],"picked":"Poisoned Stab"},{"not_picked":["Riddle With Holes","Quick Slash"],"picked":"Dagger Spray"},{"not_picked":["Dodge and Roll","Skewer"],"picked":"Calculated Gamble"},{"not_picked":["Backstab","Endless Agony"],"picked":"Predator"},{"not_picked":["Quick Slash","Cloak And Dagger"],"picked":"Footwork"},{"not_picked":["Bouncing Flask","Prepared"],"picked":"Backflip"},{"not_picked":["Crippling Poison","Blur"],"picked":"Dash"},{"not_picked":["Well Laid Plans","Reflex"],"picked":"Deflect"},{"not_picked":["Glass Knife","Tactician"],"picked":"Tools of the Trade"},{"not_picked":["Malaise","Masterful Stab"],"picked":"PiercingWail"},{"not_picked":["Flying Knee","PiercingWail"],"picked":"Dash"},{"not_picked":["Leg Sweep","Underhanded Strike"],"picked":"Dagger Throw"},{"not_picked":["Poisoned Stab","Acrobatics"],"picked":"PiercingWail"},{"not_picked":["Cloak And Dagger","Outmaneuver"],"picked":"Dagger Throw"},{"not_picked":["Tools of the Trade","Tactician"],"picked":"Adrenaline"},{"not_picked":["Deadly Poison","Poisoned Stab"],"picked":"Footwork"},{"not_picked":["Outmaneuver","Reflex"],"picked":"Dodge and Roll"},{"not_picked":["Backflip","Poisoned Stab"],"picked":"Quick Slash"},{"not_picked":["Acrobatics","Poisoned Stab"],"picked":"Leg Sweep"},{"not_picked":["Blade Dance","Quick Slash"],"picked":"Dagger Throw"}],"player_experience":106398,"potions_floor_usage":[10,10],"damage_taken":[{"damage":2.0,"enemies":"JawWorm","floor":1.0,"turns":5.0},{"damage":7.0,"enemies":"Blue Slaver","floor":2.0,"turns":5.0},{"damage":0.0,"enemies":"Cultist","floor":4.0,"turns":3.0},{"damage":4.0,"enemies":"Exordium Wildlife","floor":5.0,"turns":4.0},{"damage":2.0,"enemies":"Slime","floor":7.0,"turns":5.0},{"damage":0.0,"enemies":"Louse","floor":8.0,"turns":2.0},{"damage":3.0,"enemies":"GremlinNob","floor":10.0,"turns":4.0},{"damage":0.0,"enemies":"Red Slaver","floor":14.0,"turns":5.0},{"damage":23.0,"enemies":"TheGuardian","floor":16.0,"turns":12.0},{"damage":8.0,"enemies":"City Looters","floor":18.0,"turns":4.0},{"damage":24.0,"enemies":"Chosen","floor":19.0,"turns":5.0},{"damage":2.0,"enemies":"HealerTank","floor":21.0,"turns":7.0},{"damage":10.0,"enemies":"Murder of Cultists","floor":22.0,"turns":7.0},{"damage":14.0,"enemies":"SlaverBoss","floor":30.0,"turns":6.0},{"damage":31.0,"enemies":"BronzeAutomaton","floor":33.0,"turns":18.0},{"damage":0,"enemies":"Darkling Encounter","floor":35,"turns":6},{"damage":11,"enemies":"Ancient Shapes Weak","floor":37,"turns":5},{"damage":20,"enemies":"Darkling Encounter","floor":38,"turns":7},{"damage":10,"enemies":"Ancient Shapes","floor":39,"turns":5},{"damage":52,"enemies":"Nemesis","floor":40,"turns":9}],"event_choices":[{"event_name":"Scrap Ooze","player_choice":"success","floor":3.0,"damage_taken":3.0},{"event_name":"World of Goop","player_choice":"Gather Gold","floor":13.0,"damage_taken":0.0},{"event_name":"Accursed Blacksmith","player_choice":"Rummage","floor":20.0,"damage_taken":0.0},{"event_name":"The Library","player_choice":"Read","floor":27.0,"damage_taken":0.0},{"event_name":"Forgotten Altar","player_choice":"Shed Blood","floor":28.0,"damage_taken":0.0},{"event_name":"Back to Basics","player_choice":"Simplicity","floor":31.0,"damage_taken":0.0},{"event_name":"The Lab","player_choice":"Got Potions","floor":36,"damage_taken":0}],"boss_relics":[],"potions_floor_spawned":[4,5,7,8,19,33,37,38],"seed_played":"5100249106186196064","killed_by":"Nemesis","is_trial":false}