{"path_per_floor":["M","M","?","M","M","E","M","R","T","?","M","R","M","$","R","B",null,"M","$","$","M","M","?","R","M","T","$","R","$","?","M","R","B",null,"M","?","$","M","?","E","R","M","T","?","M","M","R","?","R"],"is_cheater":false,"character_chosen":"THE_SILENT","items_purchased":["PiercingWail","Caltrops","Noxious Fumes"],"gold_per_floor":[113,126,126,145,162,193,203,203,203,153,165,165,184,64,64,165,165,181,1,1,13,31,31,31,43,89,56,56,56,56,67,67,171,201,220,220,95,112,112,147,147,161,161,161,173,192,192,0,0],"floor_reached":50,"campfire_rested":6,"playtime":6938,"current_hp_per_floor":[75,75,75,73,73,51,51,74,74,74,74,74,74,74,74,52,77,77,77,77,72,55,55,77,65,65,65,65,65,65,58,77,22,82,38,38,38,36,36,28,52,17,17,72,41,24,45,45,66],"items_purged":["Strike_G","Defend_G","Pain"],"gold":0,"play_id":"7ff629ba-9f8c-4a91-a400-b8ad97a8223f","is_prod":false,"is_daily":false,"campfire_rituals":0,"campfire_upgraded":3,"potions_floor_combined":[],"is_hardmode":false,"path_taken":["M","M","?","M","M","E","?","R","T","?","M","R","M","$","R","BOSS","M","$","?","M","M","?","R","M","T","$","R","?","?","?","R","BOSS","M","?","$","M","?","E","R","?","T","?","M","M","R","?","R","BOSS"],"build_version":"[EARLY_ACCESS_006] (11-30-2017)","purchased_purges":4,"victory":false,"master_deck":["Defend_G","Defend_G","Defend_G","Strike_G","Strike_G","Strike_G","Strike_G","Survivor","Neutralize","Dagger Throw","Dash","Leg Sweep","Bouncing Flask","Cloak And Dagger","Poisoned Stab","Escape Plan","Catalyst","PiercingWail","Bullet Time","Predator","Caltrops","Bane","Cloak And Dagger","Noxious Fumes","Finisher","Envenom","Dodge and Roll","Dagger Spray","Dagger Spray","Dagger Spray","After Image","Parasite","Deflect","Backflip"],"max_hp_per_floor":[77,77,77,77,77,77,77,77,77,77,77,77,77,77,77,77,77,77,77,77,77,77,77,77,77,77,77,77,77,77,77,77,77,82,82,82,82,82,82,82,82,82,82,72,72,72,72,72,72],"relics":["Ring of the Snake","Toxic Egg","Thread and Needle","Cursed Key","Omamori","Matryoshka","Tiny House","Gremlin Horn","Blood Vial","Vajra","Red Mask"],"campfire_meditates":0,"card_choices":[{"not_picked":["Noxious Fumes","Dodge and Roll"],"picked":"Dagger Throw"},{"not_picked":["Underhanded Strike","Flying Knee"],"picked":"Dash"},{"not_picked":["Prepared","Terror"],"picked":"Leg Sweep"},{"not_picked":["Dodge and Roll","Reflex"],"picked":"Bouncing Flask"},{"not_picked":["Reflex","Leg Sweep"],"picked":"Cloak And Dagger"},{"not_picked":["Backflip","Deadly Poison"],"picked":"Poisoned Stab"},{"not_picked":["Outmaneuver","Accuracy"],"picked":"Escape Plan"},{"not_picked":["Underhanded Strike","Sucker Punch"],"picked":"Catalyst"},{"not_picked":["Storm of Steel","Burst"],"picked":"Bullet Time"},{"not_picked":["Acrobatics","Dash"],"picked":"Predator"},{"not_picked":["Blade Dance","Quick Slash"],"picked":"Bane"},{"not_picked":["Outmaneuver","Dodge and Roll"],"picked":"Cloak And Dagger"},{"not_picked":["Noxious Fumes","Heel Hook"],"picked":"Finisher"},{"not_picked":["Unload","Glass Knife"],"picked":"Envenom"},{"not_picked":["Poisoned Stab","Sucker Punch"],"picked":"Dodge and Roll"},{"not_picked":["Cloak And Dagger","Infinite Blades"],"picked":"Dagger Spray"},{"not_picked":["Heel Hook","Quick Slash"],"picked":"Dagger Spray"},{"not_picked":["Prepared","Underhanded Strike"],"picked":"Dagger Spray"},{"not_picked":["Crippling Poison","Deadly Poison"],"picked":"After Image"},{"not_picked":["Bouncing Flask","PiercingWail"],"picked":"Deflect"},{"not_picked":["Poisoned Stab","PiercingWail"],"picked":"Backflip"}],"player_experience":81744,"potions_floor_usage":[6,16,16,22,33,35,40,42,42,45,50],"damage_taken":[{"damage":2.0,"enemies":"JawWorm","floor":1.0,"turns":5.0},{"damage":0.0,"enemies":"Looter","floor":2.0,"turns":3.0},{"damage":2.0,"enemies":"Blue Slaver","floor":4.0,"turns":4.0},{"damage":0.0,"enemies":"Louse","floor":5.0,"turns":4.0},{"damage":35.0,"enemies":"Sentries","floor":6.0,"turns":8.0},{"damage":0.0,"enemies":"TwoFungiBeasts","floor":7.0,"turns":3.0},{"damage":0.0,"enemies":"Exordium Wildlife","floor":11.0,"turns":4.0},{"damage":0.0,"enemies":"Slime","floor":13.0,"turns":7.0},{"damage":22.0,"enemies":"SlimeBoss","floor":16.0,"turns":13.0},{"damage":0.0,"enemies":"3_Byrds","floor":18.0,"turns":5.0},{"damage":5.0,"enemies":"Chosen","floor":21.0,"turns":5.0},{"damage":17.0,"enemies":"City Thugs","floor":22.0,"turns":6.0},{"damage":12.0,"enemies":"HealerTank","floor":25.0,"turns":6.0},{"damage":7.0,"enemies":"Murder of Cultists","floor":31.0,"turns":5.0},{"damage":55.0,"enemies":"BronzeAutomaton","floor":33.0,"turns":10.0},{"damage":44,"enemies":"Darkling Encounter","floor":35,"turns":6},{"damage":2,"enemies":"Orb Walker","floor":38,"turns":3},{"damage":8,"enemies":"Double Orb Walker","floor":40,"turns":4},{"damage":35,"enemies":"Ancient Shapes","floor":42,"turns":5},{"damage":31,"enemies":"sphere and 2 shapes","floor":45,"turns":6},{"damage":19,"enemies":"Darkling Encounter","floor":46,"turns":4},{"damage":63,"enemies":"Donu and Deca","floor":50,"turns":6}],"event_choices":[{"event_name":"Golden Idol","player_choice":"Ignored","floor":3.0,"damage_taken":0.0},{"event_name":"The Cleric","player_choice":"Card Removal","floor":10.0,"damage_taken":0.0},{"event_name":"Drug Dealer","player_choice":"Ignored","floor":23.0,"damage_taken":0.0},{"event_name":"The Mausoleum","player_choice":"Yes","floor":30.0,"damage_taken":0.0},{"event_name":"Mysterious Sphere","player_choice":"Ignore","floor":36,"damage_taken":0},{"event_name":"Accursed Blacksmith","player_choice":"Ignore","floor":39,"damage_taken":0},{"event_name":"The Moai Head","player_choice":"Heal","floor":44,"damage_taken":0},{"event_name":"Tomb of Lord Red Mask","player_choice":"Paid","floor":48,"damage_taken":0}],"boss_relics":[{"not_picked":["Calling Bell","Orrery"],"picked":"Tiny House"}],"potions_floor_spawned":[1,5,13,21,22,25,35,40,42,45],"seed_played":"-4354256592611782077","killed_by":"Donu and Deca","is_trial":false}