{"path_per_floor":["M","M","M","$","?","E","R","M","T","R","M","M","?","M","R","B",null,"M","M","?","M","$","?","M","T","T","M","M","R"],"is_cheater":false,"character_chosen":"THE_SILENT","items_purchased":["Noxious Fumes","Cloak And Dagger","Bullet Time"],"gold_per_floor":[114,130,147,13,113,140,140,155,182,182,196,213,233,248,248,343,343,363,374,319,330,106,106,126,126,126,137,153,153],"floor_reached":30,"campfire_rested":3,"playtime":2729,"current_hp_per_floor":[64,62,62,62,62,62,62,57,57,70,67,62,52,51,70,44,70,70,62,62,46,46,46,37,37,37,20,9,30],"items_purged":["Strike_G"],"gold":153,"play_id":"250230b5-8727-4329-8a08-ff621ea0e5dd","is_prod":false,"is_daily":false,"campfire_rituals":0,"campfire_upgraded":1,"potions_floor_combined":[],"is_hardmode":false,"path_taken":["M","M","M","$","?","E","R","M","T","R","M","M","?","M","R","BOSS","M","M","?","M","$","?","M","?","T","?","M","R","M"],"build_version":"[EARLY_ACCESS_006] (11-30-2017)","purchased_purges":2,"victory":false,"master_deck":["Defend_G","Defend_G","Defend_G","Defend_G","Strike_G","Strike_G","Strike_G","Strike_G","Survivor","Neutralize","Predator","Slice","Backflip","Noxious Fumes","Cloak And Dagger","Prepared","Dash","PiercingWail","Flying Knee","A Thousand Cuts","Flying Knee","All Out Attack","After Image","Dodge and Roll","Cloak And Dagger","Dagger Spray","Bullet Time","Writhe","Blur","All Out Attack","Escape Plan","Dagger Throw"],"max_hp_per_floor":[70,70,70,70,70,70,70,70,70,70,70,70,70,70,70,70,70,70,70,70,70,70,70,70,70,70,70,70,70],"relics":["Ring of the Snake","Prayer Wheel","Bronze Scales","Odd Mushroom","Sozu","Tiny Chest","Anchor","Bag of Marbles","Ice Cream"],"campfire_meditates":0,"card_choices":[{"not_picked":["Heel Hook","Prepared"],"picked":"Predator"},{"not_picked":["Deadly Poison","Acrobatics"],"picked":"Slice"},{"not_picked":["Masterful Stab","Riddle With Holes"],"picked":"Backflip"},{"not_picked":["Storm of Steel","Unload"],"picked":"Prepared"},{"not_picked":["Skewer","Terror"],"picked":"Dash"},{"not_picked":["Poisoned Stab","Flying Knee"],"picked":"PiercingWail"},{"not_picked":["PiercingWail","Deflect"],"picked":"Flying Knee"},{"not_picked":["Finisher","Quick Slash"],"picked":"A Thousand Cuts"},{"not_picked":["Poisoned Stab","Underhanded Strike"],"picked":"Flying Knee"},{"not_picked":["Flying Knee","Sucker Punch"],"picked":"All Out Attack"},{"not_picked":["Corpse Explosion","Phantasmal Killer"],"picked":"After Image"},{"not_picked":["Bane","Flying Knee"],"picked":"Dodge and Roll"},{"not_picked":["Predator","Outmaneuver"],"picked":"Cloak And Dagger"},{"not_picked":["Sucker Punch","Slice"],"picked":"Dagger Spray"},{"not_picked":["Acrobatics","Backflip"],"picked":"Blur"},{"not_picked":["Infinite Blades","Backstab"],"picked":"All Out Attack"},{"not_picked":["Underhanded Strike","Reflex"],"picked":"Escape Plan"},{"not_picked":["Quick Slash","Flying Knee"],"picked":"Dagger Throw"}],"player_experience":117045,"potions_floor_usage":[6,11,16],"damage_taken":[{"damage":6.0,"enemies":"Blue Slaver","floor":1.0,"turns":5.0},{"damage":2.0,"enemies":"Looter","floor":2.0,"turns":3.0},{"damage":0.0,"enemies":"Cultist","floor":3.0,"turns":3.0},{"damage":0.0,"enemies":"GremlinNob","floor":6.0,"turns":3.0},{"damage":5.0,"enemies":"Slime","floor":8.0,"turns":8.0},{"damage":3.0,"enemies":"Gremlins","floor":11.0,"turns":2.0},{"damage":5.0,"enemies":"Exordium Thugs","floor":12.0,"turns":4.0},{"damage":10.0,"enemies":"The Mushroom Lair","floor":13.0,"turns":3.0},{"damage":1.0,"enemies":"TwoFungiBeasts","floor":14.0,"turns":3.0},{"damage":26.0,"enemies":"SlimeBoss","floor":16.0,"turns":6.0},{"damage":0,"enemies":"3_Byrds","floor":18,"turns":3},{"damage":8,"enemies":"Chosen","floor":19,"turns":5},{"damage":16,"enemies":"HealerTank","floor":21,"turns":8},{"damage":9,"enemies":"Snecko","floor":24,"turns":5},{"damage":17,"enemies":"SnakePlant","floor":27,"turns":5},{"damage":11,"enemies":"HealerTank","floor":28,"turns":4},{"damage":17,"enemies":"Chosen and Flock","floor":30,"turns":7}],"event_choices":[{"event_name":"Golden Shrine","player_choice":"Pray","floor":5.0,"damage_taken":0.0},{"event_name":"Mushrooms","player_choice":"Fought Mushrooms","floor":13.0,"damage_taken":0.0},{"event_name":"Addict","player_choice":"Obtained Relic","floor":20,"damage_taken":0},{"event_name":"The Mausoleum","player_choice":"Yes","floor":23,"damage_taken":0}],"boss_relics":[{"not_picked":["Ectoplasm","Tiny House"],"picked":"Sozu"}],"potions_floor_spawned":[1,2,11,16,18,28],"seed_played":"-1343442764949114517","killed_by":"Chosen and Flock","is_trial":false}