{"path_per_floor":["M","M","$","M","?","E","R","E","T","M","R","?","?","M","R","B",null,"M","?","M","$","M","R","E","R","T","M","R","M","?","T","R","B",null,"M","M","M","$","$","R","?","R","T","M","R","M","?","M","R"],"character_chosen":"THE_SILENT","items_purchased":["Sadistic Nature","Accuracy","Frozen Egg"],"gold_per_floor":[111,128,53,64,64,96,96,128,158,178,178,253,253,273,273,369,369,385,385,397,26,42,42,69,69,69,86,86,103,103,157,157,262,262,277,296,311,186,30,30,30,30,30,47,47,64,64,77,77],"floor_reached":50,"campfire_rested":9,"playtime":5436,"current_hp_per_floor":[66,65,65,64,57,37,70,29,29,15,51,40,33,28,64,48,70,70,70,54,54,39,70,53,70,70,58,58,46,46,46,70,4,70,70,63,53,53,53,53,43,70,70,55,70,63,63,55,70],"items_purged":["Strike_G","Defend_G","Defend_G"],"gold":77,"play_id":"1c3d1eb0-1116-4c71-b47a-141432df3e2c","is_prod":false,"is_daily":false,"campfire_rituals":0,"campfire_upgraded":2,"is_hardmode":false,"path_taken":["M","M","$","M","?","E","R","E","T","M","R","?","?","M","R","BOSS","M","?","?","$","M","R","E","R","T","M","R","M","?","?","R","BOSS","M","M","?","?","$","R","?","R","T","M","R","?","?","M","R","BOSS"],"build_version":"2017-12-21-PROD1","purchased_purges":3,"victory":false,"master_deck":["Defend_G","Strike_G","Strike_G","Survivor","Neutralize","Skewer","A Thousand Cuts","Poisoned Stab","Caltrops","Leg Sweep","Adrenaline","Cloak And Dagger","PiercingWail","Prepared","Infinite Blades","Adrenaline","Distraction","Bullet Time","Crippling Poison","Poisoned Stab","Backflip","Sadistic Nature","Accuracy","Choke","Backflip","Slice","Deflect","Prepared","Glass Knife","Dagger Spray","Envenom","Quick Slash","Deflect","Terror","Madness","Madness","Backflip","Decay","Leg Sweep","Cloak And Dagger"],"max_hp_per_floor":[70,70,70,70,70,70,70,70,70,70,70,70,70,70,70,70,70,70,70,70,70,70,70,70,70,70,70,70,70,70,70,70,70,70,70,70,70,70,70,70,70,70,70,70,70,70,70,70,70],"relics":["Ring of the Snake","Dream Catcher","Regal Pillow","Happy Flower","Du-Vu Doll","Tiny Chest","Astrolabe","Frozen Eye","Unceasing Top","Orichalcum","Cursed Key","Frozen Egg","Tingsha"],"campfire_meditates":0,"card_choices":[{"not_picked":["Poisoned Stab","Prepared"],"picked":"Skewer"},{"not_picked":["PiercingWail","Dagger Spray"],"picked":"A Thousand Cuts"},{"not_picked":["Bane","Quick Slash"],"picked":"Poisoned Stab"},{"not_picked":["Bouncing Flask","Well Laid Plans"],"picked":"Caltrops"},{"not_picked":["Accuracy","Dagger Spray"],"picked":"Leg Sweep"},{"not_picked":["Escape Plan","Deadly Poison"],"picked":"Adrenaline"},{"not_picked":["Bane","Deflect"],"picked":"Cloak And Dagger"},{"not_picked":["Flying Knee","Slice"],"picked":"PiercingWail"},{"not_picked":["Skewer","Setup"],"picked":"Prepared"},{"not_picked":["Deadly Poison","Outmaneuver"],"picked":"Infinite Blades"},{"not_picked":["Burst","Glass Knife"],"picked":"Adrenaline"},{"not_picked":["Underhanded Strike","Flying Knee"],"picked":"Poisoned Stab"},{"not_picked":["Cloak And Dagger","Underhanded Strike"],"picked":"Backflip"},{"not_picked":["PiercingWail","Tactician"],"picked":"Choke"},{"not_picked":["Acrobatics","Malaise"],"picked":"Backflip"},{"not_picked":["Riddle With Holes","Dagger Throw"],"picked":"Slice"},{"not_picked":["Underhanded Strike","Dagger Throw"],"picked":"Deflect"},{"not_picked":["Slice","Well Laid Plans"],"picked":"Prepared"},{"not_picked":["Dagger Throw","Catalyst"],"picked":"Glass Knife"},{"not_picked":["Deadly Poison","Underhanded Strike"],"picked":"Dagger Spray"},{"not_picked":["Tools of the Trade","Tactician"],"picked":"Envenom"},{"not_picked":["Setup","Eviscerate"],"picked":"Quick Slash"},{"not_picked":["Heel Hook","Acrobatics"],"picked":"Deflect"},{"not_picked":["Flechettes","Well Laid Plans"],"picked":"Terror"},{"not_picked":["Blade Dance","Terror"],"picked":"Backflip"},{"not_picked":["Bouncing Flask","Dagger Spray"],"picked":"Cloak And Dagger"}],"player_experience":322284,"potions_floor_usage":[48,50,50],"damage_taken":[{"damage":4.0,"enemies":"Looter","floor":1.0,"turns":4.0},{"damage":1.0,"enemies":"Jaw Worm","floor":2.0,"turns":5.0},{"damage":1.0,"enemies":"Cultist","floor":4.0,"turns":5.0},{"damage":20.0,"enemies":"Gremlin Nob","floor":6.0,"turns":4.0},{"damage":41.0,"enemies":"3 Sentries","floor":8.0,"turns":5.0},{"damage":14.0,"enemies":"3 Louse","floor":10.0,"turns":3.0},{"damage":5.0,"enemies":"Large Slime","floor":14.0,"turns":6.0},{"damage":16.0,"enemies":"The Guardian","floor":16.0,"turns":11.0},{"damage":0.0,"enemies":"3 Byrds","floor":18.0,"turns":4.0},{"damage":16.0,"enemies":"2 Thieves","floor":20.0,"turns":3.0},{"damage":15.0,"enemies":"3 Cultists","floor":22.0,"turns":6.0},{"damage":17.0,"enemies":"Slavers","floor":24.0,"turns":4.0},{"damage":12.0,"enemies":"Chosen and Byrds","floor":27.0,"turns":5.0},{"damage":12.0,"enemies":"Sentry and Sphere","floor":29.0,"turns":5.0},{"damage":66.0,"enemies":"Champ","floor":33.0,"turns":10.0},{"damage":0.0,"enemies":"Orb Walker","floor":35.0,"turns":3.0},{"damage":7.0,"enemies":"3 Shapes","floor":36.0,"turns":4.0},{"damage":10.0,"enemies":"3 Darklings","floor":37.0,"turns":3.0},{"damage":15,"enemies":"Maw","floor":44,"turns":6},{"damage":7,"enemies":"Sphere and 2 Shapes","floor":46,"turns":5},{"damage":8,"enemies":"3 Darklings","floor":48,"turns":4},{"damage":97,"enemies":"Time Eater","floor":50,"turns":11}],"event_choices":[{"event_name":"Scrap Ooze","player_choice":"success","floor":5.0,"damage_taken":7.0},{"event_name":"World of Goop","player_choice":"Gather Gold","floor":12.0,"damage_taken":0.0},{"event_name":"Golden Wing","player_choice":"Card Removal","floor":13.0,"damage_taken":0.0},{"event_name":"The Lab","player_choice":"Got Potions","floor":19.0,"damage_taken":0.0},{"event_name":"Drug Dealer","player_choice":"Ignored","floor":30.0,"damage_taken":0.0},{"event_name":"Winding Halls","player_choice":"Embrace Madness","floor":41,"damage_taken":0},{"event_name":"Duplicator","player_choice":"One dupe","floor":47,"damage_taken":0}],"boss_relics":[],"potions_floor_spawned":[1,8,14,16,18,22,24,29,36,44,46,48],"seed_played":"-2777859335869196620","killed_by":"Time Eater","is_trial":false}