{"path_per_floor":["M","$","M","?","?","R","M","M","T","E","R","?","R","M","R","B",null,"M","$","?","M","M","R","E","M","T","?","?","$","R","M","R","B",null,"M","?","M","$","M","E","M","?","T","M","T","R","M","M","R"],"character_chosen":"THE_SILENT","items_purchased":["Accuracy","Infinite Blades","Prepared"],"gold_per_floor":[111,36,46,46,46,46,56,76,101,130,130,205,205,221,221,321,321,331,155,155,171,184,184,246,257,257,172,97,21,21,36,36,131,131,151,151,164,14,33,59,72,72,72,89,115,115,132,142,142],"floor_reached":50,"campfire_rested":5,"playtime":5435,"current_hp_per_floor":[70,70,66,66,66,66,66,64,64,50,50,39,60,60,60,46,70,66,66,66,64,36,57,37,25,25,25,25,25,61,36,70,43,70,67,67,63,63,52,28,11,60,60,53,53,53,53,48,60],"items_purged":["Strike_G","Defend_G","Eviscerate"],"gold":142,"play_id":"699cd921-ec40-431a-8ca8-fe29119e041b","is_prod":false,"is_daily":false,"campfire_rituals":0,"campfire_upgraded":4,"is_hardmode":false,"path_taken":["M","$","M","?","?","R","M","M","T","E","R","?","R","M","R","BOSS","M","$","?","M","M","R","E","M","T","?","?","?","R","M","R","BOSS","M","?","M","$","M","E","M","?","T","?","?","R","M","M","R","BOSS"],"build_version":"2017-12-21-PROD1","purchased_purges":3,"victory":false,"master_deck":["Defend_G","Defend_G","Strike_G","Strike_G","Strike_G","Survivor","Neutralize","Backstab","Cloak And Dagger","Cloak And Dagger","Dagger Spray","Deflect","Footwork","Adrenaline","PiercingWail","Accuracy","Accuracy","All Out Attack","Cloak And Dagger","Infinite Blades","Infinite Blades","Phantasmal Killer","After Image","Deflect","Caltrops","Prepared","Calculated Gamble","Blur","Escape Plan"],"max_hp_per_floor":[70,70,70,70,70,70,70,70,70,70,70,70,70,70,70,70,70,70,70,70,70,70,70,70,70,70,70,70,70,70,70,70,70,70,70,70,70,70,70,70,70,60,60,60,60,60,60,60,60],"relics":["Ring of the Snake","Toxic Egg","Letter Opener","Black Star","Tiny Chest","Regal Pillow","Gambling Chip","Gremlin Horn","Astrolabe","The Courier","Tough Bandages","Prayer Wheel","Bronze Scales"],"campfire_meditates":0,"card_choices":[{"not_picked":["Slice","Setup"],"picked":"Backstab"},{"not_picked":["Catalyst","Dagger Throw"],"picked":"Cloak And Dagger"},{"not_picked":["Backstab","Quick Slash"],"picked":"Deflect"},{"not_picked":["Finisher","Flechettes"],"picked":"Footwork"},{"not_picked":["Phantasmal Killer","Envenom"],"picked":"Adrenaline"},{"not_picked":["Well Laid Plans","Prepared"],"picked":"PiercingWail"},{"not_picked":["Underhanded Strike","Calculated Gamble"],"picked":"All Out Attack"},{"not_picked":["Finisher","Heel Hook"],"picked":"Cloak And Dagger"},{"not_picked":["Deflect","Sucker Punch"],"picked":"Tools of the Trade"},{"not_picked":["Dodge and Roll","Prepared"],"picked":"Infinite Blades"},{"not_picked":["Bullet Time","Envenom"],"picked":"Phantasmal Killer"},{"not_picked":["Quick Slash","Dagger Throw"],"picked":"Caltrops"},{"not_picked":["Flying Knee","Deadly Poison"],"picked":"Calculated Gamble"},{"not_picked":["Terror","Acrobatics"],"picked":"Blur"},{"not_picked":["Accuracy","Sucker Punch"],"picked":"Escape Plan"}],"player_experience":357209,"potions_floor_usage":[18,21,31,33,37,39,40,40,44],"damage_taken":[{"damage":0,"enemies":"Cultist","floor":1,"turns":3},{"damage":4,"enemies":"Blue Slaver","floor":3,"turns":7},{"damage":0,"enemies":"Looter","floor":7,"turns":3},{"damage":2,"enemies":"Large Slime","floor":8,"turns":5},{"damage":14,"enemies":"Lagavulin","floor":10,"turns":8},{"damage":0,"enemies":"Lots of Slimes","floor":14,"turns":1},{"damage":14,"enemies":"The Guardian","floor":16,"turns":15},{"damage":4,"enemies":"Chosen","floor":18,"turns":8},{"damage":2,"enemies":"3 Byrds","floor":21,"turns":6},{"damage":28,"enemies":"Sentry and Sphere","floor":22,"turns":7},{"damage":20,"enemies":"Gremlin Leader","floor":24,"turns":8},{"damage":12,"enemies":"3 Cultists","floor":25,"turns":5},{"damage":25,"enemies":"Slaver and Parasite","floor":31,"turns":4},{"damage":27,"enemies":"Collector","floor":33,"turns":9},{"damage":3,"enemies":"Orb Walker","floor":35,"turns":5},{"damage":4,"enemies":"3 Darklings","floor":37,"turns":3},{"damage":18,"enemies":"Sphere and 2 Shapes","floor":39,"turns":4},{"damage":39,"enemies":"2 Orb Walkers","floor":40,"turns":6},{"damage":17,"enemies":"Maw","floor":41,"turns":8},{"damage":7,"enemies":"4 Shapes","floor":44,"turns":5},{"damage":0,"enemies":"Sphere and 2 Shapes","floor":47,"turns":5},{"damage":5,"enemies":"Maw","floor":48,"turns":7},{"damage":61,"enemies":"Time Eater","floor":50,"turns":12}],"event_choices":[{"event_name":"Match and Keep!","player_choice":"2 cards matched","floor":4,"damage_taken":0},{"event_name":"Upgrade Shrine","player_choice":"Upgraded","floor":5,"damage_taken":0},{"event_name":"World of Goop","player_choice":"Gather Gold","floor":12,"damage_taken":0},{"event_name":"The Library","player_choice":"Read","floor":20,"damage_taken":0},{"event_name":"Addict","player_choice":"Obtained Relic","floor":27,"damage_taken":0},{"event_name":"Beggar","player_choice":"Gave Gold","floor":28,"damage_taken":0},{"event_name":"The Lab","player_choice":"Got Potions","floor":36,"damage_taken":0},{"event_name":"The Moai Head","player_choice":"Heal","floor":42,"damage_taken":0}],"boss_relics":[{"not_picked":["The Specimen","White Beast Statue"],"picked":"Black Star"},{"not_picked":["Philosopher\u0027s Stone","Runic Dome"],"picked":"Astrolabe"}],"potions_floor_spawned":[1,7,25,31,35,39,40,41],"seed_played":"7700195750679057781","killed_by":"Time Eater","is_trial":false}