{"path_per_floor":["M","M","?","M","M","R","E","R","T","M","?","?","?","M","R","B",null,"M","M","?","M"],"character_chosen":"THE_SILENT","items_purchased":[],"gold_per_floor":[115,130,130,143,161,161,191,191,191,209,189,189,189,202,202,300,300,320,335,335,353],"floor_reached":22,"campfire_rested":3,"playtime":1630,"current_hp_per_floor":[66,66,71,64,60,75,52,74,74,74,74,67,67,62,75,55,75,53,38,38,15],"items_purged":[],"gold":353,"play_id":"f10de5ef-d70c-4cc8-88c6-6c1dea86eb05","is_prod":false,"is_daily":false,"campfire_rituals":0,"campfire_upgraded":0,"is_hardmode":false,"path_taken":["M","M","?","M","M","R","E","R","T","M","?","?","?","M","R","BOSS","M","M","?","M","?"],"build_version":"2017-12-21-PROD1","purchased_purges":0,"victory":false,"master_deck":["Defend_G","Defend_G","Defend_G","Defend_G","Defend_G","Strike_G","Strike_G","Strike_G","Strike_G","Strike_G","Survivor","Neutralize","Flying Knee","Poisoned Stab","Predator","PiercingWail","Dagger Spray","Noxious Fumes","Dodge and Roll","Phantasmal Killer","Cloak And Dagger","Prepared"],"max_hp_per_floor":[70,70,75,75,75,75,75,75,75,75,75,75,75,75,75,75,75,75,75,75,75],"relics":["Ring of the Snake","Whetstone","Bronze Scales","Ice Cream","Eternal Feather"],"campfire_meditates":0,"card_choices":[{"not_picked":["Underhanded Strike","PiercingWail"],"picked":"Flying Knee"},{"not_picked":["Dodge and Roll","Flying Knee"],"picked":"Poisoned Stab"},{"not_picked":["Deflect","Choke"],"picked":"Predator"},{"not_picked":["Doppelganger","Prepared"],"picked":"PiercingWail"},{"not_picked":["Quick Slash","Dodge and Roll"],"picked":"Dagger Spray"},{"not_picked":["Escape Plan","Slice"],"picked":"Noxious Fumes"},{"not_picked":["Flying Knee","Acrobatics"],"picked":"Dodge and Roll"},{"not_picked":["Tactician","Doppelganger"],"picked":"Phantasmal Killer"},{"not_picked":["Prepared","Quick Slash"],"picked":"Cloak And Dagger"},{"not_picked":["Calculated Gamble","Riddle With Holes"],"picked":"Prepared"}],"player_experience":229189,"potions_floor_usage":[7,16,18,18],"damage_taken":[{"damage":4,"enemies":"Looter","floor":1,"turns":3},{"damage":0,"enemies":"Jaw Worm","floor":2,"turns":3},{"damage":7,"enemies":"Blue Slaver","floor":4,"turns":5},{"damage":4,"enemies":"Exordium Wildlife","floor":5,"turns":4},{"damage":23,"enemies":"Lagavulin","floor":7,"turns":7},{"damage":0,"enemies":"3 Louse","floor":10,"turns":2},{"damage":5,"enemies":"Red Slaver","floor":14,"turns":3},{"damage":35,"enemies":"The Guardian","floor":16,"turns":9},{"damage":28,"enemies":"2 Thieves","floor":18,"turns":3},{"damage":15,"enemies":"Chosen","floor":19,"turns":6},{"damage":23,"enemies":"3 Cultists","floor":21,"turns":7},{"damage":0,"enemies":"Snecko","floor":22,"turns":1}],"event_choices":[{"event_name":"Big Fish","player_choice":"Donut","floor":3,"damage_taken":0},{"event_name":"The Woman in Blue","player_choice":"Bought 1 Potion","floor":11,"damage_taken":0},{"event_name":"Wheel of Change","player_choice":"Damage","floor":12,"damage_taken":0},{"event_name":"Golden Idol","player_choice":"Ignored","floor":13,"damage_taken":0},{"event_name":"Back to Basics","player_choice":"Simplicity","floor":20,"damage_taken":0}],"boss_relics":[{"not_picked":["Astrolabe","Question Card"],"picked":"Eternal Feather"}],"potions_floor_spawned":[5,10,16,21],"seed_played":"7011544719393042596","killed_by":"Snecko","is_trial":false}