{"path_per_floor":["M","?","M","?","M","E","$","R","T","M","R","E","M","M","R","B",null,"M"],"character_chosen":"THE_SILENT","items_purchased":[],"gold_per_floor":[109,109,129,79,89,122,47,47,47,57,57,387,405,420,420,519,519,534],"floor_reached":19,"campfire_rested":2,"playtime":1729,"current_hp_per_floor":[65,65,62,62,62,36,36,57,57,57,57,46,43,43,64,27,70,46],"items_purged":["Strike_G"],"gold":534,"play_id":"aacee60d-79ae-4db8-80e8-1b7ff772993f","is_prod":false,"is_daily":false,"campfire_rituals":0,"campfire_upgraded":1,"is_hardmode":false,"path_taken":["M","?","M","?","M","E","$","R","T","M","R","E","M","M","R","BOSS","M","M"],"build_version":"2017-12-21-PROD1","purchased_purges":1,"victory":false,"master_deck":["Defend_G","Defend_G","Defend_G","Defend_G","Strike_G","Strike_G","Strike_G","Strike_G","Survivor","Neutralize","Predator","PiercingWail","Quick Slash","Distraction","Leg Sweep","Cloak And Dagger","Burst","Choke","Backflip","Blade Dance","Well Laid Plans","PiercingWail","Riddle With Holes"],"max_hp_per_floor":[70,70,70,70,70,70,70,70,70,70,70,70,70,70,70,70,70,70],"relics":["Ring of the Snake","Ornamental Fan","Gambling Chip","Old Coin","Orrery"],"campfire_meditates":0,"card_choices":[{"not_picked":["Dagger Throw","Outmaneuver"],"picked":"Predator"},{"not_picked":["Predator","Sucker Punch"],"picked":"PiercingWail"},{"not_picked":["Finisher","Dodge and Roll"],"picked":"Quick Slash"},{"not_picked":["Finisher","Underhanded Strike"],"picked":"Distraction"},{"not_picked":["Dodge and Roll","Backflip"],"picked":"Leg Sweep"},{"not_picked":["Choke","Prepared"],"picked":"Cloak And Dagger"},{"not_picked":["Wraith Form","Corpse Explosion"],"picked":"Burst"},{"not_picked":["Outmaneuver","Setup"],"picked":"Choke"},{"not_picked":["Malaise","Dodge and Roll"],"picked":"Backflip"},{"not_picked":["Well Laid Plans","Underhanded Strike"],"picked":"Blade Dance"},{"not_picked":["Poisoned Stab","Deflect"],"picked":"Well Laid Plans"},{"not_picked":["Terror","Dagger Throw"],"picked":"PiercingWail"},{"not_picked":["Noxious Fumes","Dodge and Roll"],"picked":"Riddle With Holes"}],"player_experience":346617,"potions_floor_usage":[],"damage_taken":[{"damage":5.0,"enemies":"Looter","floor":1.0,"turns":4.0},{"damage":3.0,"enemies":"Blue Slaver","floor":3.0,"turns":3.0},{"damage":0.0,"enemies":"Cultist","floor":5.0,"turns":3.0},{"damage":26.0,"enemies":"Lagavulin","floor":6.0,"turns":5.0},{"damage":0.0,"enemies":"2 Fungi Beasts","floor":10.0,"turns":2.0},{"damage":11.0,"enemies":"Gremlin Nob","floor":12.0,"turns":4.0},{"damage":3.0,"enemies":"Large Slime","floor":13.0,"turns":7.0},{"damage":0.0,"enemies":"3 Louse","floor":14.0,"turns":2.0},{"damage":37.0,"enemies":"Hexaghost","floor":16.0,"turns":16.0},{"damage":24,"enemies":"Spheric Guardian","floor":18,"turns":8},{"damage":4,"enemies":"Shell Parasite","floor":19,"turns":4}],"event_choices":[{"event_name":"Upgrade Shrine","player_choice":"Upgraded","floor":2.0,"damage_taken":0.0},{"event_name":"The Cleric","player_choice":"Card Removal","floor":4.0,"damage_taken":0.0}],"boss_relics":[{"not_picked":["Question Card","Snecko Eye"],"picked":"Orrery"}],"potions_floor_spawned":[5,10,13,18],"seed_played":"-7235534479253722266","killed_by":"Shell Parasite","is_trial":false}