{"path_per_floor":["M","M","?","M","?","R","E","R","T","$","R","E","M","T","R","B",null,"M","?","T","M"],"character_chosen":"THE_SILENT","items_purchased":["Terror","Madness"],"gold_per_floor":[111,125,200,218,291,291,321,321,346,105,105,133,147,192,192,289,319,332,332,382,394],"floor_reached":22,"campfire_rested":2,"playtime":1603,"current_hp_per_floor":[70,69,58,56,56,56,42,63,63,63,63,40,40,40,61,29,75,48,32,32,12],"items_purged":["Strike_G"],"gold":394,"play_id":"eb6eee51-abec-44f4-a103-4264ff9dbd4c","is_prod":false,"is_daily":false,"campfire_rituals":0,"campfire_upgraded":2,"is_hardmode":false,"path_taken":["M","M","?","?","?","R","E","R","T","$","R","E","?","?","R","BOSS","M","?","?","M","M"],"build_version":"2017-12-21-PROD1","purchased_purges":1,"victory":false,"master_deck":["Defend_G","Defend_G","Defend_G","Defend_G","Defend_G","Strike_G","Strike_G","Strike_G","Strike_G","Survivor","Neutralize","Flechettes","Dagger Spray","All Out Attack","After Image","Terror","Madness","A Thousand Cuts","Escape Plan","PiercingWail","Riddle With Holes"],"max_hp_per_floor":[70,70,70,70,70,70,70,70,70,70,70,70,70,70,70,70,75,75,75,75,75],"relics":["Ring of the Snake","Ornamental Fan","Bag of Marbles","Oddly Smooth Stone","Orichalcum","Tiny House","Nilry\u0027s Codex","Lantern"],"campfire_meditates":0,"card_choices":[{"not_picked":["Deadly Poison","Underhanded Strike"],"picked":"Flechettes"},{"not_picked":["Finisher","Acrobatics"],"picked":"Dagger Spray"},{"not_picked":["Catalyst","Bane"],"picked":"All Out Attack"},{"not_picked":["Bane","Reflex"],"picked":"After Image"},{"not_picked":["Tools of the Trade","Bullet Time"],"picked":"A Thousand Cuts"},{"not_picked":["Heel Hook","Deadly Poison"],"picked":"Escape Plan"},{"not_picked":["Underhanded Strike","Setup"],"picked":"PiercingWail"},{"not_picked":["Bouncing Flask","Poisoned Stab"],"picked":"Riddle With Holes"}],"player_experience":341712,"potions_floor_usage":[7,7,13,22],"damage_taken":[{"damage":0,"enemies":"Jaw Worm","floor":1,"turns":5},{"damage":1,"enemies":"Cultist","floor":2,"turns":3},{"damage":2,"enemies":"Looter","floor":4,"turns":4},{"damage":29,"enemies":"Lagavulin","floor":7,"turns":7},{"damage":23,"enemies":"Gremlin Nob","floor":12,"turns":6},{"damage":0,"enemies":"Lots of Slimes","floor":13,"turns":2},{"damage":32,"enemies":"The Guardian","floor":16,"turns":12},{"damage":27,"enemies":"2 Thieves","floor":18,"turns":5},{"damage":20,"enemies":"Spheric Guardian","floor":21,"turns":7},{"damage":0,"enemies":"Centurion and Healer","floor":22,"turns":3}],"event_choices":[{"event_name":"World of Goop","player_choice":"Gather Gold","floor":3,"damage_taken":0},{"event_name":"Golden Wing","player_choice":"Gained Gold","floor":5,"damage_taken":0},{"event_name":"Cursed Tome","player_choice":"Obtained Book","floor":19,"damage_taken":0}],"boss_relics":[{"not_picked":["The Specimen","Philosopher\u0027s Stone"],"picked":"Tiny House"}],"potions_floor_spawned":[1,4,12,21],"seed_played":"-5894627705972271206","killed_by":"Centurion and Healer","is_trial":false}