{"path_per_floor":["M","M","M","?","M","R","E","R","T","M","?","$","M","M","R","B",null,"M","$","M","?","M","R","M","R","T","R","?","?","M","M","R","B",null,"M","M","?","M","?","R","$","?","T","R","M","M","M","M","R"],"character_chosen":"THE_SILENT","items_purchased":["Bane","Ornamental Fan","Toolbox"],"gold_per_floor":[117,132,149,149,163,163,196,196,196,216,316,5,23,40,40,136,136,150,75,90,90,103,103,114,114,114,114,114,114,127,146,146,241,241,258,275,275,291,291,291,35,35,35,35,46,59,77,89,89],"floor_reached":50,"campfire_rested":8,"playtime":5670,"current_hp_per_floor":[68,66,65,65,55,70,60,60,60,60,60,60,55,55,70,32,70,58,58,37,37,28,64,49,49,49,70,70,70,38,37,70,9,70,69,68,58,10,10,46,46,46,46,70,41,35,23,4,40],"items_purged":["Defend_G"],"gold":89,"play_id":"947ec308-e8ad-434e-b185-c3b74c372915","is_prod":false,"is_daily":false,"campfire_rituals":0,"campfire_upgraded":2,"is_hardmode":false,"path_taken":["M","M","M","?","M","R","E","R","T","M","?","$","M","M","R","BOSS","M","$","M","?","M","R","M","R","T","R","?","?","?","M","R","BOSS","M","M","?","M","?","R","$","?","T","R","M","M","?","M","R","BOSS"],"build_version":"2017-12-21-PROD1","purchased_purges":2,"victory":false,"master_deck":["Defend_G","Defend_G","Defend_G","Defend_G","Strike_G","Strike_G","Strike_G","Strike_G","Survivor","Neutralize","Flying Knee","Prepared","Cloak And Dagger","Noxious Fumes","Heel Hook","PiercingWail","Bane","Bane","Blur","After Image","Dash","Wraith Form","All Out Attack","PiercingWail","Dagger Throw","Glass Knife","Dagger Spray","Madness","Madness","Deflect","Leg Sweep","Deflect"],"max_hp_per_floor":[70,70,70,70,70,70,70,70,70,70,70,70,70,70,70,70,70,70,70,70,70,70,70,70,70,70,70,70,70,70,70,70,70,70,70,70,70,70,70,70,70,70,70,70,70,70,70,70,70],"relics":["Ring of the Snake","Regal Pillow","Unceasing Top","Ornamental Fan","Sozu","Torii","The Specimen","Toolbox","Dead Branch"],"campfire_meditates":0,"card_choices":[{"not_picked":["Outmaneuver","Underhanded Strike"],"picked":"Flying Knee"},{"not_picked":["Concentrate","Slice"],"picked":"Prepared"},{"not_picked":["Sucker Punch","Riddle With Holes"],"picked":"Cloak And Dagger"},{"not_picked":["Catalyst","Dagger Throw"],"picked":"Noxious Fumes"},{"not_picked":["Dagger Throw","Malaise"],"picked":"Heel Hook"},{"not_picked":["Setup","Burst"],"picked":"PiercingWail"},{"not_picked":["Sucker Punch","Dagger Spray"],"picked":"Bane"},{"not_picked":["Malaise","Reflex"],"picked":"Blur"},{"not_picked":["A Thousand Cuts","Tactician"],"picked":"After Image"},{"not_picked":["Underhanded Strike","Quick Slash"],"picked":"Dash"},{"not_picked":["Quick Slash","Prepared"],"picked":"Wraith Form"},{"not_picked":["Riddle With Holes","Blur"],"picked":"All Out Attack"},{"not_picked":["Underhanded Strike","Well Laid Plans"],"picked":"PiercingWail"},{"not_picked":["Crippling Poison","Underhanded Strike"],"picked":"Dagger Throw"},{"not_picked":["Die Die Die","Grand Finale"],"picked":"Glass Knife"},{"not_picked":["Prepared","Endless Agony"],"picked":"Dagger Spray"},{"not_picked":["Acrobatics","Backflip"],"picked":"Blade Dance"},{"not_picked":["Sucker Punch","Accuracy"],"picked":"Deflect"},{"not_picked":["Infinite Blades","Sucker Punch"],"picked":"Leg Sweep"},{"not_picked":["Noxious Fumes","Slice"],"picked":"Deflect"}],"player_experience":261899,"potions_floor_usage":[7,10,16],"damage_taken":[{"damage":2,"enemies":"Looter","floor":1,"turns":5},{"damage":2,"enemies":"Jaw Worm","floor":2,"turns":5},{"damage":1,"enemies":"Cultist","floor":3,"turns":4},{"damage":10,"enemies":"Lots of Slimes","floor":5,"turns":8},{"damage":10,"enemies":"Lagavulin","floor":7,"turns":9},{"damage":0,"enemies":"Exordium Thugs","floor":10,"turns":5},{"damage":5,"enemies":"Large Slime","floor":13,"turns":5},{"damage":0,"enemies":"3 Louse","floor":14,"turns":3},{"damage":38,"enemies":"Slime Boss","floor":16,"turns":12},{"damage":12,"enemies":"Chosen","floor":18,"turns":6},{"damage":21,"enemies":"Spheric Guardian","floor":20,"turns":6},{"damage":9,"enemies":"Snake Plant","floor":22,"turns":6},{"damage":15,"enemies":"Centurion and Healer","floor":24,"turns":7},{"damage":32,"enemies":"Slaver and Parasite","floor":30,"turns":8},{"damage":1,"enemies":"Chosen and Byrds","floor":31,"turns":6},{"damage":61,"enemies":"Collector","floor":33,"turns":13},{"damage":1,"enemies":"3 Darklings","floor":35,"turns":5},{"damage":1,"enemies":"Orb Walker","floor":36,"turns":4},{"damage":48,"enemies":"Maw","floor":38,"turns":10},{"damage":29,"enemies":"4 Shapes","floor":45,"turns":4},{"damage":6,"enemies":"Sphere and 2 Shapes","floor":46,"turns":7},{"damage":12,"enemies":"Maw","floor":47,"turns":11},{"damage":19,"enemies":"4 Shapes","floor":48,"turns":8},{"damage":45,"enemies":"Awakened One","floor":50,"turns":12}],"event_choices":[{"event_name":"Living Wall","player_choice":"Forget","floor":4,"damage_taken":0},{"event_name":"Golden Shrine","player_choice":"Pray","floor":11,"damage_taken":0},{"event_name":"Drug Dealer","player_choice":"Ignored","floor":21,"damage_taken":0},{"event_name":"Cursed Tome","player_choice":"Ignored","floor":28,"damage_taken":0},{"event_name":"Vampires","player_choice":"Ignored","floor":29,"damage_taken":0},{"event_name":"Winding Halls","player_choice":"Embrace Madness","floor":37,"damage_taken":0},{"event_name":"Tomb of Lord Red Mask","player_choice":"Ignored","floor":39,"damage_taken":0}],"boss_relics":[{"not_picked":["Runic Pyramid","Ectoplasm"],"picked":"Sozu"},{"not_picked":["Cursed Key","Runic Dome"],"picked":"The Specimen"}],"potions_floor_spawned":[3,7,10,16,22,31,33,36,46,48],"seed_played":"-7227989138700566618","killed_by":"Awakened One","is_trial":false}