{"path_per_floor":["M","$","?","?","M","E","M","R","T","M","$","E","R","?","R","B",null,"M","?","?","$","?","R"],"character_chosen":"THE_SILENT","items_purchased":["Footwork","Mind Blast","Noxious Fumes"],"gold_per_floor":[115,36,36,36,49,82,95,95,95,112,22,57,57,57,57,162,162,181,181,181,39,39,39],"floor_reached":24,"campfire_rested":3,"playtime":2500,"current_hp_per_floor":[61,61,61,61,59,36,36,57,57,54,54,42,63,63,63,35,70,49,49,49,49,49,70],"items_purged":["Tools of the Trade"],"gold":39,"play_id":"cf86a3bb-6178-48bb-9c77-aa4a4df9f044","is_prod":false,"is_daily":false,"campfire_rituals":0,"campfire_upgraded":0,"is_hardmode":false,"path_taken":["M","$","?","?","M","E","M","R","T","M","$","E","R","?","R","BOSS","M","?","?","$","?","R","E"],"build_version":"2017-12-21-PROD1","purchased_purges":1,"victory":false,"master_deck":["Defend_G","Defend_G","Defend_G","Defend_G","Survivor","Neutralize","Choke","Footwork","Bane","Dagger Throw","Cloak And Dagger","Well Laid Plans","Mind Blast","Flying Knee","Tools of the Trade","Burst","Crippling Poison","Bite_G","Bite_G","Bite_G","Bite_G","Bite_G","Noxious Fumes"],"max_hp_per_floor":[70,70,70,70,70,70,70,70,70,70,70,70,70,70,70,70,70,70,70,70,70,70,70],"relics":["Ring of the Snake","Girya","Blue Candle","Singing Bowl","Astrolabe","Centennial Puzzle"],"campfire_meditates":0,"card_choices":[{"not_picked":["Distraction","Skewer"],"picked":"Choke"},{"not_picked":["Accuracy","Outmaneuver"],"picked":"Bane"},{"not_picked":["Deflect","Slice"],"picked":"Dagger Throw"},{"not_picked":["Setup","Calculated Gamble"],"picked":"Cloak And Dagger"},{"not_picked":["Outmaneuver","Deflect"],"picked":"Well Laid Plans"},{"not_picked":["Quick Slash","Grand Finale"],"picked":"Flying Knee"},{"not_picked":["Grand Finale","Phantasmal Killer"],"picked":"Tools of the Trade"},{"not_picked":["Backflip","Poisoned Stab"],"picked":"Crippling Poison"}],"player_experience":249578,"potions_floor_usage":[24],"damage_taken":[{"damage":9.0,"enemies":"Jaw Worm","floor":1.0,"turns":6.0},{"damage":2.0,"enemies":"Looter","floor":5.0,"turns":4.0},{"damage":23.0,"enemies":"Gremlin Nob","floor":6.0,"turns":5.0},{"damage":0.0,"enemies":"Cultist","floor":7.0,"turns":3.0},{"damage":5.0,"enemies":"3 Louse","floor":10.0,"turns":4.0},{"damage":14.0,"enemies":"3 Sentries","floor":12.0,"turns":8.0},{"damage":30.0,"enemies":"The Guardian","floor":16.0,"turns":12.0},{"damage":21,"enemies":"Spheric Guardian","floor":18,"turns":7},{"damage":72,"enemies":"Gremlin Leader","floor":24,"turns":9}],"event_choices":[{"event_name":"Liars Game","player_choice":"disagreed","floor":3.0,"damage_taken":0.0},{"event_name":"The Cleric","player_choice":"Leave","floor":4.0,"damage_taken":0.0},{"event_name":"Dead Adventurer","player_choice":"Searched \u00271\u0027 times","floor":14.0,"damage_taken":0.0},{"event_name":"Vampires","player_choice":"Became a vampire (Vial)","floor":19,"damage_taken":0},{"event_name":"The Mausoleum","player_choice":"Yes","floor":20,"damage_taken":0},{"event_name":"Purifier","player_choice":"One Purge","floor":22,"damage_taken":0}],"boss_relics":[],"potions_floor_spawned":[1,5,6,18],"seed_played":"5409705820658566348","killed_by":"Gremlin Leader","is_trial":false}