{"path_per_floor":["M","$","M","M","?","R","E","R","T","M","$","?","?","M","R","B",null,"M","?","?","M","M","E","?","R","T","M","M","R","$","M","R","B",null,"M","M","?","M","?","R"],"character_chosen":"THE_SILENT","items_purchased":["Dagger Spray","PiercingWail","Happy Flower","Whetstone"],"gold_per_floor":[111,58,68,82,82,82,113,113,140,150,25,25,125,141,141,236,236,255,255,355,366,376,411,411,411,411,428,444,444,47,66,66,165,165,185,196,196,208,208,208],"floor_reached":41,"campfire_rested":5,"playtime":3495,"current_hp_per_floor":[68,68,68,68,68,68,47,68,68,68,68,61,61,61,61,47,70,66,66,66,63,53,17,17,38,52,52,43,68,68,68,84,74,84,77,60,50,7,7,32],"items_purged":["Defend_G","Strike_G"],"gold":208,"play_id":"b7aab5c4-c3e5-4f3f-848c-10271fe994db","is_prod":false,"is_daily":false,"campfire_rituals":0,"campfire_upgraded":2,"is_hardmode":false,"path_taken":["M","$","M","M","?","R","E","R","T","M","$","?","?","M","R","BOSS","M","?","?","M","?","E","?","R","T","M","M","R","$","M","R","BOSS","M","M","?","M","?","R","E"],"build_version":"2018-01-04-PROD1","purchased_purges":2,"victory":false,"master_deck":["Defend_G","Defend_G","Strike_G","Strike_G","Survivor","Neutralize","Riddle With Holes","Dagger Spray","Deflect","Adrenaline","Noxious Fumes","Footwork","Calculated Gamble","PiercingWail","Backflip","Venomology","Flying Knee","Dash","Blur","Sucker Punch","Die Die Die","Predator","Noxious Fumes","Flechettes","Outmaneuver","Night Terror","Corpse Explosion","Wraith Form","Slice","Blur","Madness","Madness","Bane"],"max_hp_per_floor":[70,70,70,70,70,70,70,70,70,70,70,70,70,70,70,70,70,70,70,70,70,70,70,70,70,84,84,84,84,84,84,84,84,84,84,84,84,84,84,84],"relics":["Ring of the Snake","Dream Catcher","Toxic Egg","White Beast Statue","Vajra","Mango","Happy Flower","Whetstone","Astrolabe"],"campfire_meditates":0,"card_choices":[{"not_picked":["Terror","Dodge and Roll"],"picked":"Riddle With Holes"},{"not_picked":["Sucker Punch","Backflip"],"picked":"Deflect"},{"not_picked":["Sucker Punch","Flying Knee"],"picked":"Adrenaline"},{"not_picked":["Dagger Spray","Infinite Blades"],"picked":"Noxious Fumes"},{"not_picked":["Dodge and Roll","Flying Knee"],"picked":"Footwork"},{"not_picked":["Catalyst","Slice"],"picked":"Calculated Gamble"},{"not_picked":["Slice","Calculated Gamble"],"picked":"Backflip"},{"not_picked":["Corpse Explosion","Adrenaline"],"picked":"Venomology"},{"not_picked":["Poisoned Stab","Sucker Punch"],"picked":"Flying Knee"},{"not_picked":["Bane","Prepared"],"picked":"Blur"},{"not_picked":["Deadly Poison","Tools of the Trade"],"picked":"Sucker Punch"},{"not_picked":["Slice","Backstab"],"picked":"Predator"},{"not_picked":["Blur","Infinite Blades"],"picked":"Noxious Fumes"},{"not_picked":["Distraction","Riddle With Holes"],"picked":"Flechettes"},{"not_picked":["Sucker Punch","Noxious Fumes"],"picked":"Outmaneuver"},{"not_picked":["Phantasmal Killer","Corpse Explosion"],"picked":"Night Terror"},{"not_picked":["Outmaneuver","Flying Knee"],"picked":"Blur"},{"not_picked":["Deadly Poison","Sucker Punch"],"picked":"Bane"}],"player_experience":11824,"potions_floor_usage":[7,18,18,22,23,23,23,27,27,28,33,33,33,35,36,36,38,41,41],"damage_taken":[{"damage":2,"enemies":"Small Slimes","floor":1,"turns":5},{"damage":0,"enemies":"2 Louse","floor":3,"turns":2},{"damage":0,"enemies":"Jaw Worm","floor":4,"turns":3},{"damage":21,"enemies":"Gremlin Nob","floor":7,"turns":4},{"damage":0,"enemies":"3 Louse","floor":10,"turns":3},{"damage":0,"enemies":"Looter","floor":14,"turns":3},{"damage":14,"enemies":"The Guardian","floor":16,"turns":14},{"damage":4,"enemies":"Chosen","floor":18,"turns":7},{"damage":3,"enemies":"3 Byrds","floor":21,"turns":4},{"damage":10,"enemies":"Centurion and Healer","floor":22,"turns":9},{"damage":36,"enemies":"Slavers","floor":23,"turns":9},{"damage":0,"enemies":"Snake Plant","floor":27,"turns":6},{"damage":24,"enemies":"Sentry and Sphere","floor":28,"turns":7},{"damage":0,"enemies":"Centurion and Healer","floor":31,"turns":6},{"damage":10,"enemies":"Collector","floor":33,"turns":10},{"damage":7,"enemies":"Orb Walker","floor":35,"turns":3},{"damage":23,"enemies":"3 Darklings","floor":36,"turns":4},{"damage":43,"enemies":"4 Shapes","floor":38,"turns":5},{"damage":0,"enemies":"Nemesis","floor":41,"turns":3}],"event_choices":[{"event_name":"Liars Game","player_choice":"disagreed","floor":5,"damage_taken":0},{"event_name":"Golden Wing","player_choice":"Card Removal","floor":12,"damage_taken":0},{"event_name":"Golden Shrine","player_choice":"Pray","floor":13,"damage_taken":0},{"event_name":"The Library","player_choice":"Read","floor":19,"damage_taken":0},{"event_name":"Golden Shrine","player_choice":"Pray","floor":20,"damage_taken":0},{"event_name":"Match and Keep!","player_choice":"1 cards matched","floor":24,"damage_taken":0},{"event_name":"Winding Halls","player_choice":"Embrace Madness","floor":37,"damage_taken":0},{"event_name":"Tomb of Lord Red Mask","player_choice":"Ignored","floor":39,"damage_taken":0}],"boss_relics":[{"not_picked":["Velvet Choker","Black Star"],"picked":"White Beast Statue"},{"not_picked":["Question Card","Eternal Feather"],"picked":"Astrolabe"}],"potions_floor_spawned":[1,10,18,21,22,23,27,28,31,33,35,36,38],"seed_played":"-1856834482284408797","killed_by":"Nemesis","is_trial":false}