{"path_per_floor":["M","?","$","?","M","R","M","E","T","R","M","M","R","E","R","B",null,"M","$","M","?","M","R","M","E","T","R","M","M","?","M","R","B",null,"M","M","M","$","?","R","M","?","T","M","R","$","M","M","R","B"],"character_chosen":"THE_SILENT","items_purchased":["Calculated Gamble","Happy Flower","Apotheosis","After Image"],"gold_per_floor":[118,118,43,118,130,130,150,178,205,205,216,228,228,254,254,354,354,368,49,65,65,81,81,96,123,123,123,137,156,156,174,174,274,274,290,307,324,124,124,124,143,143,143,155,155,1,16,36,36,36],"floor_reached":51,"campfire_rested":2,"playtime":5172,"current_hp_per_floor":[70,70,70,59,58,58,57,43,43,64,64,59,59,56,56,56,80,78,78,78,69,69,69,66,54,54,54,54,50,50,44,69,67,85,85,59,59,59,80,80,77,77,77,77,77,77,77,77,77,40],"items_purged":["Regret","Clumsy"],"gold":36,"play_id":"0ac55591-3576-4213-a007-bf526aa9675b","is_prod":false,"is_daily":false,"campfire_rituals":0,"campfire_upgraded":8,"is_hardmode":false,"path_taken":["M","?","$","?","M","R","M","E","T","R","M","M","R","E","R","BOSS","M","$","M","?","M","R","M","E","T","R","M","M","?","M","R","BOSS","M","M","M","$","?","R","M","?","T","M","R","$","M","M","R","BOSS"],"build_version":"2018-01-04-PROD1","purchased_purges":3,"victory":true,"master_deck":["Defend_G","Defend_G","Defend_G","Defend_G","Defend_G","Strike_G","Strike_G","Strike_G","Strike_G","Survivor","Neutralize","Flying Knee","Caltrops","Dagger Throw","Predator","Prepared","Cloak And Dagger","Adrenaline","A Thousand Cuts","Backflip","Calculated Gamble","Finisher","Burst","Underhanded Strike","Footwork","Wraith Form","Flechettes","Backflip","Apotheosis","Writhe","Concentrate","After Image","Cloak And Dagger"],"max_hp_per_floor":[70,70,70,70,70,70,70,70,70,70,70,70,70,70,70,70,80,80,80,80,85,85,85,85,85,85,85,85,85,85,85,85,85,85,85,85,85,85,85,85,85,85,85,85,85,85,85,85,85,85],"relics":["Ring of the Snake","Anchor","Omamori","War Paint","Toxic Egg","Dead Branch","Calling Bell","Pear","Paper Crane","Gremlin Horn","Happy Flower","Mercury Hourglass","Mummified Hand","White Beast Statue","Thread and Needle"],"campfire_meditates":0,"card_choices":[{"not_picked":["Bane","PiercingWail"],"picked":"Flying Knee"},{"not_picked":["Infinite Blades","Concentrate"],"picked":"Caltrops"},{"not_picked":["Acrobatics","Quick Slash"],"picked":"Dagger Throw"},{"not_picked":["Eviscerate","Heel Hook"],"picked":"Predator"},{"not_picked":["Acrobatics","Masterful Stab"],"picked":"Prepared"},{"not_picked":["Masterful Stab","Slice"],"picked":"Cloak And Dagger"},{"not_picked":["PiercingWail","Poisoned Stab"],"picked":"Adrenaline"},{"not_picked":["Envenom","Night Terror"],"picked":"A Thousand Cuts"},{"not_picked":["Heel Hook","Slice"],"picked":"Backflip"},{"not_picked":["Sucker Punch","Acrobatics"],"picked":"Finisher"},{"not_picked":["Slice","Acrobatics"],"picked":"Burst"},{"not_picked":["Reflex","Accuracy"],"picked":"Underhanded Strike"},{"not_picked":["PiercingWail","Prepared"],"picked":"Footwork"},{"not_picked":["Doppelganger","Unload"],"picked":"Wraith Form"},{"not_picked":["Underhanded Strike","Bouncing Flask"],"picked":"Flechettes"},{"not_picked":["Cloak And Dagger","Backstab"],"picked":"Backflip"},{"not_picked":["Slice","PiercingWail"],"picked":"Concentrate"},{"not_picked":["Crippling Poison","Dagger Throw"],"picked":"Cloak And Dagger"}],"player_experience":382235,"potions_floor_usage":[36,36,37,41,47,50,50,50],"damage_taken":[{"damage":0.0,"enemies":"2 Louse","floor":1.0,"turns":4.0},{"damage":1.0,"enemies":"Jaw Worm","floor":5.0,"turns":4.0},{"damage":1.0,"enemies":"Cultist","floor":7.0,"turns":3.0},{"damage":14.0,"enemies":"Gremlin Nob","floor":8.0,"turns":5.0},{"damage":0.0,"enemies":"Large Slime","floor":11.0,"turns":5.0},{"damage":5.0,"enemies":"Exordium Wildlife","floor":12.0,"turns":5.0},{"damage":3.0,"enemies":"3 Sentries","floor":14.0,"turns":4.0},{"damage":0.0,"enemies":"Slime Boss","floor":16.0,"turns":9.0},{"damage":2.0,"enemies":"2 Thieves","floor":18.0,"turns":4.0},{"damage":0.0,"enemies":"3 Byrds","floor":20.0,"turns":3.0},{"damage":0.0,"enemies":"3 Cultists","floor":22.0,"turns":5.0},{"damage":3.0,"enemies":"Slaver and Parasite","floor":24.0,"turns":4.0},{"damage":12.0,"enemies":"Gremlin Leader","floor":25.0,"turns":4.0},{"damage":0.0,"enemies":"Chosen and Byrds","floor":28.0,"turns":3.0},{"damage":4.0,"enemies":"Centurion and Healer","floor":29.0,"turns":2.0},{"damage":6.0,"enemies":"Slaver and Parasite","floor":31.0,"turns":5.0},{"damage":2.0,"enemies":"Automaton","floor":33.0,"turns":8.0},{"damage":0,"enemies":"Orb Walker","floor":35,"turns":2},{"damage":26,"enemies":"3 Darklings","floor":36,"turns":3},{"damage":0,"enemies":"4 Shapes","floor":37,"turns":2},{"damage":3,"enemies":"Sphere and 2 Shapes","floor":41,"turns":3},{"damage":0,"enemies":"3 Darklings","floor":44,"turns":4},{"damage":0,"enemies":"4 Shapes","floor":47,"turns":5},{"damage":0,"enemies":"Sphere and 2 Shapes","floor":48,"turns":4},{"damage":37,"enemies":"Donu and Deca","floor":50,"turns":10}],"event_choices":[{"event_name":"Big Fish","player_choice":"Box","floor":2.0,"damage_taken":0.0},{"event_name":"World of Goop","player_choice":"Gather Gold","floor":4.0,"damage_taken":0.0},{"event_name":"Forgotten Altar","player_choice":"Shed Blood","floor":21.0,"damage_taken":0.0},{"event_name":"Back to Basics","player_choice":"Elegance","floor":30.0,"damage_taken":0.0},{"event_name":"Winding Halls","player_choice":"Writhe","floor":39,"damage_taken":0},{"event_name":"Tomb of Lord Red Mask","player_choice":"Ignored","floor":42,"damage_taken":0}],"boss_relics":[{"not_picked":["Runic Dome","The Specimen"],"picked":"White Beast Statue"}],"potions_floor_spawned":[1,11,12,25,28,29,33,35,36,37,41,44,47,48],"seed_played":"4360336568433119229","is_trial":false}