{"path_per_floor":["M","M","M","?","$","E","R","M","T","M","M","?","M","M","R","B",null,"M","?","?","M","M","R","$","M","T","R","M","M","?","M","R","B",null,"M","?","?","M","?","R","?","M","T","$","R","$","M","M","R"],"character_chosen":"THE_SILENT","items_purchased":["PiercingWail","Blur"],"gold_per_floor":[110,130,144,144,18,43,43,53,76,87,105,105,115,129,129,226,226,226,226,226,226,226,226,47,47,47,47,47,47,47,47,47,47,47,47,47,47,47,47,47,0,0,0,0,0,0,0,0,0],"floor_reached":50,"campfire_rested":8,"playtime":3783,"current_hp_per_floor":[73,70,69,69,69,18,41,38,38,38,33,33,26,26,49,42,77,71,71,62,58,39,63,63,52,52,75,70,57,57,44,67,51,79,52,52,42,23,23,58,58,11,11,11,61,61,46,6,56],"items_purged":["Regret","Parasite"],"gold":0,"play_id":"eb82ef5d-7c58-4167-a55e-10cb48bc2705","is_prod":false,"is_daily":false,"campfire_rituals":0,"campfire_upgraded":0,"is_hardmode":false,"path_taken":["M","M","M","?","$","E","R","M","T","M","M","?","?","M","R","BOSS","M","?","?","?","M","R","$","M","T","R","M","M","?","M","R","BOSS","M","?","?","M","?","R","?","?","T","?","R","$","M","M","R","BOSS"],"build_version":"2018-01-04-PROD1","purchased_purges":2,"victory":false,"master_deck":["Defend_G","Defend_G","Defend_G","Defend_G","Strike_G","Strike_G","Strike_G","Strike_G","Strike_G","Survivor","Neutralize","Clumsy","Noxious Fumes","Bane","Prepared","PiercingWail","Dagger Spray","Dash","Noxious Fumes","Leg Sweep","Deadly Poison","Bullet Time","Catalyst","Backflip","Blur","Die Die Die","Corpse Explosion","Calculated Gamble","Madness","Madness","Predator","Dash","Footwork"],"max_hp_per_floor":[77,77,77,77,77,77,77,77,77,77,77,77,77,77,77,77,77,77,77,82,82,82,82,79,79,79,79,79,79,79,79,79,79,79,79,79,79,79,79,79,79,79,79,79,79,79,79,79,79],"relics":["Calling Bell","Strawberry","Ancient Tea Set","Tough Bandages","Letter Opener","Snake Skull","Ectoplasm","Orichalcum","Eternal Feather","Red Mask","Regal Pillow"],"campfire_meditates":0,"card_choices":[{"not_picked":["Sucker Punch","Well Laid Plans"],"picked":"Noxious Fumes"},{"not_picked":["Slice","Outmaneuver"],"picked":"Bane"},{"not_picked":["Burst","Backstab"],"picked":"Prepared"},{"not_picked":["Caltrops","Poisoned Stab"],"picked":"Dagger Spray"},{"not_picked":["Slice","Crippling Poison"],"picked":"Dash"},{"not_picked":["Finisher","Malaise"],"picked":"Noxious Fumes"},{"not_picked":["Quick Slash","Escape Plan"],"picked":"Leg Sweep"},{"not_picked":["Eviscerate","Distraction"],"picked":"Deadly Poison"},{"not_picked":["Wraith Form","A Thousand Cuts"],"picked":"Bullet Time"},{"not_picked":["Deadly Poison","Flying Knee"],"picked":"Catalyst"},{"not_picked":["Dagger Spray","Outmaneuver"],"picked":"Backflip"},{"not_picked":["Dagger Throw","Dodge and Roll"],"picked":"Die Die Die"},{"not_picked":["Glass Knife","Envenom"],"picked":"Corpse Explosion"},{"not_picked":["Flying Knee","Dagger Throw"],"picked":"Calculated Gamble"},{"not_picked":["Terror","Well Laid Plans"],"picked":"Predator"},{"not_picked":["Terror","Noxious Fumes"],"picked":"Dash"},{"not_picked":["Escape Plan","Backflip"],"picked":"Footwork"}],"player_experience":22110,"potions_floor_usage":[6,16,16,21,25,33,38,47,50],"damage_taken":[{"damage":4,"enemies":"Small Slimes","floor":1,"turns":5},{"damage":3,"enemies":"2 Louse","floor":2,"turns":3},{"damage":1,"enemies":"Jaw Worm","floor":3,"turns":5},{"damage":51,"enemies":"Lagavulin","floor":6,"turns":8},{"damage":3,"enemies":"Gremlin Gang","floor":8,"turns":5},{"damage":0,"enemies":"3 Louse","floor":10,"turns":3},{"damage":5,"enemies":"Looter","floor":11,"turns":4},{"damage":7,"enemies":"Exordium Wildlife","floor":13,"turns":4},{"damage":0,"enemies":"2 Fungi Beasts","floor":14,"turns":3},{"damage":7,"enemies":"The Guardian","floor":16,"turns":9},{"damage":6,"enemies":"Spheric Guardian","floor":18,"turns":6},{"damage":4,"enemies":"3 Byrds","floor":21,"turns":4},{"damage":19,"enemies":"Centurion and Healer","floor":22,"turns":5},{"damage":11,"enemies":"3 Cultists","floor":25,"turns":5},{"damage":5,"enemies":"Snecko","floor":28,"turns":5},{"damage":13,"enemies":"Centurion and Healer","floor":29,"turns":6},{"damage":13,"enemies":"Chosen and Byrds","floor":31,"turns":5},{"damage":16,"enemies":"Collector","floor":33,"turns":9},{"damage":27,"enemies":"Orb Walker","floor":35,"turns":6},{"damage":19,"enemies":"3 Shapes","floor":38,"turns":7},{"damage":47,"enemies":"Sphere and 2 Shapes","floor":42,"turns":6},{"damage":15,"enemies":"3 Darklings","floor":47,"turns":4},{"damage":40,"enemies":"Maw","floor":48,"turns":11},{"damage":69,"enemies":"Donu and Deca","floor":50,"turns":7}],"event_choices":[{"event_name":"Liars Game","player_choice":"disagreed","floor":4,"damage_taken":0},{"event_name":"Upgrade Shrine","player_choice":"Upgraded","floor":12,"damage_taken":0},{"event_name":"Drug Dealer","player_choice":"Ignored","floor":19,"damage_taken":0},{"event_name":"Forgotten Altar","player_choice":"Shed Blood","floor":20,"damage_taken":0},{"event_name":"Upgrade Shrine","player_choice":"Upgraded","floor":30,"damage_taken":0},{"event_name":"Mysterious Sphere","player_choice":"Ignore","floor":36,"damage_taken":0},{"event_name":"Winding Halls","player_choice":"Embrace Madness","floor":37,"damage_taken":0},{"event_name":"Tomb of Lord Red Mask","player_choice":"Paid","floor":41,"damage_taken":0}],"boss_relics":[{"not_picked":["Question Card","Lizard Tail"],"picked":"Ectoplasm"},{"not_picked":["Velvet Choker","Tiny House"],"picked":"Eternal Feather"}],"potions_floor_spawned":[2,10,14,16,22,31,35,42,47],"seed_played":"1700134037093688430","killed_by":"Donu and Deca","is_trial":false}