{"path_per_floor":["M","?","?","M","M","R","$","M","T","M","M","E","R","E","R","B",null,"M","?","M","$","M","E","R","M","T","R","M","M","?","?","R","B",null,"M","M","$","?","?","R","M","M","T","M","M","M","?","M","R","B"],"character_chosen":"IRONCLAD","items_purchased":["Apotheosis","Flame Barrier","Whetstone","Metallicize"],"gold_per_floor":[213,213,288,301,314,314,52,65,91,107,120,150,150,185,185,284,284,269,269,269,77,77,77,77,77,77,77,77,77,77,77,77,77,77,77,77,5,5,0,0,0,0,0,0,0,0,0,0,0,0],"floor_reached":51,"campfire_rested":1,"playtime":3738,"current_hp_per_floor":[80,73,62,63,69,69,69,73,73,77,80,66,66,75,75,64,80,80,80,80,80,80,90,90,90,90,90,90,90,74,59,87,95,95,95,95,95,95,95,95,90,89,89,94,95,95,85,90,90,94],"items_purged":["Strike_R"],"gold":0,"play_id":"74c9b2b1-48f0-4e03-b74d-84d719c9e216","is_prod":false,"is_daily":false,"campfire_rituals":0,"campfire_upgraded":7,"is_hardmode":false,"path_taken":["M","?","?","M","M","R","$","M","T","M","M","E","R","E","R","BOSS","M","?","M","$","M","E","R","M","T","R","?","M","?","?","R","BOSS","M","M","?","?","?","R","M","M","T","M","M","?","?","M","R","BOSS"],"build_version":"2018-01-04-PROD1","purchased_purges":1,"victory":true,"master_deck":["Strike_R","Strike_R","Strike_R","Defend_R","Defend_R","Defend_R","Defend_R","Bash","Twin Strike","Shrug It Off","Apotheosis","Cleave","Pommel Strike","Offering","Spot Weakness","Limit Break","Perfected Strike","Flame Barrier","Perfected Strike","Metallicize","Pommel Strike","Uppercut","Flame Barrier","Necronomicurse","Double Tap","Metallicize","Shrug It Off","Writhe","Perfected Strike","Impervious","Madness","Madness"],"max_hp_per_floor":[80,80,80,80,80,80,80,80,80,80,80,80,80,80,80,80,80,80,80,80,80,80,90,90,90,90,90,90,90,90,95,95,95,95,95,95,95,95,95,95,95,95,95,95,95,95,95,95,95,95],"relics":["Burning Blood","Oddly Smooth Stone","Happy Flower","Bag of Preparation","Ectoplasm","Whetstone","Pear","Paper Frog","Necronomicon","Cursed Key","Red Mask","Magic Flower"],"campfire_meditates":0,"card_choices":[{"not_picked":["Warcry","Combust"],"picked":"Twin Strike"},{"not_picked":["Reckless Charge","Rampage"],"picked":"Shrug It Off"},{"not_picked":["Searing Blow","Rage"],"picked":"Intimidate"},{"not_picked":["Heavy Blade","Dual Wield"],"picked":"Cleave"},{"not_picked":["Warcry","Cleave"],"picked":"Pommel Strike"},{"not_picked":["Iron Wave","Heavy Blade"],"picked":"Offering"},{"not_picked":["Clothesline","Iron Wave"],"picked":"Spot Weakness"},{"not_picked":["Juggernaut","Barricade"],"picked":"Limit Break"},{"not_picked":["Second Wind","Anger"],"picked":"Perfected Strike"},{"not_picked":["Reckless Charge","Clothesline"],"picked":"Perfected Strike"},{"not_picked":["Disarm","Anger"],"picked":"Metallicize"},{"not_picked":["Iron Wave","Clash"],"picked":"Pommel Strike"},{"not_picked":["Warcry","Pommel Strike"],"picked":"Uppercut"},{"not_picked":["Infernal Blade","Intimidate"],"picked":"Flame Barrier"},{"not_picked":["Reaper","Impervious"],"picked":"Double Tap"},{"not_picked":["Intimidate","Sword Boomerang"],"picked":"Shrug It Off"},{"not_picked":["Flex","Body Slam"],"picked":"Perfected Strike"},{"not_picked":["Bloodletting","Perfected Strike"],"picked":"Impervious"}],"player_experience":18372,"potions_floor_usage":[45,50,50,50],"damage_taken":[{"damage":0.0,"enemies":"Small Slimes","floor":1.0,"turns":3.0},{"damage":5.0,"enemies":"Jaw Worm","floor":4.0,"turns":4.0},{"damage":0.0,"enemies":"2 Louse","floor":5.0,"turns":2.0},{"damage":2.0,"enemies":"2 Fungi Beasts","floor":8.0,"turns":3.0},{"damage":2.0,"enemies":"Exordium Thugs","floor":10.0,"turns":3.0},{"damage":2.0,"enemies":"Exordium Wildlife","floor":11.0,"turns":3.0},{"damage":23.0,"enemies":"3 Sentries","floor":12.0,"turns":3.0},{"damage":9.0,"enemies":"Lagavulin","floor":14.0,"turns":5.0},{"damage":17.0,"enemies":"The Guardian","floor":16.0,"turns":6.0},{"damage":4.0,"enemies":"2 Thieves","floor":18.0,"turns":2.0},{"damage":0.0,"enemies":"3 Byrds","floor":20.0,"turns":4.0},{"damage":4.0,"enemies":"Snake Plant","floor":22.0,"turns":3.0},{"damage":4.0,"enemies":"Gremlin Leader","floor":23.0,"turns":4.0},{"damage":5.0,"enemies":"3 Cultists","floor":25.0,"turns":4.0},{"damage":5.0,"enemies":"Centurion and Healer","floor":28.0,"turns":4.0},{"damage":1.0,"enemies":"Sentry and Sphere","floor":29.0,"turns":3.0},{"damage":4.0,"enemies":"Champ","floor":33.0,"turns":4.0},{"damage":0,"enemies":"Orb Walker","floor":35,"turns":2},{"damage":4,"enemies":"3 Shapes","floor":36,"turns":3},{"damage":11,"enemies":"Sphere and 2 Shapes","floor":41,"turns":4},{"damage":7,"enemies":"4 Shapes","floor":42,"turns":4},{"damage":4,"enemies":"3 Darklings","floor":44,"turns":3},{"damage":4,"enemies":"Sphere and 2 Shapes","floor":45,"turns":2},{"damage":0,"enemies":"Maw","floor":46,"turns":4},{"damage":4,"enemies":"3 Darklings","floor":48,"turns":4},{"damage":18,"enemies":"Awakened One","floor":50,"turns":8}],"event_choices":[{"event_name":"Golden Wing","player_choice":"Card Removal","floor":2.0,"damage_taken":0.0},{"event_name":"World of Goop","player_choice":"Gather Gold","floor":3.0,"damage_taken":0.0},{"event_name":"Golden Shrine","player_choice":"Pray","floor":19.0,"damage_taken":0.0},{"event_name":"Cursed Tome","player_choice":"Obtained Book","floor":30.0,"damage_taken":0.0},{"event_name":"Forgotten Altar","player_choice":"Shed Blood","floor":31.0,"damage_taken":0.0},{"event_name":"Bonfire Elementals","player_choice":"SKILL","floor":38,"damage_taken":0},{"event_name":"Tomb of Lord Red Mask","player_choice":"Paid","floor":39,"damage_taken":0},{"event_name":"Winding Halls","player_choice":"Embrace Madness","floor":47,"damage_taken":0}],"boss_relics":[{"not_picked":["Snecko Eye","Philosopher\u0027s Stone"],"picked":"Cursed Key"}],"potions_floor_spawned":[4,5,8,10,12,16,18,20,28,29,35,42,46,48],"seed_played":"1945426445339200467","is_trial":false}