{"path_per_floor":["M","?","$","M","M","?","E","R","T","E","M","R","?","M","R","B",null,"M","?","M","?","?","R","M","?","T","$","M","M","M"],"character_chosen":"THE_SILENT","items_purchased":["Noxious Fumes","PiercingWail","Bag of Marbles"],"gold_per_floor":[118,118,44,61,78,78,111,111,111,138,150,150,150,162,162,264,264,276,276,296,221,221,221,237,237,261,10,25,43,62],"floor_reached":31,"campfire_rested":1,"playtime":2192,"current_hp_per_floor":[69,62,62,58,53,53,39,64,64,57,51,57,62,60,66,32,75,65,65,53,53,53,63,61,52,52,52,49,31,31],"items_purged":["Defend_G"],"gold":62,"play_id":"5c1acf16-f4f0-4460-8abc-2a13f1b11e86","is_prod":false,"is_daily":false,"campfire_rituals":0,"campfire_upgraded":3,"is_hardmode":false,"path_taken":["M","?","$","M","M","?","E","R","T","E","M","R","?","M","R","BOSS","M","?","M","?","?","R","M","?","T","$","M","M","M","?"],"build_version":"2018-01-04-PROD1","purchased_purges":1,"victory":false,"master_deck":["Defend_G","Defend_G","Defend_G","Strike_G","Strike_G","Strike_G","Survivor","Neutralize","Sucker Punch","Noxious Fumes","Dash","Crippling Poison","Poisoned Stab","Bouncing Flask","Bane","Glass Knife","Escape Plan","Envenom","Dagger Spray","Deadly Poison","Dash","Poisoned Stab","Noxious Fumes","Deflect","PiercingWail","Backflip","Die Die Die","Bane"],"max_hp_per_floor":[70,70,70,70,70,70,70,70,70,70,70,70,75,75,75,75,75,75,75,75,75,75,75,75,80,80,80,80,80,80],"relics":["Eternal Feather","Paper Crane","Bronze Scales","War Paint","Orrery","Dream Catcher","Bag of Marbles"],"campfire_meditates":0,"card_choices":[{"not_picked":["Endless Agony","Eviscerate"],"picked":"Sucker Punch"},{"not_picked":["Slice","Infinite Blades"],"picked":"Dash"},{"not_picked":["Dagger Throw","Infinite Blades"],"picked":"Crippling Poison"},{"not_picked":["Dagger Throw","Flying Knee"],"picked":"Poisoned Stab"},{"not_picked":["Prepared","Malaise"],"picked":"Bouncing Flask"},{"not_picked":["Slice","PiercingWail"],"picked":"Bane"},{"not_picked":["Unload","Tools of the Trade"],"picked":"Glass Knife"},{"not_picked":["Predator","Outmaneuver"],"picked":"Escape Plan"},{"not_picked":["Masterful Stab","Noxious Fumes"],"picked":"Envenom"},{"not_picked":["Sucker Punch","Quick Slash"],"picked":"Dagger Spray"},{"not_picked":["Masterful Stab","Flying Knee"],"picked":"Deadly Poison"},{"not_picked":["Deadly Poison","Bouncing Flask"],"picked":"Dash"},{"not_picked":["Flying Knee","Deflect"],"picked":"Poisoned Stab"},{"not_picked":["Endless Agony","Masterful Stab"],"picked":"Deflect"},{"not_picked":["Dagger Throw","Dodge and Roll"],"picked":"Backflip"},{"not_picked":["Quick Slash","All Out Attack"],"picked":"Die Die Die"},{"not_picked":["Flying Knee","Sucker Punch"],"picked":"Bane"}],"player_experience":15319,"potions_floor_usage":[7,7,16,20,29,30,31],"damage_taken":[{"damage":1,"enemies":"Cultist","floor":1,"turns":5},{"damage":4,"enemies":"Jaw Worm","floor":4,"turns":4},{"damage":5,"enemies":"Blue Slaver","floor":5,"turns":5},{"damage":14,"enemies":"3 Sentries","floor":7,"turns":8},{"damage":7,"enemies":"Gremlin Nob","floor":10,"turns":5},{"damage":6,"enemies":"2 Fungi Beasts","floor":11,"turns":4},{"damage":2,"enemies":"Looter","floor":14,"turns":3},{"damage":34,"enemies":"Slime Boss","floor":16,"turns":11},{"damage":10,"enemies":"Shell Parasite","floor":18,"turns":6},{"damage":12,"enemies":"Spheric Guardian","floor":20,"turns":5},{"damage":2,"enemies":"Snecko","floor":24,"turns":5},{"damage":3,"enemies":"Snake Plant","floor":28,"turns":4},{"damage":18,"enemies":"Sentry and Sphere","floor":29,"turns":8},{"damage":0,"enemies":"Chosen and Byrds","floor":30,"turns":5},{"damage":33,"enemies":"Slaver and Parasite","floor":31,"turns":4}],"event_choices":[{"event_name":"Golden Wing","player_choice":"Card Removal","floor":2,"damage_taken":0},{"event_name":"Living Wall","player_choice":"Forget","floor":6,"damage_taken":0},{"event_name":"Big Fish","player_choice":"Donut","floor":13,"damage_taken":0},{"event_name":"Duplicator","player_choice":"One dupe","floor":19,"damage_taken":0},{"event_name":"Beggar","player_choice":"Gave Gold","floor":21,"damage_taken":0},{"event_name":"Drug Dealer","player_choice":"Ignored","floor":22,"damage_taken":0},{"event_name":"Forgotten Altar","player_choice":"Shed Blood","floor":25,"damage_taken":0}],"boss_relics":[{"not_picked":["Cursed Key","Question Card"],"picked":"Orrery"}],"potions_floor_spawned":[1,5,11,16,24,28,29],"seed_played":"7170491533120237426","killed_by":"Slaver and Parasite","is_trial":false}