{"path_per_floor":["M","?","T","M","?","E","M","R","T","M","$","R","E","M","R","B",null,"M","$","?","$","M","M","M","?","T","?","$","M","R","M","R","B",null,"M","?","?","M","?","R","?","M","T","M","M","R","$","M","R","B"],"character_chosen":"THE_SILENT","items_purchased":["Prepared","Letter Opener","Backflip","Bandage Up","Strength Potion"],"gold_per_floor":[115,115,195,208,283,317,332,332,380,391,52,52,85,97,97,194,194,207,56,56,56,66,79,97,97,121,121,28,38,38,51,51,149,149,162,162,162,174,174,174,174,188,214,226,245,245,69,79,79,79],"floor_reached":51,"campfire_rested":4,"playtime":4726,"current_hp_per_floor":[70,56,56,56,45,45,45,45,45,45,45,66,62,57,57,32,70,55,55,41,41,19,18,11,11,11,34,34,18,39,40,61,36,70,70,63,63,54,70,70,70,70,70,63,45,66,66,67,67,55],"items_purged":["Strike_G","Footwork","Backstab"],"gold":79,"play_id":"ce981937-3b8c-4574-be1d-3d9b028c7128","is_prod":false,"is_daily":false,"campfire_rituals":0,"campfire_upgraded":4,"is_hardmode":false,"path_taken":["M","?","?","M","?","E","M","R","T","M","$","R","E","?","R","BOSS","M","$","?","$","M","M","M","?","T","?","$","?","R","M","R","BOSS","M","?","?","?","?","R","?","?","T","M","M","R","$","M","R","BOSS"],"build_version":"2018-01-18-PROD4","purchased_purges":6,"victory":true,"master_deck":["Survivor","Neutralize","Sucker Punch","Poisoned Stab","Footwork","Leg Sweep","Flying Knee","Prepared","Caltrops","Adrenaline","Choke","Heel Hook","Quick Slash","Footwork","Caltrops","Dodge and Roll","Escape Plan","Backflip","Dramatic Entrance","Cloak And Dagger","Terror","Bandage Up","Leg Sweep","Quick Slash","Bullet Time","Cloak And Dagger"],"max_hp_per_floor":[70,70,70,70,70,70,70,70,70,70,70,70,70,70,70,70,70,70,70,70,70,70,70,70,70,70,70,70,70,70,70,70,70,70,70,70,70,70,70,70,70,70,70,70,70,70,70,70,70,70],"relics":["Ring of the Snake","NeowsBlessing","Bottled Lightning","War Paint","Toxic Egg","Letter Opener","Happy Flower","Pandora\u0027s Box","Snake Skull","Lizard Tail","Spirit Poop","Anchor"],"campfire_meditates":0,"card_choices":[{"not_picked":["Underhanded Strike","Riddle With Holes"],"picked":"Sucker Punch"},{"not_picked":["Dagger Throw","Masterful Stab"],"picked":"Poisoned Stab"},{"not_picked":["Calculated Gamble","Heel Hook"],"picked":"Footwork"},{"not_picked":["Slice","Outmaneuver"],"picked":"Leg Sweep"},{"not_picked":["PiercingWail","Quick Slash"],"picked":"Flying Knee"},{"not_picked":["Sucker Punch","Underhanded Strike"],"picked":"Caltrops"},{"not_picked":["Tools of the Trade","Phantasmal Killer"],"picked":"Adrenaline"},{"not_picked":["Bane","Dagger Spray"],"picked":"Cloak And Dagger"},{"not_picked":["Backflip","Distraction"],"picked":"Terror"},{"not_picked":["Cloak And Dagger","Outmaneuver"],"picked":"Leg Sweep"},{"not_picked":["Slice","Sucker Punch"],"picked":"Quick Slash"},{"not_picked":["Wraith Form","Glass Knife"],"picked":"Bullet Time"},{"not_picked":["Backstab","Dodge and Roll"],"picked":"Cloak And Dagger"}],"player_experience":557133,"potions_floor_usage":[35,44,50,50,50],"damage_taken":[{"damage":0.0,"enemies":"Small Slimes","floor":1.0,"turns":1.0},{"damage":0.0,"enemies":"Cultist","floor":4.0,"turns":1.0},{"damage":0.0,"enemies":"3 Sentries","floor":6.0,"turns":1.0},{"damage":0.0,"enemies":"2 Louse","floor":7.0,"turns":2.0},{"damage":0.0,"enemies":"2 Fungi Beasts","floor":10.0,"turns":2.0},{"damage":4.0,"enemies":"Gremlin Nob","floor":13.0,"turns":5.0},{"damage":5.0,"enemies":"Lots of Slimes","floor":14.0,"turns":3.0},{"damage":25.0,"enemies":"The Guardian","floor":16.0,"turns":9.0},{"damage":15.0,"enemies":"2 Thieves","floor":18.0,"turns":4.0},{"damage":22.0,"enemies":"Chosen","floor":22.0,"turns":4.0},{"damage":1.0,"enemies":"3 Cultists","floor":23.0,"turns":5.0},{"damage":7.0,"enemies":"Snake Plant","floor":24.0,"turns":3.0},{"damage":20.0,"enemies":"Centurion and Healer","floor":29.0,"turns":6.0},{"damage":3.0,"enemies":"Sentry and Sphere","floor":31.0,"turns":6.0},{"damage":29.0,"enemies":"Automaton","floor":33.0,"turns":11.0},{"damage":0,"enemies":"3 Darklings","floor":35,"turns":6},{"damage":13,"enemies":"Orb Walker","floor":38,"turns":4},{"damage":0,"enemies":"Maw","floor":42,"turns":8},{"damage":17,"enemies":"3 Darklings","floor":44,"turns":4},{"damage":22,"enemies":"Sphere and 2 Shapes","floor":45,"turns":7},{"damage":3,"enemies":"4 Shapes","floor":48,"turns":7},{"damage":31,"enemies":"Awakened One","floor":50,"turns":19}],"event_choices":[{"event_name":"Shining Light","player_choice":"Entered Light","floor":2.0,"damage_taken":0.0},{"event_name":"World of Goop","player_choice":"Gather Gold","floor":5.0,"damage_taken":0.0},{"event_name":"Knowing Skull","player_choice":"CARD ","floor":20.0,"damage_taken":0.0},{"event_name":"Cursed Tome","player_choice":"Ignored","floor":25.0,"damage_taken":0.0},{"event_name":"The Library","player_choice":"Heal","floor":27.0,"damage_taken":0.0},{"event_name":"Wheel of Change","player_choice":"Damage","floor":36,"damage_taken":0},{"event_name":"Upgrade Shrine","player_choice":"Upgraded","floor":37,"damage_taken":0},{"event_name":"Winding Halls","player_choice":"Writhe","floor":39,"damage_taken":0},{"event_name":"Bonfire Elementals","player_choice":"CURSE","floor":41,"damage_taken":0}],"boss_relics":[{"not_picked":["Snecko Eye","Cursed Key"],"picked":"Lizard Tail"}],"potions_floor_spawned":[4,6,7,10,14,22,29,33,38,44,45],"seed_played":"-6522816687261863553","is_trial":false}