{"path_per_floor":["M","M","?","M","M","E","R","$","T","M","R","E","$","M","R","B",null,"M","?","M","$","M","E","M","R","T","M","$","?","M","M","R"],"character_chosen":"THE_SILENT","items_purchased":["Oddly Smooth Stone","Prepared","Caltrops","Flash of Steel"],"gold_per_floor":[113,124,124,135,151,181,181,30,30,47,47,77,31,50,50,153,153,167,167,183,33,47,72,82,82,107,117,30,30,46,57,57],"floor_reached":33,"campfire_rested":4,"playtime":2101,"current_hp_per_floor":[65,65,65,64,59,33,54,54,54,54,70,62,62,62,62,48,70,70,70,66,66,51,30,18,39,39,19,19,19,18,16,37],"items_purged":["Strike_G"],"gold":57,"play_id":"391d347b-02e9-441e-af43-c731037c2fe5","is_prod":false,"is_daily":false,"campfire_rituals":0,"campfire_upgraded":1,"is_hardmode":false,"path_taken":["M","M","?","?","M","E","R","?","T","?","R","E","$","M","R","BOSS","M","?","M","$","M","E","M","R","T","M","$","?","M","M","R","BOSS"],"build_version":"2018-01-11-PROD2","purchased_purges":1,"victory":false,"master_deck":["Defend_G","Defend_G","Defend_G","Defend_G","Defend_G","Strike_G","Strike_G","Strike_G","Strike_G","Survivor","Neutralize","Bane","All Out Attack","Blur","Dash","Dagger Throw","Glass Knife","Prepared","Flying Knee","A Thousand Cuts","Prepared","Caltrops","Slice","Caltrops","Acrobatics","Flash of Steel","Blade Dance","Backflip"],"max_hp_per_floor":[70,70,70,70,70,70,70,70,70,70,70,70,70,70,70,70,70,70,70,70,70,70,70,70,70,70,70,70,70,70,70,70],"relics":["Ring of the Snake","War Paint","Matryoshka","Oddly Smooth Stone","Mercury Hourglass","Centennial Puzzle","Anchor","Sozu","Juzu Bracelet","Bag of Marbles","Toxic Egg"],"campfire_meditates":0,"card_choices":[{"not_picked":["Cloak And Dagger","Flying Knee"],"picked":"Bane"},{"not_picked":["Sucker Punch","Quick Slash"],"picked":"All Out Attack"},{"not_picked":["Blade Dance","Setup"],"picked":"Blur"},{"not_picked":["Terror","Sucker Punch"],"picked":"Dash"},{"not_picked":["Tactician","Underhanded Strike"],"picked":"Dagger Throw"},{"not_picked":["PiercingWail","Outmaneuver"],"picked":"Glass Knife"},{"not_picked":["Quick Slash","Prepared"],"picked":"Flying Knee"},{"not_picked":["Wraith Form","Doppelganger"],"picked":"A Thousand Cuts"},{"not_picked":["Flying Knee","Underhanded Strike"],"picked":"Prepared"},{"not_picked":["Dagger Spray","Acrobatics"],"picked":"Slice"},{"not_picked":["Dash","Prepared"],"picked":"Caltrops"},{"not_picked":["Flechettes","Underhanded Strike"],"picked":"Acrobatics"},{"not_picked":["Quick Slash","Outmaneuver"],"picked":"Blade Dance"},{"not_picked":["Glass Knife","Accuracy"],"picked":"Backflip"}],"player_experience":500859,"potions_floor_usage":[6,12,12],"damage_taken":[{"damage":5,"enemies":"Blue Slaver","floor":1,"turns":4},{"damage":0,"enemies":"2 Louse","floor":2,"turns":2},{"damage":1,"enemies":"Cultist","floor":4,"turns":4},{"damage":5,"enemies":"Red Slaver","floor":5,"turns":5},{"damage":26,"enemies":"Gremlin Nob","floor":6,"turns":6},{"damage":0,"enemies":"Gremlin Gang","floor":10,"turns":2},{"damage":8,"enemies":"Lagavulin","floor":12,"turns":5},{"damage":0,"enemies":"Looter","floor":14,"turns":2},{"damage":14,"enemies":"Slime Boss","floor":16,"turns":9},{"damage":0,"enemies":"3 Byrds","floor":18,"turns":4},{"damage":4,"enemies":"2 Thieves","floor":20,"turns":3},{"damage":15,"enemies":"Snecko","floor":22,"turns":4},{"damage":21,"enemies":"Book of Stabbing","floor":23,"turns":6},{"damage":12,"enemies":"Centurion and Healer","floor":24,"turns":4},{"damage":20,"enemies":"Sentry and Sphere","floor":27,"turns":3},{"damage":1,"enemies":"3 Cultists","floor":30,"turns":3},{"damage":2,"enemies":"Snecko","floor":31,"turns":4},{"damage":39,"enemies":"Automaton","floor":33,"turns":8}],"event_choices":[{"event_name":"Liars Game","player_choice":"disagreed","floor":3,"damage_taken":0},{"event_name":"The Lab","player_choice":"Got Potions","floor":19,"damage_taken":0},{"event_name":"Cursed Tome","player_choice":"Ignored","floor":29,"damage_taken":0}],"boss_relics":[{"not_picked":["Philosopher\u0027s Stone","Tiny House"],"picked":"Sozu"}],"potions_floor_spawned":[4,6,10,14,16,18,24,27,31],"seed_played":"5328100544190529646","killed_by":"Automaton","is_trial":false}