{"path_per_floor":["M","?","M","?","?","E","R","E","T","M","$","R","M","M","R","B",null,"M","?","M","M","?","R","M","R","T","M","M","$","M","E","R"],"character_chosen":"THE_SILENT","items_purchased":["Oddly Smooth Stone","Lee\u0027s Waffle"],"gold_per_floor":[114,114,127,127,127,153,153,179,203,222,1,1,17,27,27,125,125,144,144,160,170,170,170,182,182,257,269,281,85,104,133,133],"floor_reached":33,"campfire_rested":3,"playtime":3718,"current_hp_per_floor":[65,58,58,56,56,37,76,46,46,46,46,46,46,45,80,58,80,66,66,57,53,53,59,39,80,80,71,47,87,81,53,61],"items_purged":["Strike_G"],"gold":133,"play_id":"1d166008-daa7-4cd6-9460-6538786d18cd","is_prod":false,"is_daily":false,"campfire_rituals":0,"campfire_upgraded":3,"is_hardmode":false,"path_taken":["M","?","M","?","?","E","R","E","T","M","$","R","M","M","R","BOSS","M","?","M","M","?","R","M","R","T","M","M","?","?","E","R","BOSS"],"build_version":"2018-01-18-PROD4","purchased_purges":1,"victory":false,"master_deck":["Defend_G","Defend_G","Defend_G","Strike_G","Strike_G","Strike_G","Strike_G","Survivor","Neutralize","Leg Sweep","Cloak And Dagger","Choke","Glass Knife","Blade Dance","Calculated Gamble","Caltrops","A Thousand Cuts","Deflect","Prepared","Dash","Cloak And Dagger"],"max_hp_per_floor":[70,70,70,80,80,80,80,80,80,80,80,80,80,80,80,80,80,80,80,80,80,80,80,80,80,80,80,80,87,87,87,87],"relics":["Ring of the Snake","Bronze Scales","Pear","Regal Pillow","Happy Flower","Dream Catcher","Oddly Smooth Stone","Eternal Feather","Blue Candle","Lee\u0027s Waffle","Frozen Egg"],"campfire_meditates":0,"card_choices":[{"not_picked":["Dodge and Roll","Reflex"],"picked":"Leg Sweep"},{"not_picked":["Masterful Stab","PiercingWail"],"picked":"Cloak And Dagger"},{"not_picked":["Finisher","Concentrate"],"picked":"Choke"},{"not_picked":["Riddle With Holes","Poisoned Stab"],"picked":"Glass Knife"},{"not_picked":["Sucker Punch","Deadly Poison"],"picked":"Blade Dance"},{"not_picked":["Deadly Poison","Underhanded Strike"],"picked":"Calculated Gamble"},{"not_picked":["Eviscerate","Quick Slash"],"picked":"Caltrops"},{"not_picked":["Tactician","Corpse Explosion"],"picked":"A Thousand Cuts"},{"not_picked":["Poisoned Stab","Bane"],"picked":"Deflect"},{"not_picked":["Caltrops","Endless Agony"],"picked":"Prepared"},{"not_picked":["Quick Slash","Eviscerate"],"picked":"Dash"},{"not_picked":["Dodge and Roll","Quick Slash"],"picked":"Cloak And Dagger"}],"player_experience":527515,"potions_floor_usage":[6,8,16,24,27,28,31,33],"damage_taken":[{"damage":5,"enemies":"Jaw Worm","floor":1,"turns":3},{"damage":0,"enemies":"Cultist","floor":3,"turns":4},{"damage":19,"enemies":"Gremlin Nob","floor":6,"turns":4},{"damage":30,"enemies":"Lagavulin","floor":8,"turns":5},{"damage":0,"enemies":"2 Louse","floor":10,"turns":2},{"damage":0,"enemies":"2 Fungi Beasts","floor":13,"turns":2},{"damage":1,"enemies":"Looter","floor":14,"turns":2},{"damage":22,"enemies":"Hexaghost","floor":16,"turns":9},{"damage":14,"enemies":"3 Byrds","floor":18,"turns":3},{"damage":9,"enemies":"Chosen","floor":20,"turns":5},{"damage":4,"enemies":"Snecko","floor":21,"turns":4},{"damage":20,"enemies":"Slaver and Parasite","floor":24,"turns":6},{"damage":9,"enemies":"Snake Plant","floor":27,"turns":4},{"damage":24,"enemies":"Centurion and Healer","floor":28,"turns":6},{"damage":6,"enemies":"Snecko","floor":30,"turns":5},{"damage":28,"enemies":"Slavers","floor":31,"turns":6},{"damage":62,"enemies":"Champ","floor":33,"turns":10}],"event_choices":[{"event_name":"Golden Wing","player_choice":"Card Removal","floor":2,"damage_taken":0},{"event_name":"Scrap Ooze","player_choice":"success","floor":4,"damage_taken":12},{"event_name":"Golden Idol","player_choice":"Ignored","floor":5,"damage_taken":0},{"event_name":"Vampires","player_choice":"Ignored","floor":19,"damage_taken":0},{"event_name":"Bonfire Elementals","player_choice":"BASIC","floor":22,"damage_taken":0}],"boss_relics":[{"not_picked":["Orrery","Lizard Tail"],"picked":"Eternal Feather"}],"potions_floor_spawned":[1,6,10,20,24,27,30,31],"seed_played":"-8423942416279155558","killed_by":"Champ","is_trial":false}