{"path_per_floor":["M","?","M","$","?","E","M","R","T","?","R","M","?","$","R","B",null,"M","M","$","M","?","E","?","E","T","M","R","M","?"],"character_chosen":"THE_SILENT","items_purchased":["Footwork","Infinite Blades"],"gold_per_floor":[118,118,133,22,22,57,72,72,72,72,72,85,115,15,15,115,115,97,111,41,53,53,84,84,119,168,182,182,201,201],"floor_reached":31,"campfire_rested":3,"playtime":2731,"current_hp_per_floor":[70,37,37,37,37,37,37,58,58,58,58,58,58,58,70,4,70,66,70,70,70,70,61,61,20,20,11,35,32,32],"items_purged":["Defend_G","Defend_G"],"gold":201,"play_id":"767b4d97-d262-4e71-b71a-b78c9c30d7f0","is_prod":false,"is_daily":false,"campfire_rituals":0,"campfire_upgraded":1,"is_hardmode":false,"path_taken":["M","?","M","$","?","E","M","R","T","?","R","M","?","$","R","BOSS","M","M","$","M","?","E","?","E","T","M","R","M","?","M"],"build_version":"2018-01-18-PROD3","purchased_purges":2,"victory":false,"master_deck":["Defend_G","Defend_G","Defend_G","Strike_G","Strike_G","Strike_G","Strike_G","Survivor","Neutralize","Backflip","Endless Agony","Footwork","Dash","PiercingWail","Adrenaline","Dash","Infinite Blades","Slice","Blade Dance","Terror","Accuracy","Deflect","Decay"],"max_hp_per_floor":[70,70,70,70,70,70,70,70,70,70,70,70,70,70,70,70,70,70,70,70,70,70,80,80,80,80,80,80,80,80],"relics":["Ring of the Snake","NeowsBlessing","Kunai","Dodecahedron","Dream Catcher","Pen Nib","Black Star","Blue Candle","Pear","Dead Branch","Peace Pipe","Molten Egg"],"campfire_meditates":0,"card_choices":[{"not_picked":["Crippling Poison","Dodge and Roll"],"picked":"Backflip"},{"not_picked":["Distraction","Poisoned Stab"],"picked":"Endless Agony"},{"not_picked":["Terror","Outmaneuver"],"picked":"Dash"},{"not_picked":["Bane","Skewer"],"picked":"PiercingWail"},{"not_picked":["Tactician","Night Terror"],"picked":"Adrenaline"},{"not_picked":["Dagger Spray","Endless Agony"],"picked":"Dash"},{"not_picked":["Sucker Punch","Deflect"],"picked":"Slice"},{"not_picked":["Slice","Poisoned Stab"],"picked":"Terror"},{"not_picked":["Distraction","Acrobatics"],"picked":"Accuracy"},{"not_picked":["Caltrops","Endless Agony"],"picked":"Deflect"}],"player_experience":515437,"potions_floor_usage":[27,29],"damage_taken":[{"damage":0.0,"enemies":"Cultist","floor":1.0,"turns":1.0},{"damage":0.0,"enemies":"2 Louse","floor":3.0,"turns":1.0},{"damage":0.0,"enemies":"3 Sentries","floor":6.0,"turns":1.0},{"damage":0.0,"enemies":"Jaw Worm","floor":7.0,"turns":3.0},{"damage":0.0,"enemies":"3 Louse","floor":12.0,"turns":2.0},{"damage":66.0,"enemies":"Hexaghost","floor":16.0,"turns":19.0},{"damage":4.0,"enemies":"2 Thieves","floor":18.0,"turns":4.0},{"damage":2.0,"enemies":"Shell Parasite","floor":19.0,"turns":8.0},{"damage":0.0,"enemies":"Snecko","floor":21.0,"turns":5.0},{"damage":19.0,"enemies":"Slavers","floor":23.0,"turns":8.0},{"damage":41,"enemies":"Gremlin Leader","floor":25,"turns":7},{"damage":9,"enemies":"Snake Plant","floor":27,"turns":5},{"damage":12,"enemies":"Chosen and Byrds","floor":29,"turns":4},{"damage":24,"enemies":"Sentry and Sphere","floor":31,"turns":7}],"event_choices":[{"event_name":"Scrap Ooze","player_choice":"success","floor":2.0,"damage_taken":33.0},{"event_name":"Golden Idol","player_choice":"Ignored","floor":5.0,"damage_taken":0.0},{"event_name":"Bonfire Elementals","player_choice":"BASIC","floor":10.0,"damage_taken":0.0},{"event_name":"Dead Adventurer","player_choice":"Searched \u00272\u0027 times","floor":13.0,"damage_taken":0.0},{"event_name":"The Library","player_choice":"Read","floor":22.0,"damage_taken":0.0},{"event_name":"Vampires","player_choice":"Ignored","floor":24,"damage_taken":0},{"event_name":"Forgotten Altar","player_choice":"Smashed Altar","floor":30,"damage_taken":0}],"boss_relics":[],"potions_floor_spawned":[1,6,7,16,18,25,27],"seed_played":"8108159316884852778","killed_by":"Sentry and Sphere","is_trial":false}