{"path_per_floor":["M","M","$","M","?","R","M","R","T","E","$","T","E","?","R","B",null,"M","?","?","$","M","R","M","$","T","M","M","M","M","T","R","B",null,"M","$","M","?","M","R","M","R","T","?","?","M","T","M","R","B"],"character_chosen":"THE_SILENT","items_purchased":["Cloak And Dagger","Footwork","Blue Candle"],"gold_per_floor":[144,161,86,96,96,96,110,110,110,140,13,38,70,70,70,171,171,190,105,105,79,98,98,108,8,31,50,60,80,92,92,92,191,191,206,0,20,20,36,36,51,51,51,51,51,67,67,81,81,81],"floor_reached":51,"campfire_rested":3,"playtime":4306,"current_hp_per_floor":[68,67,67,67,60,60,46,67,67,33,33,33,13,13,34,16,70,64,64,64,64,64,64,60,60,60,55,53,38,37,37,58,66,70,64,64,62,70,67,67,62,62,62,62,62,63,63,65,65,41],"items_purged":["Strike_G","Defend_G","Strike_G"],"gold":81,"play_id":"56519a28-fb05-4333-b304-2493c9f953a6","is_prod":false,"is_daily":false,"campfire_rituals":0,"campfire_upgraded":3,"is_hardmode":false,"path_taken":["M","M","$","M","?","R","M","R","T","E","$","?","E","?","R","BOSS","M","?","?","?","M","R","?","?","T","?","M","M","M","?","R","BOSS","M","$","M","?","?","R","M","R","T","?","?","M","?","?","R","BOSS"],"build_version":"2018-01-18-PROD4","purchased_purges":3,"victory":true,"master_deck":["Defend_G","Defend_G","Strike_G","Strike_G","Survivor","Neutralize","Noxious Fumes","Flying Knee","Poisoned Stab","Escape Plan","Cloak And Dagger","PiercingWail","After Image","Flying Knee","Footwork","Outmaneuver","Decay","Dash","Cloak And Dagger","Acrobatics","Doubt","Quick Slash","A Thousand Cuts","Choke","Die Die Die","Venomology","Infinite Blades","Writhe","Flying Knee","Parasite","Dash","Calculated Gamble","Regret","Backflip"],"max_hp_per_floor":[70,70,70,70,70,70,70,70,70,70,70,70,70,70,70,70,70,70,70,70,70,70,70,70,70,70,70,70,70,70,70,70,70,70,70,70,70,70,70,70,70,70,70,70,70,70,70,70,70,70],"relics":["Ring of the Snake","Tiny Chest","War Paint","Girya","Gremlin Horn","Orichalcum","The Courier","Cursed Key","Ginger","Prayer Wheel","Ice Cream","Astrolabe","Blue Candle","Bird Faced Urn","Bag of Marbles"],"campfire_meditates":0,"card_choices":[{"not_picked":["Dodge and Roll","Heel Hook"],"picked":"Noxious Fumes"},{"not_picked":["Dagger Throw","Prepared"],"picked":"Flying Knee"},{"not_picked":["Choke","Leg Sweep"],"picked":"Poisoned Stab"},{"not_picked":["Flying Knee","Caltrops"],"picked":"Escape Plan"},{"not_picked":["Escape Plan","Dodge and Roll"],"picked":"PiercingWail"},{"not_picked":["Envenom","Glass Knife"],"picked":"After Image"},{"not_picked":["All Out Attack","Reflex"],"picked":"Flying Knee"},{"not_picked":["Deflect","Backflip"],"picked":"Outmaneuver"},{"not_picked":["Poisoned Stab","Terror"],"picked":"Dash"},{"not_picked":["Outmaneuver","Masterful Stab"],"picked":"Cloak And Dagger"},{"not_picked":["PiercingWail","Concentrate"],"picked":"Endless Agony"},{"not_picked":["Poisoned Stab","Setup"],"picked":"Acrobatics"},{"not_picked":["Crippling Poison","Dodge and Roll"],"picked":"Quick Slash"},{"not_picked":["Night Terror","Unload"],"picked":"A Thousand Cuts"},{"not_picked":["Backflip","Well Laid Plans"],"picked":"Infinite Blades"},{"not_picked":["Slice","Prepared"],"picked":"Flying Knee"},{"not_picked":["Backstab","Slice"],"picked":"Dash"},{"not_picked":["Deflect","Endless Agony"],"picked":"Calculated Gamble"},{"not_picked":["Finisher","Bane"],"picked":"Backflip"}],"player_experience":548157,"potions_floor_usage":[24,29,29,30,33,33,37,37,39,41,46,48,48,50,50,50],"damage_taken":[{"damage":2.0,"enemies":"Cultist","floor":1.0,"turns":5.0},{"damage":1.0,"enemies":"Jaw Worm","floor":2.0,"turns":5.0},{"damage":0.0,"enemies":"2 Louse","floor":4.0,"turns":3.0},{"damage":14.0,"enemies":"Exordium Thugs","floor":7.0,"turns":7.0},{"damage":34.0,"enemies":"Lagavulin","floor":10.0,"turns":6.0},{"damage":20.0,"enemies":"3 Sentries","floor":13.0,"turns":7.0},{"damage":18.0,"enemies":"Slime Boss","floor":16.0,"turns":13.0},{"damage":6.0,"enemies":"Spheric Guardian","floor":18.0,"turns":6.0},{"damage":0.0,"enemies":"3 Byrds","floor":22.0,"turns":7.0},{"damage":4,"enemies":"Centurion and Healer","floor":24,"turns":7},{"damage":5,"enemies":"Snake Plant","floor":27,"turns":6},{"damage":2,"enemies":"Snecko","floor":28,"turns":6},{"damage":15,"enemies":"Centurion and Healer","floor":29,"turns":7},{"damage":1,"enemies":"Slaver and Parasite","floor":30,"turns":8},{"damage":7,"enemies":"Collector","floor":33,"turns":12},{"damage":6,"enemies":"Orb Walker","floor":35,"turns":5},{"damage":2,"enemies":"3 Darklings","floor":37,"turns":5},{"damage":3,"enemies":"Maw","floor":39,"turns":8},{"damage":5,"enemies":"4 Shapes","floor":41,"turns":4},{"damage":9,"enemies":"Sphere and 2 Shapes","floor":46,"turns":4},{"damage":7,"enemies":"Maw","floor":48,"turns":8},{"damage":49,"enemies":"Donu and Deca","floor":50,"turns":10}],"event_choices":[{"event_name":"Scrap Ooze","player_choice":"success","floor":5.0,"damage_taken":7.0},{"event_name":"Golden Wing","player_choice":"Ignored","floor":14.0,"damage_taken":0.0},{"event_name":"Addict","player_choice":"Obtained Relic","floor":19.0,"damage_taken":0.0},{"event_name":"The Mausoleum","player_choice":"No","floor":20.0,"damage_taken":0.0},{"event_name":"Winding Halls","player_choice":"Writhe","floor":38,"damage_taken":0},{"event_name":"The Lab","player_choice":"Got Potions","floor":45,"damage_taken":0}],"boss_relics":[{"not_picked":["Orrery","The Specimen"],"picked":"Astrolabe"}],"potions_floor_spawned":[4,13,16,18,22,28,29,30,35,37,46],"seed_played":"-6855223966936670937","is_trial":false}