{"path_per_floor":["M","?","?","M","$","E","?","M","T","?","$","R","M","T","R","B",null,"M","M","M","$","M","R","?","T","T","$","?","R","?","M","R","B",null],"character_chosen":"THE_SILENT","items_purchased":["Noxious Fumes","Regal Pillow","Footwork","Apotheosis","Leg Sweep"],"gold_per_floor":[118,293,293,306,39,66,89,109,109,359,21,21,38,61,61,166,166,184,203,218,16,33,33,33,59,59,59,59,59,59,70,70,171,171],"floor_reached":35,"campfire_rested":0,"playtime":2833,"current_hp_per_floor":[70,70,70,70,70,70,52,52,52,52,52,52,52,52,52,52,70,70,62,69,69,68,68,68,68,68,68,68,68,68,60,60,38,72],"items_purged":["Strike_G","Regret","Setup"],"gold":171,"play_id":"31f18f7b-4bc9-43ef-87b4-41d9373f180a","is_prod":false,"is_daily":false,"is_ascension_mode":false,"campfire_upgraded":5,"path_taken":["M","?","?","M","$","E","?","M","T","?","?","R","M","?","R","BOSS","M","M","M","$","M","R","?","?","T","$","?","R","?","M","R","BOSS","M"],"build_version":"2018-01-25-PROD3","purchased_purges":3,"victory":false,"master_deck":["Survivor","Neutralize+1","Quick Slash","Poisoned Stab","Noxious Fumes+1","Poisoned Stab","Cloak And Dagger","Footwork+1","Apotheosis+1","Acrobatics","Bullet Time+1","Quick Slash","Prepared","PiercingWail","Bane","Deflect","Deadly Poison","Blur","Well Laid Plans","Dash","Catalyst+1","Leg Sweep+1","Night Terror"],"max_hp_per_floor":[70,70,70,70,70,70,70,70,70,70,70,70,70,70,70,70,70,70,70,70,70,70,70,70,70,70,70,70,70,70,72,72,72,72],"relics":["Ring of the Snake","NeowsBlessing","Regal Pillow","Anchor","Odd Mushroom","Dead Branch","Molten Egg","Pandora\u0027s Box","Singing Bowl","Du-Vu Doll","The Specimen"],"card_choices":[{"not_picked":["Eviscerate","Acrobatics"],"picked":"Quick Slash"},{"not_picked":["Dodge and Roll","Masterful Stab"],"picked":"Poisoned Stab"},{"not_picked":["Setup","Cloak And Dagger"],"picked":"Poisoned Stab"},{"not_picked":["Calculated Gamble","Backstab"],"picked":"Cloak And Dagger"},{"not_picked":["Poisoned Stab","Sucker Punch"],"picked":"Acrobatics"},{"not_picked":["Unload","Doppelganger"],"picked":"Bullet Time"},{"not_picked":["Flying Knee","Finisher"],"picked":"Well Laid Plans"},{"not_picked":["Infinite Blades","Distraction"],"picked":"Dash"},{"not_picked":["Dagger Throw","Dagger Spray"],"picked":"Catalyst"},{"not_picked":["Phantasmal Killer","Doppelganger"],"picked":"Night Terror"}],"player_experience":606036,"potions_floor_usage":[7,16,19,20,20,31,35],"damage_taken":[{"damage":0,"enemies":"Cultist","floor":1,"turns":1},{"damage":0,"enemies":"Small Slimes","floor":4,"turns":1},{"damage":0,"enemies":"Gremlin Nob","floor":6,"turns":1},{"damage":18,"enemies":"The Mushroom Lair","floor":7,"turns":4},{"damage":0,"enemies":"2 Louse","floor":8,"turns":2},{"damage":0,"enemies":"Exordium Wildlife","floor":13,"turns":3},{"damage":15,"enemies":"Slime Boss","floor":16,"turns":10},{"damage":0,"enemies":"3 Byrds","floor":18,"turns":5},{"damage":8,"enemies":"Spheric Guardian","floor":19,"turns":4},{"damage":7,"enemies":"Slaver and Parasite","floor":20,"turns":6},{"damage":1,"enemies":"Snecko","floor":22,"turns":4},{"damage":10,"enemies":"3 Cultists","floor":31,"turns":5},{"damage":22,"enemies":"Automaton","floor":33,"turns":10},{"damage":61,"enemies":"3 Darklings","floor":35,"turns":4}],"event_choices":[{"event_name":"Liars Game","player_choice":"agreed","floor":2,"damage_taken":0},{"event_name":"Purifier","player_choice":"One Purge","floor":3,"damage_taken":0},{"event_name":"Mushrooms","player_choice":"Fought Mushrooms","floor":7,"damage_taken":0},{"event_name":"Golden Shrine","player_choice":"Desecrate","floor":10,"damage_taken":0},{"event_name":"Drug Dealer","player_choice":"Ignored","floor":24,"damage_taken":0},{"event_name":"The Woman in Blue","player_choice":"Bought 0 Potions","floor":28,"damage_taken":0},{"event_name":"Back to Basics","player_choice":"Elegance","floor":30,"damage_taken":0}],"boss_relics":[{"not_picked":["Ectoplasm","White Beast Statue"],"picked":"Pandora\u0027s Box"},{"not_picked":["Sozu","Question Card"],"picked":"The Specimen"}],"potions_floor_spawned":[1,13,16,18,20,33],"seed_played":"1933749612806281330","killed_by":"3 Darklings","ascension_level":0,"is_trial":false}