{"path_per_floor":["M","?","?","M","M","E","R","M","T","R","M","$","M","E","R","B",null,"M","M","$","M","?","E","$","R","T","M","R","?","M","M","R","B",null,"M","$","?","?","M","R","?","R","T","M","T","M","M","?","R"],"character_chosen":"THE_SILENT","items_purchased":["Backflip","Oddly Smooth Stone","Deflect"],"gold_per_floor":[116,116,116,128,148,183,183,194,221,221,233,106,122,147,147,245,245,255,270,170,180,180,206,51,51,51,66,66,66,79,99,99,203,203,221,48,48,0,11,11,11,11,62,76,76,88,106,106,106],"floor_reached":50,"campfire_rested":4,"playtime":4455,"current_hp_per_floor":[70,70,70,70,70,47,47,47,47,68,59,59,58,48,48,32,70,60,60,60,51,51,43,43,64,64,44,65,65,65,60,60,35,70,39,39,39,39,32,63,70,70,70,55,55,38,10,60,60],"items_purged":["Pain","Strike_G","Pain"],"gold":106,"play_id":"15748b4d-c33e-4eb0-bdbd-cf4d934c5d2c","is_prod":false,"is_daily":false,"is_ascension_mode":false,"campfire_upgraded":5,"path_taken":["M","?","?","M","M","E","R","M","T","R","M","$","M","E","R","BOSS","M","?","$","M","?","E","$","R","T","M","R","?","?","M","R","BOSS","M","$","?","?","M","R","?","R","T","?","?","M","M","?","R","BOSS"],"build_version":"2018-01-25-PROD3","purchased_purges":3,"victory":false,"master_deck":["Defend_G","Defend_G","Defend_G","Defend_G","Strike_G","Strike_G","Survivor+1","Neutralize","Prepared+1","Burst+1","Cloak And Dagger+1","Poisoned Stab","Crippling Poison+1","Deadly Poison","Backflip","Caltrops","Poisoned Stab","Adrenaline","Cloak And Dagger","Dagger Spray+1","Footwork+1","Bane","Night Terror+1","Catalyst+1","Deflect","Writhe","Parasite","Backflip","Backflip+1"],"max_hp_per_floor":[70,70,70,70,70,70,70,70,70,70,70,70,70,70,70,70,70,70,70,70,70,70,70,70,70,70,70,70,70,70,70,70,70,70,70,70,70,70,70,70,70,70,70,70,70,70,70,60,60],"relics":["Cursed Key","War Paint","Bag of Preparation","Snake Skull","Lizard Tail","Bottled Tornado","Oddly Smooth Stone","Bronze Scales","Eternal Feather","Red Mask","Dream Catcher"],"card_choices":[{"not_picked":["Backstab","Flechettes"],"picked":"Prepared"},{"not_picked":["Dagger Throw","Sucker Punch"],"picked":"Cloak And Dagger"},{"not_picked":["Outmaneuver","Backflip"],"picked":"Poisoned Stab"},{"not_picked":["Backstab","Underhanded Strike"],"picked":"Crippling Poison"},{"not_picked":["Acrobatics","Poisoned Stab"],"picked":"Deadly Poison"},{"not_picked":["Well Laid Plans","Dagger Spray"],"picked":"Caltrops"},{"not_picked":["Setup","Outmaneuver"],"picked":"Poisoned Stab"},{"not_picked":["Storm of Steel","Die Die Die"],"picked":"Adrenaline"},{"not_picked":["Heel Hook","Deflect"],"picked":"Cloak And Dagger"},{"not_picked":["PiercingWail","Backflip"],"picked":"Dagger Spray"},{"not_picked":["Quick Slash","Well Laid Plans"],"picked":"Footwork"},{"not_picked":["Flying Knee","Blade Dance"],"picked":"Bane"},{"not_picked":["Phantasmal Killer","Wraith Form"],"picked":"Night Terror"},{"not_picked":["Malaise","Sucker Punch"],"picked":"Catalyst"},{"not_picked":["Poisoned Stab","Prepared"],"picked":"Backflip"},{"not_picked":["Reflex","Finisher"],"picked":"Backflip"}],"player_experience":572967,"potions_floor_usage":[50,50],"damage_taken":[{"damage":0.0,"enemies":"Small Slimes","floor":1.0,"turns":4.0},{"damage":0.0,"enemies":"Blue Slaver","floor":4.0,"turns":5.0},{"damage":0.0,"enemies":"2 Louse","floor":5.0,"turns":3.0},{"damage":23.0,"enemies":"Gremlin Nob","floor":6.0,"turns":5.0},{"damage":0.0,"enemies":"Large Slime","floor":8.0,"turns":9.0},{"damage":9.0,"enemies":"Lots of Slimes","floor":11.0,"turns":5.0},{"damage":1.0,"enemies":"Looter","floor":13.0,"turns":3.0},{"damage":10.0,"enemies":"Lagavulin","floor":14.0,"turns":5.0},{"damage":16.0,"enemies":"Slime Boss","floor":16.0,"turns":12.0},{"damage":10.0,"enemies":"2 Thieves","floor":18.0,"turns":4.0},{"damage":0.0,"enemies":"3 Byrds","floor":19.0,"turns":4.0},{"damage":9.0,"enemies":"Snake Plant","floor":21.0,"turns":5.0},{"damage":8.0,"enemies":"Book of Stabbing","floor":23.0,"turns":6.0},{"damage":20.0,"enemies":"Sentry and Sphere","floor":27.0,"turns":5.0},{"damage":0.0,"enemies":"Chosen and Byrds","floor":30.0,"turns":4.0},{"damage":5.0,"enemies":"Snake Plant","floor":31.0,"turns":3.0},{"damage":73.0,"enemies":"Automaton","floor":33.0,"turns":13.0},{"damage":31,"enemies":"3 Darklings","floor":35,"turns":6},{"damage":7,"enemies":"3 Shapes","floor":39,"turns":6},{"damage":15,"enemies":"Maw","floor":44,"turns":6},{"damage":17,"enemies":"Sphere and 2 Shapes","floor":46,"turns":9},{"damage":28,"enemies":"3 Darklings","floor":47,"turns":5},{"damage":59,"enemies":"Time Eater","floor":50,"turns":11}],"event_choices":[{"event_name":"Bonfire Elementals","player_choice":"BASIC","floor":2.0,"damage_taken":0.0},{"event_name":"Transmorgrifier","player_choice":"Transform","floor":3.0,"damage_taken":0.0},{"event_name":"The Mausoleum","player_choice":"No","floor":22.0,"damage_taken":0.0},{"event_name":"Beggar","player_choice":"Ignored","floor":29.0,"damage_taken":0.0},{"event_name":"Tomb of Lord Red Mask","player_choice":"Paid","floor":38,"damage_taken":0},{"event_name":"Winding Halls","player_choice":"Writhe","floor":41,"damage_taken":0},{"event_name":"The Moai Head","player_choice":"Heal","floor":48,"damage_taken":0}],"boss_relics":[{"not_picked":["Tiny House","Calling Bell"],"picked":"Eternal Feather"}],"potions_floor_spawned":[1,4,6,13,16,18,27,30,35,47],"seed_played":"-7653617734577044765","killed_by":"Time Eater","ascension_level":0,"is_trial":false}