{"path_per_floor":["M","?","M","M","?","E","R","T","T","M","$","M","R","M","R","B",null,"M","$","M","$","?","R","M","M","T","R","?","M"],"character_chosen":"THE_SILENT","items_purchased":["Apotheosis","A Thousand Cuts"],"gold_per_floor":[117,117,135,151,151,186,186,210,210,229,36,51,51,64,64,161,191,208,64,77,2,2,2,17,29,29,29,29,43],"floor_reached":30,"campfire_rested":2,"playtime":1627,"current_hp_per_floor":[70,63,63,63,68,50,50,50,50,40,40,39,39,39,63,44,87,69,69,81,81,81,81,43,13,13,39,39,20],"items_purged":["Strike_G"],"gold":43,"play_id":"253563e7-8c94-4575-9b95-bce14f105412","is_prod":false,"is_daily":false,"is_ascension_mode":false,"campfire_upgraded":3,"path_taken":["M","?","?","M","?","E","R","?","T","M","$","?","R","M","R","BOSS","M","?","M","$","?","R","M","M","T","R","?","?","E"],"build_version":"2018-01-25-PROD3","purchased_purges":1,"victory":false,"master_deck":["Defend_G","Defend_G","Defend_G","Strike_G+1","Strike_G+1","Strike_G","Strike_G","Survivor+1","Neutralize","Skewer+1","Noxious Fumes","PiercingWail","Apotheosis+1","Quick Slash","Bane","Dagger Spray","A Thousand Cuts+1","Cloak And Dagger","Noxious Fumes+1","Cloak And Dagger","Outmaneuver","Escape Plan"],"max_hp_per_floor":[70,70,70,70,75,82,82,82,82,82,82,82,82,82,82,82,87,87,87,87,87,87,87,87,87,87,87,87,87],"relics":["Ring of the Snake","Strawberry","Whetstone","Toxic Egg","Tiny House","Bottled Tornado"],"card_choices":[{"not_picked":["Underhanded Strike","Deflect"],"picked":"Skewer"},{"not_picked":["Wraith Form","Backflip"],"picked":"Noxious Fumes"},{"not_picked":["Deflect","Bane"],"picked":"PiercingWail"},{"not_picked":["Infinite Blades","Deadly Poison"],"picked":"Quick Slash"},{"not_picked":["Caltrops","Heel Hook"],"picked":"Bane"},{"not_picked":["Deadly Poison","Heel Hook"],"picked":"Dagger Spray"},{"not_picked":["Accuracy","PiercingWail"],"picked":"Cloak And Dagger"},{"not_picked":["Dagger Spray","Sucker Punch"],"picked":"Noxious Fumes"},{"not_picked":["Sucker Punch","Terror"],"picked":"Cloak And Dagger"},{"not_picked":["Slice","Accuracy"],"picked":"Escape Plan"}],"player_experience":619171,"potions_floor_usage":[6,12,16,16,20,20,30],"damage_taken":[{"damage":0,"enemies":"2 Louse","floor":1,"turns":2},{"damage":0,"enemies":"Jaw Worm","floor":3,"turns":3},{"damage":0,"enemies":"Cultist","floor":4,"turns":3},{"damage":25,"enemies":"Gremlin Nob","floor":6,"turns":4},{"damage":10,"enemies":"Lots of Slimes","floor":10,"turns":3},{"damage":1,"enemies":"3 Louse","floor":12,"turns":3},{"damage":0,"enemies":"Large Slime","floor":14,"turns":4},{"damage":19,"enemies":"The Guardian","floor":16,"turns":8},{"damage":18,"enemies":"Chosen","floor":18,"turns":5},{"damage":0,"enemies":"3 Byrds","floor":20,"turns":4},{"damage":38,"enemies":"Centurion and Healer","floor":24,"turns":5},{"damage":30,"enemies":"Snecko","floor":25,"turns":4},{"damage":19,"enemies":"Chosen and Byrds","floor":29,"turns":6},{"damage":11,"enemies":"Book of Stabbing","floor":30,"turns":4}],"event_choices":[{"event_name":"Golden Wing","player_choice":"Card Removal","floor":2,"damage_taken":0},{"event_name":"Big Fish","player_choice":"Donut","floor":5,"damage_taken":0},{"event_name":"Back to Basics","player_choice":"Elegance","floor":22,"damage_taken":0},{"event_name":"Match and Keep!","player_choice":"1 cards matched","floor":28,"damage_taken":0}],"boss_relics":[{"not_picked":["Lizard Tail","Velvet Choker"],"picked":"Tiny House"}],"potions_floor_spawned":[1,10,12,14,18,25],"seed_played":"2110258071114977355","killed_by":"Book of Stabbing","ascension_level":0,"is_trial":false}