{"path_per_floor":["M","M","M","?","?","R","M","R","T","M","$","E","$","M","R","B",null,"M","M","?","M","$","R","M","M","T","?","M","R","M","M","R","B",null,"M","$","?","M","M","R","?","$","T","M","R","M","T","M","R","B"],"character_chosen":"THE_SILENT","items_purchased":["Underhanded Strike","Footwork","Acrobatics","Escape Plan"],"gold_per_floor":[110,124,141,141,141,141,153,153,229,246,24,51,51,67,67,163,163,179,199,199,218,43,43,56,68,68,68,86,86,103,123,123,224,224,234,109,109,122,139,139,139,139,214,230,230,241,241,254,254,254],"floor_reached":51,"campfire_rested":5,"playtime":4165,"current_hp_per_floor":[70,70,70,70,70,70,52,52,52,52,52,56,56,56,56,56,70,68,43,43,38,38,59,50,43,43,34,19,41,33,32,54,39,75,64,64,54,43,14,36,65,65,65,62,62,52,52,49,65,44],"items_purged":["Regret","Defend_G","Strike_G"],"gold":254,"play_id":"c900772b-18b5-4f34-95ad-56ab2c3ff32f","is_prod":false,"is_daily":false,"is_ascension_mode":false,"campfire_upgraded":4,"path_taken":["M","M","M","?","?","R","?","R","T","M","$","E","?","M","R","BOSS","M","M","?","M","$","R","M","M","T","?","?","R","M","M","R","BOSS","M","$","?","M","M","R","?","$","T","M","R","M","?","?","R","BOSS"],"build_version":"2018-01-25-PROD3","purchased_purges":3,"victory":true,"master_deck":["Defend_G","Defend_G","Defend_G","Defend_G","Strike_G","Strike_G","Strike_G","Strike_G","Survivor","Neutralize+1","Footwork+1","Dagger Throw","Backflip","Bouncing Flask+1","Well Laid Plans","Underhanded Strike","Footwork+1","Acrobatics","Deadly Poison","PiercingWail","Tactician","Calculated Gamble","Poisoned Stab+1","Caltrops","Escape Plan","Escape Plan+1","Bane+1","Dodge and Roll+1","Envenom+1","Madness","Madness","Catalyst+1","Deflect+1","Malaise+1"],"max_hp_per_floor":[70,70,70,70,70,70,70,70,70,70,70,70,70,70,70,70,70,70,70,70,70,70,70,70,70,70,75,75,75,75,75,75,75,75,75,75,75,75,75,75,65,65,65,65,65,65,65,65,65,65],"relics":["Ring of the Snake","Bag of Preparation","Centennial Puzzle","Snake Skull","Sozu","Ninja Scroll","Lizard Tail","Smiling Mask","Bag of Marbles"],"card_choices":[{"not_picked":["Underhanded Strike","Outmaneuver"],"picked":"Footwork"},{"not_picked":["Quick Slash","Slice"],"picked":"Dagger Throw"},{"not_picked":["Terror","Concentrate"],"picked":"Backflip"},{"not_picked":["Quick Slash","Leg Sweep"],"picked":"Bouncing Flask"},{"not_picked":["Tools of the Trade","Sucker Punch"],"picked":"Well Laid Plans"},{"not_picked":["Predator","Acrobatics"],"picked":"Deadly Poison"},{"not_picked":["Backstab","Deadly Poison"],"picked":"PiercingWail"},{"not_picked":["Doppelganger","Night Terror"],"picked":"Tactician"},{"not_picked":["Outmaneuver","Sucker Punch"],"picked":"Calculated Gamble"},{"not_picked":["Slice","Bane"],"picked":"Poisoned Stab"},{"not_picked":["Prepared","Underhanded Strike"],"picked":"Caltrops"},{"not_picked":["Footwork","Acrobatics"],"picked":"Escape Plan"},{"not_picked":["Escape Plan","Prepared"],"picked":"Bane"},{"not_picked":["Night Terror","Backflip"],"picked":"Dodge and Roll"},{"not_picked":["Corpse Explosion","Bullet Time"],"picked":"Envenom"},{"not_picked":["Backflip","PiercingWail"],"picked":"Catalyst"},{"not_picked":["Quick Slash","Acrobatics"],"picked":"Deflect"},{"not_picked":["Outmaneuver","Caltrops"],"picked":"Malaise"}],"player_experience":630508,"potions_floor_usage":[12,14],"damage_taken":[{"damage":0,"enemies":"Cultist","floor":1,"turns":4},{"damage":0,"enemies":"Blue Slaver","floor":2,"turns":6},{"damage":0,"enemies":"2 Louse","floor":3,"turns":3},{"damage":18,"enemies":"Large Slime","floor":7,"turns":11},{"damage":0,"enemies":"Looter","floor":10,"turns":3},{"damage":11,"enemies":"Lagavulin","floor":12,"turns":6},{"damage":9,"enemies":"Exordium Thugs","floor":14,"turns":4},{"damage":0,"enemies":"Hexaghost","floor":16,"turns":7},{"damage":2,"enemies":"Spheric Guardian","floor":18,"turns":3},{"damage":25,"enemies":"2 Thieves","floor":19,"turns":4},{"damage":5,"enemies":"Snake Plant","floor":21,"turns":4},{"damage":9,"enemies":"Centurion and Healer","floor":24,"turns":5},{"damage":7,"enemies":"3 Cultists","floor":25,"turns":5},{"damage":15,"enemies":"Snake Plant","floor":28,"turns":4},{"damage":8,"enemies":"Snecko","floor":30,"turns":3},{"damage":1,"enemies":"3 Cultists","floor":31,"turns":5},{"damage":15,"enemies":"Champ","floor":33,"turns":11},{"damage":11,"enemies":"3 Shapes","floor":35,"turns":6},{"damage":11,"enemies":"Orb Walker","floor":38,"turns":4},{"damage":29,"enemies":"3 Darklings","floor":39,"turns":6},{"damage":3,"enemies":"4 Shapes","floor":44,"turns":8},{"damage":10,"enemies":"Maw","floor":46,"turns":5},{"damage":3,"enemies":"3 Darklings","floor":48,"turns":4},{"damage":21,"enemies":"Awakened One","floor":50,"turns":14}],"event_choices":[{"event_name":"Upgrade Shrine","player_choice":"Upgraded","floor":4,"damage_taken":0},{"event_name":"Big Fish","player_choice":"Box","floor":5,"damage_taken":0},{"event_name":"The Woman in Blue","player_choice":"Bought 0 Potions","floor":20,"damage_taken":0},{"event_name":"Forgotten Altar","player_choice":"Shed Blood","floor":27,"damage_taken":0},{"event_name":"Winding Halls","player_choice":"Embrace Madness","floor":37,"damage_taken":0},{"event_name":"The Moai Head","player_choice":"Heal","floor":41,"damage_taken":0}],"boss_relics":[{"not_picked":["White Beast Statue","Velvet Choker"],"picked":"Sozu"},{"not_picked":["Snecko Eye","Calling Bell"],"picked":"Lizard Tail"}],"potions_floor_spawned":[2,10,16,18,21,25,30,31,39,46,48],"seed_played":"8695761946916910987","ascension_level":0,"is_trial":false}