{"path_per_floor":["M","M","?","M","?","E","M","R","T","M","R","T","M","M","R","B",null,"M","$","M","M","?","R","M","R","T","R","M","M","M","?","R","B",null,"M","?","$","M","M","R","?","R","T","R","M","?","M","$","R","B"],"character_chosen":"THE_SILENT","items_purchased":["Apotheosis","Blur","Glass Knife","Lee\u0027s Waffle","Lantern","Terror","Frozen Eye"],"gold_per_floor":[113,125,125,150,150,193,209,209,209,222,222,276,291,315,315,443,443,456,38,63,78,3,3,23,23,323,323,343,362,386,386,386,517,517,536,536,436,451,472,472,472,472,496,496,514,847,860,42,42,42],"floor_reached":51,"campfire_rested":4,"playtime":3614,"current_hp_per_floor":[70,70,65,63,56,20,13,32,32,32,51,51,48,48,48,11,65,61,61,60,39,39,58,58,58,58,58,58,55,51,51,65,65,65,58,58,58,58,58,58,50,50,50,50,49,49,49,72,72,58],"items_purged":["Setup","Injury","Sucker Punch"],"gold":42,"score":528,"play_id":"63880e38-d8de-4a96-ab76-1745ae4528a6","is_prod":false,"is_daily":false,"is_ascension_mode":false,"campfire_upgraded":7,"path_taken":["M","M","?","M","?","E","M","R","T","M","R","?","M","?","R","BOSS","M","$","M","M","?","R","M","R","T","R","?","M","M","?","R","BOSS","M","?","$","M","M","R","?","R","T","R","M","?","M","$","R","BOSS"],"build_version":"2018-02-12-PROD1","purchased_purges":3,"victory":true,"master_deck":["Survivor","Neutralize","Caltrops+1","Poisoned Stab","Prepared+1","Bane","Dodge and Roll","Deflect","Dagger Spray+1","A Thousand Cuts+1","Prepared+1","Cloak And Dagger","Bane","Deflect","Well Laid Plans","Deflect+1","Apotheosis+1","Blur","Glass Knife+1","Backflip","Prepared+1","Dagger Throw+1","Malaise+1","Adrenaline","PiercingWail+1","Madness","Madness","Finisher+1","Terror+1"],"max_hp_per_floor":[70,70,65,65,65,65,65,65,65,65,65,65,65,65,65,65,65,65,65,65,65,65,65,65,65,65,65,65,65,65,65,65,65,65,65,65,65,65,65,65,65,65,65,65,65,65,65,72,72,72],"relics":["Ring of the Snake","Unceasing Top","Tingsha","Bag of Preparation","Pandora\u0027s Box","Old Coin","Sozu","Regal Pillow","Lee\u0027s Waffle","Lantern","Frozen Eye"],"card_choices":[{"not_picked":["Bane","Dodge and Roll"],"picked":"Poisoned Stab"},{"not_picked":["Skewer","Eviscerate"],"picked":"Prepared"},{"not_picked":["Cloak And Dagger","Distraction"],"picked":"Bane"},{"not_picked":["Sucker Punch","Crippling Poison"],"picked":"Dodge and Roll"},{"not_picked":["Cloak And Dagger","Finisher"],"picked":"Deflect"},{"not_picked":["Sucker Punch","Flying Knee"],"picked":"Dagger Spray"},{"not_picked":["Die Die Die","Glass Knife"],"picked":"A Thousand Cuts"},{"not_picked":["Underhanded Strike","Well Laid Plans"],"picked":"Deflect"},{"not_picked":["Catalyst","Well Laid Plans"],"picked":"Backflip"},{"not_picked":["Poisoned Stab","Dodge and Roll"],"picked":"Prepared"},{"not_picked":["Deflect","Expertise"],"picked":"Dagger Throw"},{"not_picked":["Dagger Throw","Doppelganger"],"picked":"Malaise"},{"not_picked":["After Image","Tactician"],"picked":"Adrenaline"},{"not_picked":["Prepared","Deflect"],"picked":"PiercingWail"},{"not_picked":["Flying Knee","Poisoned Stab"],"picked":"Finisher"}],"player_experience":737973,"potions_floor_usage":[16,20,21,28],"damage_taken":[{"damage":0.0,"enemies":"Small Slimes","floor":1.0,"turns":5.0},{"damage":0.0,"enemies":"Cultist","floor":2.0,"turns":4.0},{"damage":2.0,"enemies":"2 Louse","floor":4.0,"turns":3.0},{"damage":36.0,"enemies":"Lagavulin","floor":6.0,"turns":7.0},{"damage":7.0,"enemies":"2 Fungi Beasts","floor":7.0,"turns":4.0},{"damage":0.0,"enemies":"Looter","floor":10.0,"turns":3.0},{"damage":3.0,"enemies":"Exordium Thugs","floor":13.0,"turns":5.0},{"damage":0.0,"enemies":"Large Slime","floor":14.0,"turns":7.0},{"damage":37,"enemies":"Slime Boss","floor":16,"turns":14},{"damage":4,"enemies":"Spheric Guardian","floor":18,"turns":4},{"damage":1,"enemies":"Shell Parasite","floor":20,"turns":4},{"damage":21,"enemies":"Chosen and Byrds","floor":21,"turns":6},{"damage":0,"enemies":"Snecko","floor":24,"turns":4},{"damage":0,"enemies":"Snake Plant","floor":28,"turns":3},{"damage":3,"enemies":"Sentry and Sphere","floor":29,"turns":4},{"damage":4,"enemies":"Centurion and Healer","floor":30,"turns":5},{"damage":0,"enemies":"Champ","floor":33,"turns":11},{"damage":7,"enemies":"3 Darklings","floor":35,"turns":3},{"damage":0,"enemies":"3 Shapes","floor":38,"turns":2},{"damage":0,"enemies":"3 Darklings","floor":39,"turns":3},{"damage":1,"enemies":"4 Shapes","floor":45,"turns":3},{"damage":0,"enemies":"Sphere and 2 Shapes","floor":47,"turns":3},{"damage":14,"enemies":"Awakened One","floor":50,"turns":12}],"event_choices":[{"event_name":"Golden Idol","player_choice":"Lose Max HP","floor":3.0,"damage_taken":0.0},{"event_name":"Golden Wing","player_choice":"Card Removal","floor":5.0,"damage_taken":0.0},{"event_name":"Beggar","player_choice":"Gave Gold","floor":22,"damage_taken":0},{"event_name":"Vampires","player_choice":"Ignored","floor":31,"damage_taken":0},{"event_name":"Accursed Blacksmith","player_choice":"Forge","floor":36,"damage_taken":0},{"event_name":"Winding Halls","player_choice":"Embrace Madness","floor":41,"damage_taken":0},{"event_name":"The Moai Head","player_choice":"Gave Idol","floor":46,"damage_taken":0}],"boss_relics":[{"not_picked":["Astrolabe","Ectoplasm"],"picked":"Pandora\u0027s Box"},{"not_picked":["White Beast Statue","Cursed Key"],"picked":"Sozu"}],"potions_floor_spawned":[6,10,14,18,20,21,33,35,45],"seed_played":"2606419852507110018","ascension_level":0,"is_trial":false}