{"path_per_floor":["M","?","?","M","M","R","E","R","T","?","R","M","E","$","R","B",null,"M","?","M","?","$","R","?","R","T","M","E","?","?","M","R","B",null,"M","?","$","M","?","R","?","R","T","M","R","$","?","M","R","B"],"character_chosen":"THE_SILENT","items_purchased":["Apotheosis","Footwork","Finesse"],"gold_per_floor":[119,119,119,137,156,156,182,182,232,232,232,248,274,14,14,114,114,128,53,69,69,69,69,69,69,69,86,116,116,116,133,133,229,229,240,240,65,77,77,77,77,77,125,141,141,45,0,10,10,10],"floor_reached":51,"campfire_rested":5,"playtime":3490,"current_hp_per_floor":[62,67,67,66,64,64,17,37,37,12,32,32,27,27,47,44,68,68,68,61,68,68,68,68,68,68,62,55,55,43,52,73,65,73,69,69,69,64,64,64,55,73,73,73,73,73,73,69,69,29],"items_purged":["Distraction","Poisoned Stab"],"gold":10,"score":494,"play_id":"9880ee4b-86d0-442e-b953-74ee8ef8d81a","is_prod":false,"is_daily":false,"is_ascension_mode":false,"campfire_upgraded":6,"path_taken":["M","?","?","M","M","R","E","R","T","?","R","M","E","?","R","BOSS","M","?","M","?","$","R","?","R","T","M","E","?","?","M","R","BOSS","M","?","$","M","?","R","?","R","T","M","R","$","?","M","R","BOSS"],"build_version":"2018-02-08-PROD1","purchased_purges":4,"victory":true,"master_deck":["Survivor","Neutralize+1","Outmaneuver","Prepared","Venomology+1","Dagger Spray+1","Caltrops+1","After Image+1","Apotheosis+1","Outmaneuver+1","PiercingWail+1","Dagger Spray","Finisher","Quick Slash","Leg Sweep+1","Well Laid Plans","Prepared+1","Leg Sweep+1","Tactician+1","Envenom+1","Footwork+1","Dash+1","Madness+1","Madness+1","Bane+1","Finesse+1","Deflect+1"],"max_hp_per_floor":[63,68,68,68,68,68,68,68,68,68,68,68,68,68,68,68,68,68,68,68,68,68,68,68,68,68,68,68,68,73,73,73,73,73,73,73,73,73,73,73,73,73,73,73,73,73,73,73,73,73],"relics":["Ring of the Snake","Juzu Bracelet","Bag of Marbles","Vajra","Toxic Egg 2","Pandora\u0027s Box","Frozen Egg 2","Sundial","Black Star","Anchor","Red Mask"],"card_choices":[{"not_picked":["Cloak And Dagger","PiercingWail"],"picked":"Prepared"},{"not_picked":["Well Laid Plans","Cloak And Dagger"],"picked":"Distraction"},{"not_picked":["Caltrops","Reflex"],"picked":"Dagger Spray"},{"not_picked":["Finisher","Acrobatics"],"picked":"Caltrops"},{"not_picked":["Cloak And Dagger","Tools of the Trade"],"picked":"After Image"},{"not_picked":["Bane","Poisoned Stab"],"picked":"Leg Sweep"},{"not_picked":["Dagger Throw","Sucker Punch"],"picked":"Well Laid Plans"},{"not_picked":["Dagger Spray","Outmaneuver"],"picked":"Prepared"},{"not_picked":["Outmaneuver","Choke"],"picked":"Leg Sweep"},{"not_picked":["Sucker Punch","Eviscerate"],"picked":"Tactician"},{"not_picked":["Burst","Doppelganger"],"picked":"Envenom"},{"not_picked":["Deadly Poison","Dagger Throw"],"picked":"Dash"},{"not_picked":["Dagger Throw","Deadly Poison"],"picked":"Bane"},{"not_picked":["Quick Slash","Catalyst"],"picked":"Deflect"}],"player_experience":696827,"potions_floor_usage":[5,7,7,12,13,13,16,16,18,20,27,28,28,31,31,33,33,35,38,44,44,44,50,50,50,50],"damage_taken":[{"damage":1,"enemies":"2 Louse","floor":1,"turns":4},{"damage":1,"enemies":"Cultist","floor":4,"turns":4},{"damage":2,"enemies":"Blue Slaver","floor":5,"turns":5},{"damage":47,"enemies":"Lagavulin","floor":7,"turns":8},{"damage":0,"enemies":"Large Slime","floor":12,"turns":8},{"damage":5,"enemies":"Gremlin Nob","floor":13,"turns":4},{"damage":3,"enemies":"The Guardian","floor":16,"turns":11},{"damage":0,"enemies":"Chosen","floor":18,"turns":3},{"damage":7,"enemies":"Shell Parasite","floor":20,"turns":5},{"damage":6,"enemies":"Centurion and Healer","floor":27,"turns":5},{"damage":19,"enemies":"Slavers","floor":28,"turns":5},{"damage":6,"enemies":"Sentry and Sphere","floor":31,"turns":5},{"damage":8,"enemies":"Champ","floor":33,"turns":14},{"damage":4,"enemies":"Orb Walker","floor":35,"turns":5},{"damage":5,"enemies":"3 Darklings","floor":38,"turns":5},{"damage":0,"enemies":"Maw","floor":44,"turns":7},{"damage":4,"enemies":"Sphere and 2 Shapes","floor":48,"turns":7},{"damage":65,"enemies":"Awakened One","floor":50,"turns":21}],"event_choices":[{"event_name":"Big Fish","player_choice":"Donut","floor":2,"damage_taken":0},{"event_name":"Living Wall","player_choice":"Change","floor":3,"damage_taken":0},{"event_name":"Scrap Ooze","player_choice":"success","floor":10,"damage_taken":25},{"event_name":"Beggar","player_choice":"Gave Gold","floor":19,"damage_taken":0},{"event_name":"Wheel of Change","player_choice":"Full Heal","floor":21,"damage_taken":0},{"event_name":"Addict","player_choice":"Ignored","floor":24,"damage_taken":0},{"event_name":"Vampires","player_choice":"Ignored","floor":29,"damage_taken":0},{"event_name":"Forgotten Altar","player_choice":"Shed Blood","floor":30,"damage_taken":0},{"event_name":"Upgrade Shrine","player_choice":"Upgraded","floor":36,"damage_taken":0},{"event_name":"Winding Halls","player_choice":"Embrace Madness","floor":41,"damage_taken":0},{"event_name":"Tomb of Lord Red Mask","player_choice":"Paid","floor":47,"damage_taken":0}],"boss_relics":[{"not_picked":["Runic Dome","Orrery"],"picked":"Pandora\u0027s Box"},{"not_picked":["Runic Pyramid","Sozu"],"picked":"Black Star"}],"potions_floor_spawned":[7,12,13,18,27,31,35,38,44],"seed_played":"-7044397985715463931","ascension_level":0,"is_trial":false}