{"path_per_floor":["M","M","?","$","?","E","R","?","T","M","T","M","R","M","R","B",null,"M","M","?","M","M","R","?","M","T","T","R","$","M","M","R","B",null,"M","?","?","M","$","R","M","R","T","M","M","?","R","M","R"],"character_chosen":"THE_SILENT","items_purchased":["Apotheosis","Lee\u0027s Waffle","Footwork"],"gold_per_floor":[112,123,123,48,48,79,79,79,104,123,123,146,146,160,160,291,291,304,328,428,449,463,463,378,399,424,447,447,139,163,188,188,314,314,335,335,393,417,7,7,31,31,31,52,68,68,68,87,87],"floor_reached":50,"campfire_rested":3,"playtime":8036,"current_hp_per_floor":[67,67,74,74,74,55,55,55,55,57,57,59,59,60,60,25,71,67,65,65,60,58,58,58,57,57,57,57,57,35,34,70,11,71,59,59,47,37,78,78,52,78,78,55,49,49,49,36,74],"items_purged":["Regret","Strike_G","Strike_G"],"gold":87,"play_id":"2815e41a-ece3-4e43-ad7d-8b4b18b6fe50","is_prod":false,"is_daily":false,"is_ascension_mode":false,"campfire_upgraded":7,"path_taken":["M","?","?","$","?","E","R","?","T","M","?","M","R","M","R","BOSS","M","M","?","?","?","R","?","M","T","?","R","$","?","M","R","BOSS","M","?","?","M","?","R","?","R","T","M","M","?","R","M","R","BOSS"],"build_version":"2018-02-01-PROD3","purchased_purges":3,"victory":false,"master_deck":["Defend_G","Defend_G","Defend_G","Strike_G","Strike_G","Survivor","Neutralize","Infinite Blades","Dagger Throw","Glass Knife+1","Predator+1","Dagger Throw","Calculated Gamble+1","A Thousand Cuts+1","Cloak And Dagger","Escape Plan","Well Laid Plans","PiercingWail","Glass Knife+1","Malaise+1","Leg Sweep","Apotheosis+1","Backflip+1","Flying Knee","Tactician","Outmaneuver+1","Quick Slash+1","Footwork","Tools of the Trade+1"],"max_hp_per_floor":[70,70,77,77,77,77,77,71,71,71,71,71,71,71,71,71,71,71,71,71,71,71,71,71,71,71,71,71,71,71,71,71,71,71,71,71,71,71,78,78,78,78,78,78,78,78,78,78,78],"relics":["Ring of the Snake","Strawberry","Blood Vial","Golden Idol","Bag of Preparation","Orichalcum","Orrery","Oddly Smooth Stone","Regal Pillow","Art of War","White Beast Statue","Frozen Eye","Lee\u0027s Waffle","Matryoshka"],"card_choices":[{"not_picked":["Storm of Steel","Endless Agony"],"picked":"Dagger Throw"},{"not_picked":["Burst","Underhanded Strike"],"picked":"Predator"},{"not_picked":["Backstab","Catalyst"],"picked":"Dagger Throw"},{"not_picked":["Dagger Throw","Slice"],"picked":"Calculated Gamble"},{"not_picked":["Grand Finale","Glass Knife"],"picked":"A Thousand Cuts"},{"not_picked":["Deflect","Backflip"],"picked":"Cloak And Dagger"},{"not_picked":["Setup","Sucker Punch"],"picked":"Escape Plan"},{"not_picked":["Eviscerate","Choke"],"picked":"Well Laid Plans"},{"not_picked":["Sucker Punch","Dagger Spray"],"picked":"PiercingWail"},{"not_picked":["Slice","Prepared"],"picked":"Acrobatics"},{"not_picked":["Poisoned Stab","Prepared"],"picked":"Glass Knife"},{"not_picked":["Calculated Gamble","Sucker Punch"],"picked":"Malaise"},{"not_picked":["PiercingWail","Slice"],"picked":"Leg Sweep"},{"not_picked":["Doppelganger","Poisoned Stab"],"picked":"Backflip"},{"not_picked":["Quick Slash","Flechettes"],"picked":"Flying Knee"},{"not_picked":["A Thousand Cuts","Tools of the Trade"],"picked":"Tactician"},{"not_picked":["Deadly Poison","Dodge and Roll"],"picked":"Outmaneuver"},{"not_picked":["Predator","Finisher"],"picked":"Quick Slash"},{"not_picked":["Quick Slash","Slice"],"picked":"Tools of the Trade"}],"player_experience":660415,"potions_floor_usage":[33,33,37,38,41,45,45,48,50],"damage_taken":[{"damage":3.0,"enemies":"Blue Slaver","floor":1.0,"turns":4.0},{"damage":0.0,"enemies":"2 Louse","floor":2.0,"turns":3.0},{"damage":19.0,"enemies":"3 Sentries","floor":6.0,"turns":8.0},{"damage":0.0,"enemies":"Jaw Worm","floor":10.0,"turns":2.0},{"damage":0.0,"enemies":"Large Slime","floor":12.0,"turns":4.0},{"damage":1.0,"enemies":"Looter","floor":14.0,"turns":2.0},{"damage":37.0,"enemies":"The Guardian","floor":16.0,"turns":9.0},{"damage":4.0,"enemies":"Chosen","floor":18.0,"turns":4.0},{"damage":4.0,"enemies":"Spheric Guardian","floor":19.0,"turns":3.0},{"damage":7.0,"enemies":"Snecko","floor":21.0,"turns":5.0},{"damage":4.0,"enemies":"Chosen and Byrds","floor":22.0,"turns":5.0},{"damage":3.0,"enemies":"Snake Plant","floor":25.0,"turns":4.0},{"damage":24.0,"enemies":"Sentry and Sphere","floor":30.0,"turns":5.0},{"damage":3.0,"enemies":"3 Cultists","floor":31.0,"turns":6.0},{"damage":60,"enemies":"Automaton","floor":33,"turns":11},{"damage":12,"enemies":"3 Darklings","floor":35,"turns":6},{"damage":14,"enemies":"Mysterious Sphere","floor":37,"turns":5},{"damage":12,"enemies":"3 Shapes","floor":38,"turns":6},{"damage":26,"enemies":"Sphere and 2 Shapes","floor":41,"turns":6},{"damage":23,"enemies":"3 Darklings","floor":44,"turns":9},{"damage":8,"enemies":"Maw","floor":45,"turns":8},{"damage":15,"enemies":"Sphere and 2 Shapes","floor":48,"turns":4},{"damage":68,"enemies":"Awakened One","floor":50,"turns":6}],"event_choices":[{"event_name":"Big Fish","player_choice":"Box","floor":3.0,"damage_taken":0.0},{"event_name":"Living Wall","player_choice":"Change","floor":5.0,"damage_taken":0.0},{"event_name":"Golden Idol","player_choice":"Lose Max HP","floor":8.0,"damage_taken":0.0},{"event_name":"Golden Shrine","player_choice":"Pray","floor":20.0,"damage_taken":0.0},{"event_name":"Addict","player_choice":"Obtained Relic","floor":24.0,"damage_taken":0.0},{"event_name":"Mysterious Sphere","player_choice":"Fight","floor":37,"damage_taken":0},{"event_name":"Bonfire Elementals","player_choice":"BASIC","floor":46,"damage_taken":0}],"boss_relics":[{"not_picked":["Runic Pyramid","Velvet Choker"],"picked":"White Beast Statue"}],"potions_floor_spawned":[1,6,16,25,30,31,35,37,38,41,44,45,48],"seed_played":"-4724311240998625605","killed_by":"Awakened One","ascension_level":0,"is_trial":false}