{"path_per_floor":["M","?","M","$","M","E","R","M","T","M","?","$","?","$","R","B",null,"M","?","$","M","?","R","M","R","T","R","M","E","M","$","R","B",null,"M","M","M","?","?","R","$","R","T","M","R","T","?","M","R","B"],"character_chosen":"THE_SILENT","items_purchased":["Bag of Marbles","Skewer","Finesse","Dexterity Potion"],"gold_per_floor":[116,216,233,8,18,46,46,66,93,108,108,33,33,33,33,137,137,153,153,52,71,71,71,88,88,88,88,98,129,149,0,0,101,101,121,138,156,156,156,156,31,31,31,41,41,64,64,80,80,80],"floor_reached":51,"campfire_rested":4,"playtime":4926,"current_hp_per_floor":[70,70,70,70,70,50,50,48,55,49,34,34,34,34,57,42,77,75,75,75,61,61,61,67,67,67,67,53,21,10,10,33,30,77,73,55,46,46,46,69,69,69,69,68,68,68,68,53,76,30],"items_purged":["Strike_G","Blade Dance","Predator"],"gold":80,"score":490,"play_id":"d6f008f0-169d-4e61-b41b-a9c60eb28bd7","is_prod":false,"is_daily":false,"is_ascension_mode":false,"campfire_upgraded":6,"path_taken":["M","?","?","?","?","E","R","M","T","M","?","?","?","$","R","BOSS","M","?","$","?","?","R","M","R","T","R","M","E","M","?","R","BOSS","M","M","M","?","?","R","$","R","T","M","R","?","?","M","R","BOSS"],"build_version":"2018-02-08-PROD1","purchased_purges":3,"victory":true,"master_deck":["Survivor","Neutralize","Flying Knee","Malaise+1","Skewer","Escape Plan+1","Outmaneuver+1","PiercingWail","Flying Knee","Envenom+1","Die Die Die","Backflip","Phantasmal Killer+1","Cloak And Dagger","Endless Agony","Bouncing Flask","Well Laid Plans","Prepared","Expertise","Finesse","Dash","Escape Plan+1","Footwork+1","Burst","Footwork+1","Backstab","Backflip+1","Terror+1","Escape Plan+1","Deflect+1","Blur+1"],"max_hp_per_floor":[70,70,70,70,70,70,70,70,77,77,77,77,77,77,77,77,77,77,77,77,77,77,77,77,77,77,77,77,77,77,77,77,77,77,77,77,77,77,77,77,77,77,77,77,77,77,77,77,77,77],"relics":["Ring of the Snake","NeowsBlessing","Bag of Marbles","Prayer Wheel","Strawberry","Pandora\u0027s Box","Peace Pipe","Omamori","Orrery","Dodecahedron","Anchor"],"card_choices":[{"not_picked":["Prepared","Dodge and Roll"],"picked":"Flying Knee"},{"not_picked":["Endless Agony","Bane"],"picked":"Malaise"},{"not_picked":["Heel Hook","Prepared"],"picked":"Escape Plan"},{"not_picked":["Skewer","Dagger Spray"],"picked":"Outmaneuver"},{"not_picked":["Bane","Masterful Stab"],"picked":"PiercingWail"},{"not_picked":["Outmaneuver","Dagger Spray"],"picked":"Flying Knee"},{"not_picked":["Escape Plan","PiercingWail"],"picked":"Envenom"},{"not_picked":["Doppelganger","Die Die Die"],"picked":"Phantasmal Killer"},{"not_picked":["All Out Attack","Blade Dance"],"picked":"Dash"},{"not_picked":["Backstab","Acrobatics"],"picked":"Footwork"},{"not_picked":["Reflex","Poisoned Stab"],"picked":"Noxious Fumes"},{"not_picked":["Night Terror","Grand Finale"],"picked":"Burst"},{"not_picked":["Crippling Poison","Concentrate"],"picked":"Footwork"},{"not_picked":["Blur","Caltrops"],"picked":"Backstab"},{"not_picked":["Poisoned Stab","Acrobatics"],"picked":"Backflip"},{"not_picked":["Dash","Acrobatics"],"picked":"Terror"},{"not_picked":["Dagger Throw","Slice"],"picked":"Escape Plan"},{"not_picked":["Cloak And Dagger","All Out Attack"],"picked":"Deflect"},{"not_picked":["Setup","All Out Attack"],"picked":"Blur"}],"player_experience":687882,"potions_floor_usage":[],"damage_taken":[{"damage":0.0,"enemies":"Jaw Worm","floor":1.0,"turns":1.0},{"damage":0.0,"enemies":"Cultist","floor":3.0,"turns":1.0},{"damage":0.0,"enemies":"Small Slimes","floor":5.0,"turns":1.0},{"damage":20.0,"enemies":"Gremlin Nob","floor":6.0,"turns":4.0},{"damage":2.0,"enemies":"Red Slaver","floor":8.0,"turns":3.0},{"damage":6.0,"enemies":"Lots of Slimes","floor":10.0,"turns":4.0},{"damage":15.0,"enemies":"Hexaghost","floor":16.0,"turns":10.0},{"damage":2.0,"enemies":"3 Byrds","floor":18.0,"turns":4.0},{"damage":14.0,"enemies":"2 Thieves","floor":21.0,"turns":4.0},{"damage":9.0,"enemies":"Snecko","floor":24.0,"turns":6.0},{"damage":14.0,"enemies":"Snake Plant","floor":28.0,"turns":5.0},{"damage":32.0,"enemies":"Slavers","floor":29.0,"turns":5.0},{"damage":11.0,"enemies":"Slaver and Parasite","floor":30.0,"turns":6.0},{"damage":3.0,"enemies":"Champ","floor":33.0,"turns":15.0},{"damage":4.0,"enemies":"Orb Walker","floor":35.0,"turns":5.0},{"damage":18.0,"enemies":"3 Darklings","floor":36.0,"turns":7.0},{"damage":9.0,"enemies":"Sphere and 2 Shapes","floor":37.0,"turns":8.0},{"damage":1.0,"enemies":"Maw","floor":44.0,"turns":8.0},{"damage":15.0,"enemies":"3 Darklings","floor":48.0,"turns":7.0},{"damage":46,"enemies":"Awakened One","floor":50,"turns":26}],"event_choices":[{"event_name":"Golden Shrine","player_choice":"Pray","floor":2.0,"damage_taken":0.0},{"event_name":"Shining Light","player_choice":"Entered Light","floor":11.0,"damage_taken":0.0},{"event_name":"Match and Keep!","player_choice":"2 cards matched","floor":13.0,"damage_taken":0.0},{"event_name":"Wheel of Change","player_choice":"Card Removal","floor":19.0,"damage_taken":0.0},{"event_name":"Duplicator","player_choice":"One dupe","floor":22.0,"damage_taken":0.0},{"event_name":"Mysterious Sphere","player_choice":"Ignore","floor":38.0,"damage_taken":0.0},{"event_name":"Tomb of Lord Red Mask","player_choice":"Ignored","floor":39.0,"damage_taken":0.0}],"boss_relics":[],"potions_floor_spawned":[1,6,8,16,18,29,30,35],"seed_played":"-2028840735238384811","ascension_level":0,"is_trial":false}