{"path_per_floor":["M","?","M","$","M","R","M","E","T","R","?","M","M","E","R","B",null,"M","?","$","?","M","R","M","?","T","$","M","R","M","?","R","B",null,"M","?","M","$","M","M","M","R","T","M","R","?","M","M","R"],"character_chosen":"THE_SILENT","items_purchased":["Infinite Blades","Adrenaline","Apotheosis","Accuracy","Envenom"],"gold_per_floor":[213,213,230,47,64,64,77,110,110,110,110,128,140,167,167,266,266,277,227,33,33,53,53,66,66,115,47,58,58,69,69,69,169,169,182,182,194,53,65,79,92,92,92,105,105,105,115,126,126],"floor_reached":50,"campfire_rested":5,"playtime":3877,"current_hp_per_floor":[70,70,66,66,66,66,64,35,35,70,75,73,73,65,65,25,75,49,49,49,49,44,44,37,62,62,62,35,35,28,28,65,31,75,55,74,54,54,17,16,4,41,41,11,48,48,33,32,69],"items_purged":[],"gold":126,"score":433,"play_id":"b36bcdaa-6cc2-4a44-a2e8-9bd335b64681","is_prod":false,"is_daily":false,"is_ascension_mode":false,"campfire_upgraded":4,"path_taken":["M","?","M","$","M","R","M","E","T","R","?","M","M","E","R","BOSS","M","?","$","?","M","R","M","?","T","$","M","R","M","?","R","BOSS","M","?","M","$","M","M","M","R","T","M","R","?","M","?","R","BOSS"],"build_version":"2018-02-08-PROD1","purchased_purges":1,"victory":false,"master_deck":["Defend_G","Defend_G","Defend_G","Strike_G","Strike_G","Strike_G","Strike_G","Strike_G","Survivor","Neutralize","Blade Dance","Terror+1","Infinite Blades","Adrenaline","Choke","Cloak And Dagger","Escape Plan","Backflip","Burst+1","Escape Plan","Venomology","Caltrops","Apotheosis+1","Writhe","Calculated Gamble+1","Accuracy+1","Infinite Blades","Dagger Spray","Bullet Time","Flying Knee+1","Writhe","Dash+1","Envenom","Blur+1","Outmaneuver+1","Cloak And Dagger+1","Cloak And Dagger+1","Flying Knee+1","Backstab+1"],"max_hp_per_floor":[70,70,70,70,70,70,70,70,70,70,75,75,75,75,75,75,75,75,75,75,75,75,75,75,75,75,75,75,75,75,75,75,75,75,75,75,75,75,75,75,75,75,75,75,75,75,75,75,75],"relics":["Ring of the Snake","Bottled Flame","Regal Pillow","Du-Vu Doll","Sozu","Calipers","Bronze Scales","Lizard Tail","Vajra"],"card_choices":[{"not_picked":["Quick Slash","Malaise"],"picked":"Blade Dance"},{"not_picked":["Flechettes","Deadly Poison"],"picked":"Terror"},{"not_picked":["Flying Knee","Acrobatics"],"picked":"Choke"},{"not_picked":["Distraction","Prepared"],"picked":"Cloak And Dagger"},{"not_picked":["Slice","Bane"],"picked":"Escape Plan"},{"not_picked":["Flying Knee","Deadly Poison"],"picked":"Backflip"},{"not_picked":["Well Laid Plans","Poisoned Stab"],"picked":"Burst"},{"not_picked":["Masterful Stab","Deadly Poison"],"picked":"Escape Plan"},{"not_picked":["Burst","Night Terror"],"picked":"Venomology"},{"not_picked":["Slice","Reflex"],"picked":"Caltrops"},{"not_picked":["Backflip","Slice"],"picked":"Calculated Gamble"},{"not_picked":["Prepared","PiercingWail"],"picked":"Infinite Blades"},{"not_picked":["Concentrate","Underhanded Strike"],"picked":"Dagger Spray"},{"not_picked":["Burst","Night Terror"],"picked":"Bullet Time"},{"not_picked":["Calculated Gamble","Quick Slash"],"picked":"Flying Knee"},{"not_picked":["Acrobatics","Sucker Punch"],"picked":"Dash"},{"not_picked":["Sucker Punch","Blade Dance"],"picked":"Blur"},{"not_picked":["Flechettes","Bane"],"picked":"Outmaneuver"},{"not_picked":["Escape Plan","Quick Slash"],"picked":"Cloak And Dagger"},{"not_picked":["Caltrops","Dagger Throw"],"picked":"Cloak And Dagger"},{"not_picked":["Storm of Steel","Deadly Poison"],"picked":"Flying Knee"},{"not_picked":["Expertise","Bouncing Flask"],"picked":"Backstab"}],"player_experience":677328,"potions_floor_usage":[],"damage_taken":[{"damage":0.0,"enemies":"Cultist","floor":1.0,"turns":4.0},{"damage":4.0,"enemies":"Blue Slaver","floor":3.0,"turns":4.0},{"damage":0.0,"enemies":"Small Slimes","floor":5.0,"turns":3.0},{"damage":2.0,"enemies":"2 Fungi Beasts","floor":7.0,"turns":4.0},{"damage":29.0,"enemies":"Lagavulin","floor":8.0,"turns":4.0},{"damage":2.0,"enemies":"Large Slime","floor":12.0,"turns":5.0},{"damage":0.0,"enemies":"3 Louse","floor":13.0,"turns":3.0},{"damage":8.0,"enemies":"3 Sentries","floor":14.0,"turns":6.0},{"damage":40.0,"enemies":"The Guardian","floor":16.0,"turns":12.0},{"damage":26.0,"enemies":"2 Thieves","floor":18.0,"turns":4.0},{"damage":5,"enemies":"Spheric Guardian","floor":22,"turns":4},{"damage":7,"enemies":"Centurion and Healer","floor":24,"turns":5},{"damage":27,"enemies":"Cultist and Chosen","floor":28,"turns":8},{"damage":7,"enemies":"Chosen and Byrds","floor":30,"turns":3},{"damage":34,"enemies":"Champ","floor":33,"turns":8},{"damage":20,"enemies":"Orb Walker","floor":35,"turns":3},{"damage":20,"enemies":"3 Darklings","floor":37,"turns":4},{"damage":37,"enemies":"Sphere and 2 Shapes","floor":39,"turns":5},{"damage":1,"enemies":"4 Shapes","floor":40,"turns":4},{"damage":12,"enemies":"3 Darklings","floor":41,"turns":6},{"damage":30,"enemies":"Sphere and 2 Shapes","floor":44,"turns":5},{"damage":15,"enemies":"Maw","floor":47,"turns":5},{"damage":1,"enemies":"3 Darklings","floor":48,"turns":5},{"damage":127,"enemies":"Time Eater","floor":50,"turns":9}],"event_choices":[{"event_name":"Bonfire Elementals","player_choice":"BASIC","floor":2.0,"damage_taken":0.0},{"event_name":"Big Fish","player_choice":"Donut","floor":11.0,"damage_taken":0.0},{"event_name":"The Joust","player_choice":"Bet on Owner","floor":19.0,"damage_taken":0.0},{"event_name":"The Mausoleum","player_choice":"Yes","floor":21,"damage_taken":0},{"event_name":"The Library","player_choice":"Heal","floor":25,"damage_taken":0},{"event_name":"Addict","player_choice":"Ignored","floor":31,"damage_taken":0},{"event_name":"Winding Halls","player_choice":"Writhe","floor":36,"damage_taken":0}],"boss_relics":[{"not_picked":["Calling Bell","Black Star"],"picked":"Lizard Tail"}],"potions_floor_spawned":[5,8,12,16,28,33,40,44,48],"seed_played":"3696717130795692858","killed_by":"Time Eater","ascension_level":0,"is_trial":false}