{"path_per_floor":["M","?","M","$","?","R","E","M","T","M","?","?","R","$","R","B",null,"M","M","M"],"character_chosen":"THE_SILENT","items_purchased":["Catalyst","Malaise"],"gold_per_floor":[113,113,129,15,90,90,120,131,131,148,148,148,148,11,11,115,145,164,179,197],"floor_reached":21,"campfire_rested":1,"playtime":1335,"current_hp_per_floor":[70,70,70,70,59,59,36,36,36,27,50,47,47,47,68,20,75,53,45,39],"items_purged":["Defend_G","Strike_G"],"gold":197,"score":179,"play_id":"4f877686-8418-435e-8731-f14834dc1466","is_prod":false,"is_daily":false,"is_ascension_mode":false,"campfire_upgraded":1,"path_taken":["M","?","M","$","?","R","E","M","T","?","?","?","R","$","R","BOSS","M","M","M","M"],"build_version":"2018-02-08-PROD1","purchased_purges":2,"victory":false,"master_deck":["Defend_G","Defend_G","Defend_G","Defend_G","Strike_G","Strike_G","Strike_G","Survivor","Neutralize+1","Quick Slash","Backflip","Poisoned Stab","Catalyst","Deflect","Bane","Malaise","Envenom","Deadly Poison","Escape Plan","PiercingWail+1","Dash+1"],"max_hp_per_floor":[70,70,70,70,70,70,70,70,70,70,70,70,70,70,70,70,75,75,75,75],"relics":["Ring of the Snake","Pen Nib","Art of War","Shovel","Singing Bowl","Juzu Bracelet","Tiny House"],"card_choices":[{"not_picked":["Eviscerate","Bane"],"picked":"Quick Slash"},{"not_picked":["Backflip","Bane"],"picked":"Poisoned Stab"},{"not_picked":["Acrobatics","Cloak And Dagger"],"picked":"Deflect"},{"not_picked":["PiercingWail","Terror"],"picked":"Bane"},{"not_picked":["A Thousand Cuts","Grand Finale"],"picked":"Envenom"},{"not_picked":["Bane","Flying Knee"],"picked":"Deadly Poison"},{"not_picked":["Dodge and Roll","Acrobatics"],"picked":"Escape Plan"},{"not_picked":["Cloak And Dagger","Bane"],"picked":"PiercingWail"},{"not_picked":["Backflip","Sucker Punch"],"picked":"Dash"}],"player_experience":711738,"potions_floor_usage":[16,16,19],"damage_taken":[{"damage":0,"enemies":"Small Slimes","floor":1,"turns":4},{"damage":0,"enemies":"Blue Slaver","floor":3,"turns":4},{"damage":23,"enemies":"3 Sentries","floor":7,"turns":8},{"damage":0,"enemies":"Jaw Worm","floor":8,"turns":3},{"damage":9,"enemies":"3 Louse","floor":10,"turns":4},{"damage":48,"enemies":"Slime Boss","floor":16,"turns":15},{"damage":22,"enemies":"Chosen","floor":18,"turns":7},{"damage":8,"enemies":"Shell Parasite","floor":19,"turns":6},{"damage":6,"enemies":"Snake Plant","floor":20,"turns":6},{"damage":37,"enemies":"Sentry and Sphere","floor":21,"turns":8}],"event_choices":[{"event_name":"Transmorgrifier","player_choice":"Transform","floor":2,"damage_taken":0},{"event_name":"World of Goop","player_choice":"Gather Gold","floor":5,"damage_taken":0},{"event_name":"Big Fish","player_choice":"Banana","floor":11,"damage_taken":0},{"event_name":"Scrap Ooze","player_choice":"success","floor":12,"damage_taken":3}],"boss_relics":[{"not_picked":["Lizard Tail","Runic Dome"],"picked":"Tiny House"}],"potions_floor_spawned":[7,8],"seed_played":"3954739548256499156","killed_by":"Sentry and Sphere","ascension_level":0,"is_trial":false}