{"path_per_floor":["M","M","?","?","M","R","E","R","T","M","$","E","?","M","R","B",null,"M","$","M","$","M","R","M","M","T","R","T","M","M","?","R","B",null,"M","M","$","?","M","R"],"character_chosen":"THE_SILENT","items_purchased":["Noxious Fumes","PiercingWail","Adrenaline","Kunai"],"gold_per_floor":[113,127,127,127,146,146,175,175,251,261,80,110,110,122,122,222,222,238,89,105,5,17,17,34,49,49,49,130,150,167,167,167,263,263,282,294,47,47,58,58],"floor_reached":41,"campfire_rested":3,"playtime":2568,"current_hp_per_floor":[70,65,65,65,65,65,70,70,70,70,70,61,66,62,62,57,75,72,72,69,69,59,59,52,49,49,71,71,40,45,45,67,59,75,69,60,60,60,47,69],"items_purged":["Strike_G","Strike_G"],"gold":58,"score":355,"play_id":"9cc27c22-d914-4d38-9558-69aa613d823a","is_prod":false,"is_daily":false,"is_ascension_mode":false,"campfire_upgraded":4,"path_taken":["M","?","?","?","M","R","E","R","T","M","$","E","?","M","R","BOSS","M","$","M","$","M","R","M","?","T","R","?","M","?","?","R","BOSS","M","M","$","?","M","R","E"],"build_version":"2018-02-12-PROD1","purchased_purges":2,"victory":false,"master_deck":["Defend_G","Defend_G","Defend_G","Defend_G","Defend_G","Strike_G","Strike_G","Strike_G","Survivor","Neutralize+1","Slice","Poisoned Stab","Dagger Spray+1","Tools of the Trade+1","Poisoned Stab","Noxious Fumes","PiercingWail","Outmaneuver","Tactician","Bouncing Flask","Adrenaline","Footwork","Dodge and Roll+1","Deflect","Backflip","Well Laid Plans","Burst+1","Dagger Throw","Footwork"],"max_hp_per_floor":[70,70,70,70,70,70,70,70,70,70,70,70,75,75,75,75,75,75,75,75,75,75,75,75,75,75,75,75,75,75,75,75,75,75,75,75,75,75,75,75],"relics":["Ring of the Snake","Orichalcum","Meat on the Bone","Tough Bandages","White Beast Statue","Unceasing Top","Dodecahedron","Sozu","Kunai"],"card_choices":[{"not_picked":["Deflect","Underhanded Strike"],"picked":"Slice"},{"not_picked":["Slice","Skewer"],"picked":"Poisoned Stab"},{"not_picked":["Underhanded Strike","PiercingWail"],"picked":"Dagger Spray"},{"not_picked":["Underhanded Strike","Quick Slash"],"picked":"Tools of the Trade"},{"not_picked":["Masterful Stab","Riddle With Holes"],"picked":"Poisoned Stab"},{"not_picked":["PiercingWail","Acrobatics"],"picked":"Outmaneuver"},{"not_picked":["Storm of Steel","Die Die Die"],"picked":"Tactician"},{"not_picked":["Quick Slash","Blade Dance"],"picked":"Bouncing Flask"},{"not_picked":["Underhanded Strike","Poisoned Stab"],"picked":"Footwork"},{"not_picked":["Dagger Throw","Slice"],"picked":"Dodge and Roll"},{"not_picked":["Sucker Punch","Outmaneuver"],"picked":"Deflect"},{"not_picked":["Calculated Gamble","Sucker Punch"],"picked":"Backflip"},{"not_picked":["Storm of Steel","Quick Slash"],"picked":"Well Laid Plans"},{"not_picked":["Tactician","Storm of Steel"],"picked":"Burst"},{"not_picked":["Concentrate","Deflect"],"picked":"Dagger Throw"},{"not_picked":["Well Laid Plans","Terror"],"picked":"Footwork"}],"player_experience":660415,"potions_floor_usage":[7,12,12,16,18,22,22,22,24,25,29,33,33],"damage_taken":[{"damage":0,"enemies":"Blue Slaver","floor":1,"turns":7},{"damage":5,"enemies":"2 Louse","floor":2,"turns":3},{"damage":0,"enemies":"Small Slimes","floor":5,"turns":3},{"damage":6,"enemies":"3 Sentries","floor":7,"turns":6},{"damage":0,"enemies":"3 Louse","floor":10,"turns":3},{"damage":9,"enemies":"Gremlin Nob","floor":12,"turns":4},{"damage":4,"enemies":"Red Slaver","floor":14,"turns":4},{"damage":5,"enemies":"The Guardian","floor":16,"turns":9},{"damage":3,"enemies":"Shell Parasite","floor":18,"turns":6},{"damage":3,"enemies":"Chosen","floor":20,"turns":4},{"damage":10,"enemies":"3 Cultists","floor":22,"turns":6},{"damage":7,"enemies":"Centurion and Healer","floor":24,"turns":7},{"damage":3,"enemies":"Sentry and Sphere","floor":25,"turns":5},{"damage":31,"enemies":"Slaver and Parasite","floor":29,"turns":7},{"damage":7,"enemies":"Centurion and Healer","floor":30,"turns":9},{"damage":19,"enemies":"Automaton","floor":33,"turns":12},{"damage":6,"enemies":"Orb Walker","floor":35,"turns":4},{"damage":9,"enemies":"3 Shapes","floor":36,"turns":6},{"damage":13,"enemies":"Sphere and 2 Shapes","floor":39,"turns":7},{"damage":81,"enemies":"2 Orb Walkers","floor":41,"turns":5}],"event_choices":[{"event_name":"Liars Game","player_choice":"disagreed","floor":3,"damage_taken":0},{"event_name":"The Lab","player_choice":"Got Potions","floor":4,"damage_taken":0},{"event_name":"Big Fish","player_choice":"Donut","floor":13,"damage_taken":0},{"event_name":"The Mausoleum","player_choice":"No","floor":31,"damage_taken":0},{"event_name":"Upgrade Shrine","player_choice":"Upgraded","floor":38,"damage_taken":0}],"boss_relics":[{"not_picked":["Runic Pyramid","Snecko Eye"],"picked":"White Beast Statue"},{"not_picked":["Cursed Key","Calling Bell"],"picked":"Sozu"}],"potions_floor_spawned":[2,7,12,14,18,20,22,24,25,29,30,33,35,36,39],"seed_played":"2899712314630018499","killed_by":"2 Orb Walkers","ascension_level":0,"is_trial":false}