{"path_per_floor":["M","?","$","?","?","R","E","R","T","M","R","M","E","M","R","B",null,"M","?","$","M","M","R","?","R","T","R","M","R","?","M","R","B",null,"M","?","?","M","M","?","M","$","T","M","R","$","M","M","R"],"character_chosen":"THE_SILENT","items_purchased":["Dagger Spray","Panache","Cloak And Dagger","A Thousand Cuts","Footwork","Whetstone"],"gold_per_floor":[117,117,65,65,165,165,197,197,197,207,207,217,250,268,268,368,368,388,388,129,147,157,157,157,157,157,157,175,175,175,185,185,284,284,296,296,296,309,325,325,343,104,104,117,117,1,12,24,24],"floor_reached":50,"campfire_rested":3,"playtime":4371,"current_hp_per_floor":[69,69,69,51,51,51,17,38,38,38,59,58,47,42,63,31,70,66,66,66,56,58,58,58,58,58,58,60,60,60,69,69,51,70,50,41,41,27,26,61,41,41,41,47,59,59,59,61,61],"items_purged":["Defend_G","Bite"],"gold":24,"score":428,"play_id":"06dcfdee-cba5-47a6-86c7-05dcd2197c94","is_prod":false,"is_daily":false,"is_ascension_mode":false,"campfire_upgraded":7,"path_taken":["M","?","?","?","?","R","E","R","T","M","R","?","E","M","R","BOSS","M","?","$","M","M","R","?","R","T","R","?","R","?","?","R","BOSS","M","?","?","M","M","?","M","$","T","M","R","?","M","M","R","BOSS"],"build_version":"2018-02-15-PROD1","purchased_purges":2,"victory":false,"master_deck":["Defend_G","Defend_G","Defend_G","Survivor","Neutralize+1","Escape Plan","Dagger Spray+1","Footwork+1","Heel Hook","Calculated Gamble","Dagger Throw+1","Burst+1","Malaise","Panache+1","Cloak And Dagger","Heel Hook","Distraction+1","Deflect","Bite","Bite","Bite+1","Bite","Doppelganger","Madness","Madness","Dash+1","Dash","Dagger Spray+1","A Thousand Cuts+1","Footwork+1","Backflip+1","PiercingWail+1"],"max_hp_per_floor":[70,70,70,70,70,70,70,70,70,70,70,70,70,70,70,70,70,70,70,70,70,70,70,70,70,70,70,70,70,70,70,70,70,70,70,70,70,70,70,61,61,61,61,61,61,61,61,61,61],"relics":["Ring of the Snake","The Courier","Smiling Mask","Calipers","Sozu","Shovel","Gremlin Horn","Eternal Feather","Thread and Needle","Whetstone"],"card_choices":[{"not_picked":["Deflect","PiercingWail"],"picked":"Escape Plan"},{"not_picked":["Prepared","Reflex"],"picked":"Footwork"},{"not_picked":["Cloak And Dagger","Outmaneuver"],"picked":"Heel Hook"},{"not_picked":["Masterful Stab","Dagger Throw"],"picked":"Calculated Gamble"},{"not_picked":["Outmaneuver","Deadly Poison"],"picked":"Dagger Throw"},{"not_picked":["Tools of the Trade","Bullet Time"],"picked":"Burst"},{"not_picked":["Sucker Punch","Accuracy"],"picked":"Malaise"},{"not_picked":["Dash","Sucker Punch"],"picked":"Heel Hook"},{"not_picked":["Deflect","Dagger Spray"],"picked":"Distraction"},{"not_picked":["Quick Slash","Malaise"],"picked":"Deflect"},{"not_picked":["Wraith Form","Phantasmal Killer"],"picked":"Doppelganger"},{"not_picked":["Riddle With Holes","Slice"],"picked":"Dash"},{"not_picked":["Acrobatics","Deadly Poison"],"picked":"Dash"},{"not_picked":["Poisoned Stab","Prepared"],"picked":"Dagger Spray"},{"not_picked":["Quick Slash","Expertise"],"picked":"Backflip"},{"not_picked":["Underhanded Strike","Acrobatics"],"picked":"PiercingWail"}],"player_experience":666336,"potions_floor_usage":[],"damage_taken":[{"damage":1.0,"enemies":"2 Louse","floor":1.0,"turns":4.0},{"damage":34.0,"enemies":"Gremlin Nob","floor":7.0,"turns":6.0},{"damage":0.0,"enemies":"Cultist","floor":10.0,"turns":4.0},{"damage":1.0,"enemies":"Jaw Worm","floor":12.0,"turns":6.0},{"damage":11.0,"enemies":"3 Sentries","floor":13.0,"turns":8.0},{"damage":7.0,"enemies":"Exordium Thugs","floor":14.0,"turns":3.0},{"damage":34.0,"enemies":"The Guardian","floor":16.0,"turns":16.0},{"damage":4.0,"enemies":"Chosen","floor":18.0,"turns":7.0},{"damage":12.0,"enemies":"2 Thieves","floor":21.0,"turns":4.0},{"damage":0.0,"enemies":"Snake Plant","floor":22.0,"turns":6.0},{"damage":0.0,"enemies":"Centurion and Healer","floor":28.0,"turns":8.0},{"damage":3.0,"enemies":"Snake Plant","floor":31.0,"turns":4.0},{"damage":43.0,"enemies":"Collector","floor":33.0,"turns":12.0},{"damage":22.0,"enemies":"3 Shapes","floor":35.0,"turns":4.0},{"damage":24.0,"enemies":"3 Darklings","floor":38.0,"turns":4.0},{"damage":11.0,"enemies":"4 Shapes","floor":39.0,"turns":4.0},{"damage":24.0,"enemies":"Sphere and 2 Shapes","floor":41.0,"turns":6.0},{"damage":0.0,"enemies":"3 Darklings","floor":44.0,"turns":5.0},{"damage":0.0,"enemies":"4 Shapes","floor":47.0,"turns":2.0},{"damage":5.0,"enemies":"Maw","floor":48.0,"turns":8.0},{"damage":60,"enemies":"Donu and Deca","floor":50,"turns":8}],"event_choices":[{"event_name":"Bonfire Elementals","player_choice":"BASIC","floor":2.0,"damage_taken":0.0},{"event_name":"Scrap Ooze","player_choice":"success","floor":4.0,"damage_taken":18.0},{"event_name":"Wheel of Change","player_choice":"Gold","floor":5.0,"damage_taken":0.0},{"event_name":"Purifier","player_choice":"One Purge","floor":19.0,"damage_taken":0.0},{"event_name":"Cursed Tome","player_choice":"Ignored","floor":24.0,"damage_taken":0.0},{"event_name":"Vampires","player_choice":"Became a vampire (Vial)","floor":30.0,"damage_taken":0.0},{"event_name":"Winding Halls","player_choice":"Embrace Madness","floor":36.0,"damage_taken":0.0},{"event_name":"Transmorgrifier","player_choice":"Skipped","floor":37.0,"damage_taken":0.0},{"event_name":"The Moai Head","player_choice":"Heal","floor":40.0,"damage_taken":0.0}],"boss_relics":[],"potions_floor_spawned":[12,13,16,18,22,31,33,39,41,44,48],"seed_played":"-5259612797112827227","killed_by":"Donu and Deca","ascension_level":0,"is_trial":false}