{"path_per_floor":["M","M","$","?","M","R","?","?","T","M","R","M","$","E","R","B",null,"M","?","M","M","?","R","M","E","T","R","?","$","E","?","R","B",null,"M","?","?","?","$","R","M","E","T","$","?","M","R","M","R","B"],"character_chosen":"THE_SILENT","items_purchased":["Noxious Fumes","Footwork","Apotheosis","War Paint","Pen Nib","Lee\u0027s Waffle","Bag of Marbles"],"gold_per_floor":[119,131,60,10,22,22,22,22,69,94,94,119,47,91,91,214,214,237,237,262,276,276,276,296,334,415,415,415,2,41,141,141,269,269,288,258,591,591,339,339,359,385,385,34,0,17,17,32,32,32],"floor_reached":51,"campfire_rested":4,"playtime":3090,"current_hp_per_floor":[68,66,66,66,66,66,66,65,65,65,65,63,63,45,64,41,65,55,55,49,45,45,64,55,57,57,57,57,57,49,49,62,24,62,60,60,60,60,60,60,59,51,51,69,69,52,52,48,68,52],"items_purged":["Parasite","Eviscerate"],"gold":32,"score":613,"play_id":"9f9bb29c-e10e-4fd4-851c-7585a63a40d5","is_prod":false,"is_daily":false,"is_ascension_mode":true,"campfire_upgraded":5,"path_taken":["M","M","$","?","M","R","?","?","T","M","R","M","$","E","R","BOSS","M","?","M","M","?","R","M","E","T","R","?","$","E","?","R","BOSS","M","?","?","?","$","R","M","E","T","$","?","M","R","M","R","BOSS"],"build_version":"2018-02-22-PROD2","purchased_purges":6,"victory":true,"master_deck":["Defend_G+1","Defend_G+1","Defend_G+1","Defend_G+1","Strike_G+1","Strike_G+1","Strike_G+1","Strike_G+1","Survivor","Neutralize","Burst+1","Deadly Poison+1","Dagger Spray+1","Noxious Fumes","Backstab","Noxious Fumes","Cloak And Dagger","Deflect","Footwork","Glass Knife+1","Adrenaline+1","Crippling Poison+1","Setup+1","Bouncing Flask","Acrobatics","Tools of the Trade","Apotheosis+1","Dash+1","After Image+1","Blur","PiercingWail+1","Prepared+1","Parasite"],"max_hp_per_floor":[70,70,70,70,70,70,70,65,65,65,65,65,65,65,65,65,65,65,65,65,65,65,65,65,65,65,65,65,62,62,62,62,62,62,62,62,62,62,62,62,62,62,62,69,69,69,69,69,69,69],"relics":["Ring of the Snake","Blood Vial","Tough Bandages","Cursed Key","Juzu Bracelet","Frozen Egg 2","War Paint","Vajra","The Specimen","Pen Nib","Meat on the Bone","Lee\u0027s Waffle","Bag of Marbles","Red Mask"],"card_choices":[{"not_picked":["Prepared","Backflip"],"picked":"Deadly Poison"},{"not_picked":["Sucker Punch","Underhanded Strike"],"picked":"Dagger Spray"},{"not_picked":["Slice","Dagger Spray"],"picked":"Backstab"},{"not_picked":["Outmaneuver","Dagger Throw"],"picked":"Cloak And Dagger"},{"not_picked":["Caltrops","Cloak And Dagger"],"picked":"Deflect"},{"not_picked":["Underhanded Strike","Cloak And Dagger"],"picked":"Glass Knife"},{"not_picked":["Tools of the Trade","Night Terror"],"picked":"Adrenaline"},{"not_picked":["Escape Plan","Deadly Poison"],"picked":"Crippling Poison"},{"not_picked":["Expertise","Flying Knee"],"picked":"Setup"},{"not_picked":["Crippling Poison","Dagger Throw"],"picked":"Bouncing Flask"},{"not_picked":["Endless Agony","Flying Knee"],"picked":"Acrobatics"},{"not_picked":["Dodge and Roll","Accuracy"],"picked":"Tools of the Trade"},{"not_picked":["Skewer","Acrobatics"],"picked":"Dash"},{"not_picked":["A Thousand Cuts","Burst"],"picked":"After Image"},{"not_picked":["Slice","Sucker Punch"],"picked":"Blur"},{"not_picked":["Prepared","All Out Attack"],"picked":"PiercingWail"},{"not_picked":["Quick Slash","Slice"],"picked":"Prepared"}],"player_experience":766791,"potions_floor_usage":[14,18,21,25,42,42,46,46,50],"damage_taken":[{"damage":2,"enemies":"Jaw Worm","floor":1,"turns":6},{"damage":2,"enemies":"2 Louse","floor":2,"turns":2},{"damage":0,"enemies":"Cultist","floor":5,"turns":4},{"damage":0,"enemies":"Looter","floor":10,"turns":3},{"damage":2,"enemies":"Large Slime","floor":12,"turns":4},{"damage":20,"enemies":"Gremlin Nob","floor":14,"turns":5},{"damage":24,"enemies":"Slime Boss","floor":16,"turns":10},{"damage":10,"enemies":"2 Thieves","floor":18,"turns":4},{"damage":8,"enemies":"Spheric Guardian","floor":20,"turns":5},{"damage":6,"enemies":"Centurion and Healer","floor":21,"turns":7},{"damage":10,"enemies":"Snake Plant","floor":24,"turns":4},{"damage":0,"enemies":"Book of Stabbing","floor":25,"turns":5},{"damage":10,"enemies":"Slavers","floor":30,"turns":6},{"damage":38,"enemies":"Collector","floor":33,"turns":9},{"damage":2,"enemies":"3 Shapes","floor":35,"turns":4},{"damage":3,"enemies":"Orb Walker","floor":41,"turns":3},{"damage":10,"enemies":"2 Orb Walkers","floor":42,"turns":6},{"damage":23,"enemies":"3 Darklings","floor":46,"turns":6},{"damage":6,"enemies":"4 Shapes","floor":48,"turns":5},{"damage":17,"enemies":"Donu and Deca","floor":50,"turns":10}],"event_choices":[{"event_name":"The Cleric","player_choice":"Card Removal","floor":4,"damage_taken":0},{"event_name":"Match and Keep!","player_choice":"1 cards matched","floor":7,"damage_taken":0},{"event_name":"Golden Idol","player_choice":"Lose Max HP","floor":8,"damage_taken":0},{"event_name":"Transmorgrifier","player_choice":"Transform","floor":19,"damage_taken":0},{"event_name":"Back to Basics","player_choice":"Simplicity","floor":22,"damage_taken":0},{"event_name":"Drug Dealer","player_choice":"Ignored","floor":28,"damage_taken":0},{"event_name":"Golden Shrine","player_choice":"Pray","floor":31,"damage_taken":0},{"event_name":"The Woman in Blue","player_choice":"Bought 2 Potions","floor":36,"damage_taken":0},{"event_name":"The Moai Head","player_choice":"Gave Idol","floor":37,"damage_taken":0},{"event_name":"Accursed Blacksmith","player_choice":"Ignore","floor":38,"damage_taken":0},{"event_name":"Tomb of Lord Red Mask","player_choice":"Paid","floor":45,"damage_taken":0}],"boss_relics":[{"not_picked":["Lizard Tail","Calling Bell"],"picked":"Cursed Key"},{"not_picked":["Philosopher\u0027s Stone","Runic Pyramid"],"picked":"The Specimen"}],"potions_floor_spawned":[2,5,20,24,33,41,42,46],"seed_played":"-8716594002785529253","ascension_level":1,"is_trial":false}