{"path_per_floor":["M","?","?","M","M","R","E","R","T","M","M","E","T","M","R","B",null,"M","?","M","$","?","R","M","M","T","R","M","M","$","?","R"],"character_chosen":"THE_SILENT","items_purchased":["Toy Ornithopter","Footwork","Happy Flower","Deflect"],"gold_per_floor":[115,190,140,159,174,174,209,209,233,247,266,301,351,365,365,467,467,482,482,496,26,26,26,36,55,55,55,68,83,8,8,8],"floor_reached":33,"campfire_rested":3,"playtime":2968,"current_hp_per_floor":[68,57,57,57,57,57,40,61,68,66,63,41,41,41,64,18,77,67,53,49,49,49,49,35,25,25,49,43,48,48,75,75],"items_purged":["Defend_G"],"gold":8,"score":259,"play_id":"81b13528-4249-495e-bd1c-897fe13826c1","is_prod":false,"is_daily":false,"is_ascension_mode":false,"campfire_upgraded":3,"path_taken":["M","?","?","M","?","R","E","R","T","M","M","E","?","M","R","BOSS","M","?","M","$","?","R","M","?","T","R","M","M","$","?","R","BOSS"],"build_version":"2018-02-15-PROD1","purchased_purges":1,"victory":false,"master_deck":["Defend_G","Defend_G","Defend_G","Defend_G","Strike_G","Strike_G","Strike_G","Strike_G","Survivor","Neutralize","Sucker Punch","Noxious Fumes","Dagger Spray+1","Outmaneuver","Tactician","PiercingWail","Choke","Dagger Throw","Venomology+1","Blur","Masterful Stab+1","Footwork+1","Deflect","Prepared","Backflip","Dodge and Roll+1","Backstab+1"],"max_hp_per_floor":[70,70,70,70,70,70,70,70,77,77,77,77,77,77,77,77,77,77,82,82,82,82,82,82,82,82,82,82,82,82,82,82],"relics":["Ring of the Snake","Tingsha","Strawberry","Orichalcum","Prayer Wheel","The Specimen","Toy Ornithopter","Happy Flower","Torii"],"card_choices":[{"not_picked":["Endless Agony","Acrobatics"],"picked":"Sucker Punch"},{"not_picked":["Acrobatics","Underhanded Strike"],"picked":"Noxious Fumes"},{"not_picked":["Prepared","Dagger Throw"],"picked":"Dagger Spray"},{"not_picked":["Sucker Punch","Flying Knee"],"picked":"Outmaneuver"},{"not_picked":["Cloak And Dagger","Outmaneuver"],"picked":"Tactician"},{"not_picked":["Poisoned Stab","Infinite Blades"],"picked":"PiercingWail"},{"not_picked":["Flying Knee","Skewer"],"picked":"Choke"},{"not_picked":["Underhanded Strike","Bane"],"picked":"Dagger Throw"},{"not_picked":["Night Terror","Doppelganger"],"picked":"Venomology"},{"not_picked":["Masterful Stab","Underhanded Strike"],"picked":"Blur"},{"not_picked":["Eviscerate","Dodge and Roll"],"picked":"Masterful Stab"},{"not_picked":["Underhanded Strike","Malaise"],"picked":"Prepared"},{"not_picked":["Slice","Accuracy"],"picked":"Backflip"},{"not_picked":["Deadly Poison","Flying Knee"],"picked":"Dodge and Roll"},{"not_picked":["Slice","Prepared"],"picked":"Backstab"}],"player_experience":731183,"potions_floor_usage":[12,12,16,18,18,20,24,25,28,28,28,29,33,33],"damage_taken":[{"damage":2,"enemies":"Small Slimes","floor":1,"turns":4},{"damage":0,"enemies":"2 Louse","floor":4,"turns":3},{"damage":0,"enemies":"Cultist","floor":5,"turns":4},{"damage":17,"enemies":"3 Sentries","floor":7,"turns":6},{"damage":2,"enemies":"Looter","floor":10,"turns":4},{"damage":3,"enemies":"2 Fungi Beasts","floor":11,"turns":3},{"damage":22,"enemies":"Lagavulin","floor":12,"turns":8},{"damage":0,"enemies":"Large Slime","floor":14,"turns":5},{"damage":46,"enemies":"The Guardian","floor":16,"turns":18},{"damage":10,"enemies":"Spheric Guardian","floor":18,"turns":6},{"damage":13,"enemies":"Shell Parasite","floor":20,"turns":6},{"damage":32,"enemies":"3 Cultists","floor":24,"turns":6},{"damage":13,"enemies":"Snake Plant","floor":25,"turns":6},{"damage":27,"enemies":"Centurion and Healer","floor":28,"turns":5},{"damage":13,"enemies":"Sentry and Sphere","floor":29,"turns":14},{"damage":74,"enemies":"Champ","floor":33,"turns":15}],"event_choices":[{"event_name":"World of Goop","player_choice":"Gather Gold","floor":2,"damage_taken":0},{"event_name":"The Cleric","player_choice":"Card Removal","floor":3,"damage_taken":0},{"event_name":"Forgotten Altar","player_choice":"Shed Blood","floor":19,"damage_taken":0},{"event_name":"Vampires","player_choice":"Ignored","floor":22,"damage_taken":0},{"event_name":"The Library","player_choice":"Heal","floor":31,"damage_taken":0}],"boss_relics":[{"not_picked":["Runic Dome","Eternal Feather"],"picked":"The Specimen"}],"potions_floor_spawned":[1,5,10,11,12,24,25,29],"seed_played":"1698803960820578104","killed_by":"Champ","ascension_level":0,"is_trial":false}