{"path_per_floor":["M","?","M","?","$","R","M","R","T","R","E","M","M","M","R","B",null,"M","?","$","?","M","R","?","?","T","E","R","$","R","M","R","B",null,"M","?","T","M","$","R","M","R","T","R","M","M","?","M","R","B"],"character_chosen":"THE_SILENT","items_purchased":["Footwork","Oddly Smooth Stone","Deflect","Bane","Well Laid Plans"],"gold_per_floor":[114,114,128,128,15,15,29,29,29,29,63,77,91,102,102,201,201,220,220,46,46,66,66,66,66,66,95,95,46,46,56,56,158,158,172,172,252,272,97,97,108,108,108,108,127,140,140,153,153,153],"floor_reached":51,"campfire_rested":3,"playtime":3323,"current_hp_per_floor":[70,70,70,56,56,56,54,54,54,70,56,55,48,48,48,46,70,51,51,51,51,51,51,51,51,51,44,44,44,44,41,62,19,70,67,67,67,66,66,70,57,67,67,70,50,43,43,44,70,44],"items_purged":["Defend_G","Strike_G"],"gold":153,"score":515,"play_id":"2cc7280d-67f8-43bb-8142-a9578eb4d08f","is_prod":false,"is_daily":false,"is_ascension_mode":false,"campfire_upgraded":9,"path_taken":["M","?","M","?","$","R","M","R","T","R","E","M","M","M","R","BOSS","M","?","$","?","M","R","?","?","T","E","R","$","R","?","R","BOSS","M","?","?","M","$","R","M","R","T","R","?","M","?","M","R","BOSS"],"build_version":"2018-02-15-PROD1","purchased_purges":2,"victory":true,"master_deck":["Defend_G","Defend_G","Defend_G+1","Strike_G","Strike_G+1","Survivor","Neutralize+1","Blur","Dodge and Roll","Predator+1","Footwork+1","PiercingWail","Deadly Poison","Calculated Gamble","Bouncing Flask+1","Malaise+1","Corpse Explosion+1","Dagger Spray+1","Deflect","Footwork+1","Backflip","Bane","Adrenaline","Crippling Poison+1","Crippling Poison+1","Well Laid Plans","Dodge and Roll+1","Prepared+1"],"max_hp_per_floor":[70,70,70,70,70,70,70,70,70,70,70,70,70,70,70,70,70,70,70,70,70,70,70,70,70,70,70,70,70,70,70,70,70,70,70,70,70,70,70,70,70,70,70,70,70,70,70,70,70,70],"relics":["Ring of the Snake","Omamori","Bag of Preparation","Snake Skull","White Beast Statue","Oddly Smooth Stone","Frozen Eye","Peace Pipe","Eternal Feather","Meat on the Bone","Ornamental Fan"],"card_choices":[{"not_picked":["Cloak And Dagger","Flying Knee"],"picked":"Blur"},{"not_picked":["Calculated Gamble","Sucker Punch"],"picked":"Predator"},{"not_picked":["Dodge and Roll","Skewer"],"picked":"PiercingWail"},{"not_picked":["Underhanded Strike","Dodge and Roll"],"picked":"Deadly Poison"},{"not_picked":["Sucker Punch","Concentrate"],"picked":"Calculated Gamble"},{"not_picked":["Prepared","Sucker Punch"],"picked":"Bouncing Flask"},{"not_picked":["Catalyst","A Thousand Cuts"],"picked":"Malaise"},{"not_picked":["Phantasmal Killer","Unload"],"picked":"Corpse Explosion"},{"not_picked":["Flying Knee","Deadly Poison"],"picked":"Dagger Spray"},{"not_picked":["Dodge and Roll","Riddle With Holes"],"picked":"Footwork"},{"not_picked":["Dagger Spray","Choke"],"picked":"Backflip"},{"not_picked":["Storm of Steel","Venomology"],"picked":"Adrenaline"},{"not_picked":["Quick Slash","Slice"],"picked":"Crippling Poison"},{"not_picked":["Choke","Backstab"],"picked":"Crippling Poison"},{"not_picked":["Dagger Spray","Dagger Throw"],"picked":"Dodge and Roll"},{"not_picked":["Slice","Quick Slash"],"picked":"Prepared"}],"player_experience":737955,"potions_floor_usage":[22,31,33,33,35,45,45,46,50,50,50],"damage_taken":[{"damage":0.0,"enemies":"Small Slimes","floor":1.0,"turns":3.0},{"damage":0.0,"enemies":"Cultist","floor":3.0,"turns":4.0},{"damage":2.0,"enemies":"Looter","floor":7.0,"turns":3.0},{"damage":14.0,"enemies":"3 Sentries","floor":11.0,"turns":7.0},{"damage":1.0,"enemies":"Large Slime","floor":12.0,"turns":5.0},{"damage":7.0,"enemies":"Lots of Slimes","floor":13.0,"turns":5.0},{"damage":0.0,"enemies":"2 Fungi Beasts","floor":14.0,"turns":4.0},{"damage":2.0,"enemies":"Hexaghost","floor":16.0,"turns":8.0},{"damage":19,"enemies":"2 Thieves","floor":18,"turns":5},{"damage":0,"enemies":"3 Byrds","floor":22,"turns":5},{"damage":7,"enemies":"Book of Stabbing","floor":27,"turns":9},{"damage":3,"enemies":"Snake Plant","floor":31,"turns":6},{"damage":43,"enemies":"Champ","floor":33,"turns":19},{"damage":3,"enemies":"Orb Walker","floor":35,"turns":3},{"damage":1,"enemies":"3 Shapes","floor":38,"turns":6},{"damage":13,"enemies":"Maw","floor":41,"turns":10},{"damage":20,"enemies":"Sphere and 2 Shapes","floor":45,"turns":9},{"damage":19,"enemies":"3 Darklings","floor":46,"turns":4},{"damage":11,"enemies":"4 Shapes","floor":48,"turns":5},{"damage":41,"enemies":"Awakened One","floor":50,"turns":23}],"event_choices":[{"event_name":"Transmorgrifier","player_choice":"Transform","floor":2.0,"damage_taken":0.0},{"event_name":"Shining Light","player_choice":"Entered Light","floor":4.0,"damage_taken":0.0},{"event_name":"Bonfire Elementals","player_choice":"BASIC","floor":19,"damage_taken":0},{"event_name":"Addict","player_choice":"Ignored","floor":21,"damage_taken":0},{"event_name":"Beggar","player_choice":"Ignored","floor":24,"damage_taken":0},{"event_name":"The Woman in Blue","player_choice":"Bought 0 Potions","floor":25,"damage_taken":0},{"event_name":"Purifier","player_choice":"One Purge","floor":36,"damage_taken":0},{"event_name":"Mysterious Sphere","player_choice":"Ignore","floor":47,"damage_taken":0}],"boss_relics":[{"not_picked":["Astrolabe","Question Card"],"picked":"White Beast Statue"},{"not_picked":["Tiny House","Runic Dome"],"picked":"Eternal Feather"}],"potions_floor_spawned":[1,13,14,18,22,27,31,33,35,38,41,45,46,48],"seed_played":"-5657649818425705565","ascension_level":0,"is_trial":false}