{"path_per_floor":["M","M","$","?","?","R","E","R","T","M","R","?","T","E","R","B",null,"M","?","M","$","M","E","R","$","T","M","?","R","M","M","R","B",null,"M","$","M","M","?","R","$","R","T","M","?","M","R","M","R","B"],"character_chosen":"THE_SILENT","items_purchased":["Poisoned Stab","Blur","Apotheosis","Noxious Fumes","Blur"],"gold_per_floor":[110,125,26,26,101,101,133,133,133,149,149,149,149,175,175,278,278,295,295,306,32,49,76,76,4,27,41,41,41,57,68,68,173,203,219,84,101,112,112,112,112,112,138,151,0,10,10,25,25,25],"floor_reached":51,"campfire_rested":3,"playtime":2530,"current_hp_per_floor":[70,70,70,70,59,59,59,59,59,59,59,64,64,64,64,59,75,75,75,70,70,70,36,74,74,74,41,41,77,76,76,76,65,84,76,76,67,67,67,67,67,67,67,66,66,68,68,65,92,68],"items_purged":["Strike_G","Defend_G"],"gold":25,"score":600,"play_id":"e5175ae7-934c-4c0d-9c1b-0c249acbf857","is_prod":false,"is_daily":false,"is_ascension_mode":false,"campfire_upgraded":8,"path_taken":["M","M","$","?","?","R","E","R","T","M","R","?","?","E","R","BOSS","M","?","M","$","M","E","R","$","T","M","?","R","M","?","R","BOSS","M","$","M","M","?","R","?","R","T","M","?","M","R","M","R","BOSS"],"build_version":"2018-02-22-PROD2","purchased_purges":2,"victory":true,"master_deck":["Defend_G","Defend_G+1","Defend_G","Defend_G","Strike_G+1","Strike_G","Strike_G","Survivor","Neutralize+1","Bouncing Flask+1","After Image+1","Poisoned Stab","Slice","Dash+1","Bane+1","Envenom+1","Prepared","PiercingWail+1","Bane","Footwork+1","Glass Knife","Blur+1","Apotheosis+1","Noxious Fumes+1","Noxious Fumes+1","Leg Sweep+1","Deflect","Dodge and Roll+1","Acrobatics+1","Blur+1","Backflip","Sucker Punch+1"],"max_hp_per_floor":[70,70,70,70,70,70,70,70,70,70,70,75,75,75,75,75,75,75,75,75,75,75,77,77,77,77,77,77,77,77,77,77,79,84,86,86,88,88,88,88,88,88,88,90,90,92,92,92,92,92],"relics":["Ring of the Snake","NeowsBlessing","Happy Flower","Frozen Egg 2","Mummified Hand","Regal Pillow","Orrery","Singing Bowl","War Paint","Orichalcum","Tiny House","Bronze Scales","Red Mask"],"card_choices":[{"not_picked":["Dodge and Roll","Prepared"],"picked":"Bouncing Flask"},{"not_picked":["Bane","Blade Dance"],"picked":"After Image"},{"not_picked":["Acrobatics","Eviscerate"],"picked":"Slice"},{"not_picked":["Terror","Prepared"],"picked":"Dash"},{"not_picked":["Deflect","After Image"],"picked":"Bane"},{"not_picked":["Phantasmal Killer","Grand Finale"],"picked":"Envenom"},{"not_picked":["Underhanded Strike","Skewer"],"picked":"Prepared"},{"not_picked":["Flying Knee","Poisoned Stab"],"picked":"PiercingWail"},{"not_picked":["Quick Slash","Dodge and Roll"],"picked":"Bane"},{"not_picked":["Flying Knee","Distraction"],"picked":"Footwork"},{"not_picked":["Acrobatics","Accuracy"],"picked":"Glass Knife"},{"not_picked":["Crippling Poison","PiercingWail"],"picked":"Noxious Fumes"},{"not_picked":["Reflex","Acrobatics"],"picked":"Leg Sweep"},{"not_picked":["Bane","Concentrate"],"picked":"Deflect"},{"not_picked":["Quick Slash","Deadly Poison"],"picked":"Dodge and Roll"},{"not_picked":["Slice","Cloak And Dagger"],"picked":"Acrobatics"},{"not_picked":["Dodge and Roll","Tools of the Trade"],"picked":"Backflip"},{"not_picked":["Flying Knee","Bouncing Flask"],"picked":"Sucker Punch"}],"player_experience":801452,"potions_floor_usage":[20,23,23,33,37,46,50],"damage_taken":[{"damage":0.0,"enemies":"Jaw Worm","floor":1.0,"turns":1.0},{"damage":0.0,"enemies":"Cultist","floor":2.0,"turns":1.0},{"damage":0.0,"enemies":"Gremlin Nob","floor":7.0,"turns":1.0},{"damage":0.0,"enemies":"Small Slimes","floor":10.0,"turns":3.0},{"damage":0.0,"enemies":"3 Sentries","floor":14.0,"turns":6.0},{"damage":20.0,"enemies":"Hexaghost","floor":16.0,"turns":8.0},{"damage":0,"enemies":"Shell Parasite","floor":18,"turns":4},{"damage":5,"enemies":"2 Thieves","floor":20,"turns":3},{"damage":0,"enemies":"Centurion and Healer","floor":22,"turns":7},{"damage":36,"enemies":"Gremlin Leader","floor":23,"turns":7},{"damage":33,"enemies":"Cultist and Chosen","floor":27,"turns":6},{"damage":1,"enemies":"Chosen and Byrds","floor":30,"turns":6},{"damage":0,"enemies":"Snecko","floor":31,"turns":4},{"damage":13,"enemies":"Automaton","floor":33,"turns":10},{"damage":10,"enemies":"Orb Walker","floor":35,"turns":5},{"damage":11,"enemies":"3 Darklings","floor":37,"turns":5},{"damage":0,"enemies":"4 Shapes","floor":38,"turns":5},{"damage":3,"enemies":"Maw","floor":44,"turns":8},{"damage":0,"enemies":"Sphere and 2 Shapes","floor":46,"turns":7},{"damage":3,"enemies":"4 Shapes","floor":48,"turns":7},{"damage":31,"enemies":"Time Eater","floor":50,"turns":11}],"event_choices":[{"event_name":"Accursed Blacksmith","player_choice":"Forge","floor":4.0,"damage_taken":0.0},{"event_name":"World of Goop","player_choice":"Gather Gold","floor":5.0,"damage_taken":0.0},{"event_name":"Big Fish","player_choice":"Donut","floor":12.0,"damage_taken":0.0},{"event_name":"The Mausoleum","player_choice":"Yes","floor":19,"damage_taken":0},{"event_name":"Vampires","player_choice":"Ignored","floor":28,"damage_taken":0},{"event_name":"Tomb of Lord Red Mask","player_choice":"Paid","floor":45,"damage_taken":0}],"boss_relics":[{"not_picked":["Runic Dome","Snecko Eye"],"picked":"Orrery"},{"not_picked":["Runic Pyramid","Pandora\u0027s Box"],"picked":"Tiny House"}],"potions_floor_spawned":[7,10,18,20,22,31,35,46],"seed_played":"7685169415414087684","ascension_level":0,"is_trial":false}