{"path_per_floor":["M","M","?","$","?","R","M","R","T","M","R","$","E","M","R","B",null,"M","?","?","M","$","R","M","R","T","M","E","M","M","M","R","B",null,"M","M","M","$","M","R","M","$","T","R","?","R","?","M","R"],"character_chosen":"THE_SILENT","items_purchased":["Noxious Fumes","Deflect","Dodge and Roll","Footwork","Lantern"],"gold_per_floor":[114,129,129,10,10,10,26,26,49,59,59,5,30,42,42,137,167,152,152,152,172,26,26,38,38,63,76,103,115,133,146,146,245,245,261,274,292,192,209,209,221,73,73,73,73,73,0,15,15],"floor_reached":50,"campfire_rested":3,"playtime":2874,"current_hp_per_floor":[61,60,60,60,60,60,60,60,60,55,55,55,60,60,60,40,68,49,49,49,44,44,44,42,62,62,59,36,12,12,16,36,26,68,61,56,34,34,33,53,42,42,42,42,59,59,59,60,60],"items_purged":["Writhe","Strike_G"],"gold":15,"score":416,"play_id":"cc124705-8a0d-46f1-bb5a-683923013abe","local_time":"20180305000334","is_prod":false,"is_daily":false,"is_ascension_mode":false,"campfire_upgraded":8,"timestamp":1520204614,"path_taken":["M","?","?","$","?","R","M","R","T","M","R","$","E","M","R","BOSS","M","?","?","M","$","R","M","R","T","?","E","M","M","M","R","BOSS","M","?","M","$","M","R","M","$","T","R","?","R","?","?","R","BOSS"],"build_version":"2018-03-01-PROD1","purchased_purges":4,"victory":false,"master_deck":["Defend_G","Defend_G+1","Defend_G","Defend_G","Defend_G","Strike_G","Strike_G","Strike_G","Strike_G","Survivor","Neutralize+1","Blade Dance+1","Backflip","Noxious Fumes+1","Deflect","Phantasmal Killer+1","Dodge and Roll","Leg Sweep","Blur","Glass Knife+1","Escape Plan","Bane","Blur","Footwork+1","Terror+1","Adrenaline","Bouncing Flask","Adrenaline","Poisoned Stab","Catalyst+1","Dash","Dagger Spray+1","Die Die Die"],"max_hp_per_floor":[63,63,63,63,63,63,63,63,63,63,63,63,63,63,63,63,68,68,68,68,68,68,68,68,68,68,68,68,68,68,68,68,68,68,68,68,68,68,68,68,68,68,68,68,68,68,68,68,68],"relics":["Ring of the Snake","Sundial","Unceasing Top","Snake Skull","Art of War","Tiny House","Bird Faced Urn","Oddly Smooth Stone","Omamori","Lantern","Frozen Eye","Red Mask"],"card_choices":[{"not_picked":["All Out Attack","Bane"],"picked":"Blade Dance"},{"not_picked":["Distraction","Dodge and Roll"],"picked":"Backflip"},{"not_picked":["Eviscerate","Underhanded Strike"],"picked":"Phantasmal Killer"},{"not_picked":["Predator","Slice"],"picked":"Leg Sweep"},{"not_picked":["Cloak And Dagger","Acrobatics"],"picked":"Blur"},{"not_picked":["Grand Finale","Tactician"],"picked":"Glass Knife"},{"not_picked":["Skewer","Dodge and Roll"],"picked":"Escape Plan"},{"not_picked":["Dagger Throw","Flying Knee"],"picked":"Bane"},{"not_picked":["Poisoned Stab","Bane"],"picked":"Blur"},{"not_picked":["Infinite Blades","Sucker Punch"],"picked":"Terror"},{"not_picked":["Prepared","Deflect"],"picked":"Adrenaline"},{"not_picked":["Flying Knee","Heel Hook"],"picked":"Bouncing Flask"},{"not_picked":["Die Die Die","Unload"],"picked":"Adrenaline"},{"not_picked":["Reflex","Masterful Stab"],"picked":"Poisoned Stab"},{"not_picked":["Bane","Deflect"],"picked":"Catalyst"},{"not_picked":["Concentrate","Flechettes"],"picked":"Dash"},{"not_picked":["Slice","Deflect"],"picked":"Dagger Spray"},{"not_picked":["Finisher","Riddle With Holes"],"picked":"Die Die Die"}],"player_experience":853600,"potions_floor_usage":[50,50],"damage_taken":[{"damage":2.0,"enemies":"Cultist","floor":1.0,"turns":5.0},{"damage":1.0,"enemies":"Small Slimes","floor":2.0,"turns":4.0},{"damage":0.0,"enemies":"Jaw Worm","floor":7.0,"turns":4.0},{"damage":5.0,"enemies":"Blue Slaver","floor":10.0,"turns":3.0},{"damage":8.0,"enemies":"3 Sentries","floor":13.0,"turns":7.0},{"damage":0.0,"enemies":"Red Slaver","floor":14.0,"turns":4.0},{"damage":20.0,"enemies":"The Guardian","floor":16.0,"turns":10.0},{"damage":19.0,"enemies":"2 Thieves","floor":18.0,"turns":4.0},{"damage":7.0,"enemies":"Spheric Guardian","floor":21.0,"turns":5.0},{"damage":6.0,"enemies":"Snecko","floor":24.0,"turns":8.0},{"damage":7.0,"enemies":"3 Cultists","floor":27.0,"turns":6.0},{"damage":27.0,"enemies":"Slavers","floor":28.0,"turns":8.0},{"damage":28.0,"enemies":"Cultist and Chosen","floor":29.0,"turns":6.0},{"damage":4.0,"enemies":"Sentry and Sphere","floor":30.0,"turns":7.0},{"damage":0.0,"enemies":"Snake Plant","floor":31.0,"turns":5.0},{"damage":14.0,"enemies":"Champ","floor":33.0,"turns":14.0},{"damage":9.0,"enemies":"Orb Walker","floor":35.0,"turns":4.0},{"damage":9.0,"enemies":"3 Darklings","floor":36.0,"turns":7.0},{"damage":24.0,"enemies":"Sphere and 2 Shapes","floor":37.0,"turns":8.0},{"damage":5.0,"enemies":"4 Shapes","floor":39.0,"turns":8.0},{"damage":13.0,"enemies":"3 Darklings","floor":41.0,"turns":5.0},{"damage":3.0,"enemies":"Maw","floor":48.0,"turns":6.0},{"damage":62,"enemies":"Awakened One","floor":50,"turns":18}],"event_choices":[{"event_name":"Accursed Blacksmith","player_choice":"Rummage","floor":3.0,"damage_taken":0.0},{"event_name":"Liars Game","player_choice":"disagreed","floor":5.0,"damage_taken":0.0},{"event_name":"The Mausoleum","player_choice":"Yes","floor":19.0,"damage_taken":0.0},{"event_name":"Vampires","player_choice":"Ignored","floor":20.0,"damage_taken":0.0},{"event_name":"Winding Halls","player_choice":"Writhe","floor":45.0,"damage_taken":0.0},{"event_name":"Tomb of Lord Red Mask","player_choice":"Paid","floor":47.0,"damage_taken":0.0}],"boss_relics":[],"potions_floor_spawned":[1,16,21,28,29,31,37,39,41,48],"seed_played":"-3734005778437957039","killed_by":"Awakened One","ascension_level":0,"is_trial":false}