{"path_per_floor":["M","M","?","M","?","E","M","M","T","R","?","R","M","M","R","B",null,"M","M","M","?","M","R","T"],"character_chosen":"THE_SILENT","items_purchased":[],"gold_per_floor":[109,128,128,146,146,177,188,207,277,277,277,277,294,313,313,413,413,394,407,427,427,440,440,440],"floor_reached":25,"campfire_rested":2,"playtime":1179,"current_hp_per_floor":[68,68,54,46,46,18,31,43,43,43,36,57,50,49,70,37,72,50,45,50,50,37,37,37],"items_purged":[],"gold":440,"score":207,"play_id":"8cc54d90-809f-473e-8cc5-a65a7edc5f17","local_time":"20180306194434","is_prod":false,"is_daily":false,"is_ascension_mode":false,"campfire_upgraded":2,"timestamp":1520361874,"path_taken":["M","?","?","M","?","E","M","M","T","R","?","R","M","M","R","BOSS","M","M","?","?","?","R","?","?"],"build_version":"2018-03-01-PROD1","purchased_purges":0,"victory":false,"master_deck":["Defend_G","Defend_G","Defend_G","Defend_G","Defend_G+1","Strike_G+1","Strike_G","Strike_G","Survivor+1","Neutralize","Escape Plan","Bouncing Flask","Noxious Fumes+1","Normality","Prepared","Catalyst","Bane","Dagger Spray","Tools of the Trade","Sucker Punch+1","Poisoned Stab","Crippling Poison","Bane+1"],"max_hp_per_floor":[70,70,70,70,70,70,70,70,70,70,70,70,70,72,72,72,72,72,72,74,74,74,74,74],"relics":["Ring of the Snake","Singing Bowl","Meat on the Bone","Paper Crane","Black Star","Frozen Eye"],"card_choices":[{"not_picked":["Acrobatics","Flying Knee"],"picked":"Escape Plan"},{"not_picked":["Quick Slash","Dash"],"picked":"Bouncing Flask"},{"not_picked":["PiercingWail","Bane"],"picked":"Noxious Fumes"},{"not_picked":["Dagger Throw","Riddle With Holes"],"picked":"Prepared"},{"not_picked":["Poisoned Stab","Backflip"],"picked":"Catalyst"},{"not_picked":["Heel Hook","Cloak And Dagger"],"picked":"Bane"},{"not_picked":["Terror","Acrobatics"],"picked":"Dagger Spray"},{"not_picked":["Unload","Storm of Steel"],"picked":"Tools of the Trade"},{"not_picked":["PiercingWail","Blade Dance"],"picked":"Sucker Punch"},{"not_picked":["Heel Hook","Outmaneuver"],"picked":"Poisoned Stab"},{"not_picked":["Caltrops","Slice"],"picked":"Bane"}],"player_experience":859795,"potions_floor_usage":[4,7,14,18,19,20],"damage_taken":[{"damage":2,"enemies":"Cultist","floor":1,"turns":4},{"damage":0,"enemies":"Small Slimes","floor":2,"turns":4},{"damage":8,"enemies":"Jaw Worm","floor":4,"turns":6},{"damage":28,"enemies":"Gremlin Nob","floor":6,"turns":4},{"damage":11,"enemies":"3 Louse","floor":7,"turns":4},{"damage":0,"enemies":"Looter","floor":8,"turns":3},{"damage":7,"enemies":"Lots of Slimes","floor":13,"turns":4},{"damage":3,"enemies":"Red Slaver","floor":14,"turns":3},{"damage":45,"enemies":"Slime Boss","floor":16,"turns":9},{"damage":22,"enemies":"2 Thieves","floor":18,"turns":4},{"damage":5,"enemies":"3 Byrds","floor":19,"turns":6},{"damage":9,"enemies":"Snecko","floor":20,"turns":5},{"damage":25,"enemies":"Snake Plant","floor":22,"turns":6},{"damage":0,"enemies":"Slaver and Parasite","floor":25,"turns":2}],"event_choices":[{"event_name":"Shining Light","player_choice":"Entered Light","floor":3,"damage_taken":0},{"event_name":"Accursed Blacksmith","player_choice":"Rummage","floor":5,"damage_taken":0},{"event_name":"Golden Wing","player_choice":"Card Removal","floor":11,"damage_taken":0},{"event_name":"Transmorgrifier","player_choice":"Transform","floor":21,"damage_taken":0}],"boss_relics":[{"not_picked":["Runic Pyramid","Pandora\u0027s Box"],"picked":"Black Star"}],"potions_floor_spawned":[2,6,13,16,18,19],"seed_played":"-915233482455253631","killed_by":"Slaver and Parasite","ascension_level":0,"is_trial":false}