{"path_per_floor":["M","$","M","M","M","R","M","?","T","E","R","M","M","M","R","B",null,"M","$","M","$","M","R","E","R","T","R","M","M","T","M","R","B",null,"M","$","M","?","?","R","?","R","T","T","M","M","M","M","R","B"],"character_chosen":"THE_SILENT","items_purchased":["Vajra","Riddle With Holes","Backstab","Deflect","Pen Nib","Dagger Spray","Oddly Smooth Stone","Leg Sweep"],"gold_per_floor":[412,85,102,120,133,133,145,145,145,173,173,185,196,207,207,302,302,315,190,202,6,24,24,50,50,80,80,97,108,108,127,127,228,228,238,17,31,31,0,0,0,0,27,102,120,130,142,156,156,156],"floor_reached":51,"campfire_rested":3,"playtime":3637,"current_hp_per_floor":[62,62,62,62,62,62,62,62,62,59,59,59,59,59,59,48,63,63,63,60,60,60,60,58,58,58,58,53,48,48,48,63,38,63,63,63,51,43,43,43,43,61,61,61,54,48,24,24,42,30],"items_purged":["Strike_G","Strike_G"],"gold":156,"score":475,"play_id":"65cd3b55-8ed9-445b-aaba-ac4d7ed703e9","local_time":"20180303202210","is_prod":false,"is_daily":false,"is_ascension_mode":false,"campfire_upgraded":7,"timestamp":1520104930,"path_taken":["M","$","?","?","?","R","M","?","T","E","R","M","M","M","R","BOSS","M","$","M","?","?","R","E","R","T","R","?","M","?","M","R","BOSS","M","$","M","?","?","R","?","R","T","?","M","M","M","M","R","BOSS"],"build_version":"2018-03-01-PROD1","purchased_purges":2,"victory":true,"master_deck":["Defend_G","Defend_G","Defend_G","Strike_G","Strike_G","Survivor","Neutralize","Quick Slash","Riddle With Holes+1","Backstab","Outmaneuver+1","Cloak And Dagger","PiercingWail","Backflip","Skewer+1","Well Laid Plans","Dash+1","Footwork+1","Adrenaline","Footwork+1","Predator+1","Malaise+1","Flying Knee","Deflect","Dagger Spray+1","Dodge and Roll","Terror+1","Leg Sweep","Backstab+1","Madness","Caltrops+1","Dodge and Roll"],"max_hp_per_floor":[63,63,63,63,63,63,63,63,63,63,63,63,63,63,63,63,63,63,63,63,63,63,63,63,63,63,63,63,63,63,63,63,63,63,63,63,63,63,63,63,63,63,63,63,63,63,63,63,63,63],"relics":["Ring of the Snake","Old Coin","Vajra","Du-Vu Doll","Gambling Chip","Astrolabe","Pen Nib","Ancient Tea Set","Tiny Chest","Ice Cream","Philosopher\u0027s Stone","Oddly Smooth Stone","Red Mask","Dream Catcher","Blue Candle"],"card_choices":[{"not_picked":["Acrobatics","Deadly Poison"],"picked":"Quick Slash"},{"not_picked":["Dagger Throw","Dodge and Roll"],"picked":"Outmaneuver"},{"not_picked":["Backflip","Slice"],"picked":"Cloak And Dagger"},{"not_picked":["All Out Attack","Deadly Poison"],"picked":"PiercingWail"},{"not_picked":["Blade Dance","Poisoned Stab"],"picked":"Backflip"},{"not_picked":["Backflip","Flying Knee"],"picked":"Skewer"},{"not_picked":["Poisoned Stab","Flying Knee"],"picked":"Well Laid Plans"},{"not_picked":["Prepared","Predator"],"picked":"Dash"},{"not_picked":["Bane","Quick Slash"],"picked":"Footwork"},{"not_picked":["Bullet Time","Die Die Die"],"picked":"Adrenaline"},{"not_picked":["Poisoned Stab","Eviscerate"],"picked":"Flying Knee"},{"not_picked":["Calculated Gamble","Backstab"],"picked":"Dodge and Roll"},{"not_picked":["Crippling Poison","Well Laid Plans"],"picked":"Terror"},{"not_picked":["Well Laid Plans","Flying Knee"],"picked":"Backstab"},{"not_picked":["Deadly Poison","Underhanded Strike"],"picked":"Caltrops"},{"not_picked":["Cloak And Dagger","Underhanded Strike"],"picked":"Dodge and Roll"}],"player_experience":840950,"potions_floor_usage":[46,50],"damage_taken":[{"damage":1.0,"enemies":"Cultist","floor":1.0,"turns":4.0},{"damage":0.0,"enemies":"2 Louse","floor":3.0,"turns":1.0},{"damage":0.0,"enemies":"Jaw Worm","floor":4.0,"turns":2.0},{"damage":0.0,"enemies":"Red Slaver","floor":5.0,"turns":2.0},{"damage":0.0,"enemies":"Gremlin Gang","floor":7.0,"turns":4.0},{"damage":3.0,"enemies":"3 Sentries","floor":10.0,"turns":7.0},{"damage":0.0,"enemies":"Lots of Slimes","floor":12.0,"turns":3.0},{"damage":0.0,"enemies":"Exordium Wildlife","floor":13.0,"turns":2.0},{"damage":0.0,"enemies":"3 Louse","floor":14.0,"turns":3.0},{"damage":11.0,"enemies":"Hexaghost","floor":16.0,"turns":12.0},{"damage":0.0,"enemies":"3 Byrds","floor":18.0,"turns":6.0},{"damage":3.0,"enemies":"Shell Parasite","floor":20.0,"turns":5.0},{"damage":0.0,"enemies":"Centurion and Healer","floor":22.0,"turns":5.0},{"damage":2.0,"enemies":"Book of Stabbing","floor":24.0,"turns":6.0},{"damage":5.0,"enemies":"Snake Plant","floor":28.0,"turns":3.0},{"damage":5.0,"enemies":"Cultist and Chosen","floor":29.0,"turns":3.0},{"damage":0.0,"enemies":"Snecko","floor":31.0,"turns":3.0},{"damage":25.0,"enemies":"Collector","floor":33.0,"turns":8.0},{"damage":0.0,"enemies":"Orb Walker","floor":35.0,"turns":2.0},{"damage":12.0,"enemies":"3 Shapes","floor":37.0,"turns":5.0},{"damage":7,"enemies":"Sphere and 2 Shapes","floor":45,"turns":5},{"damage":6,"enemies":"4 Shapes","floor":46,"turns":5},{"damage":24,"enemies":"3 Darklings","floor":47,"turns":3},{"damage":0,"enemies":"Maw","floor":48,"turns":6},{"damage":12,"enemies":"Donu and Deca","floor":50,"turns":12}],"event_choices":[{"event_name":"Liars Game","player_choice":"disagreed","floor":8.0,"damage_taken":0.0},{"event_name":"Winding Halls","player_choice":"Embrace Madness","floor":38.0,"damage_taken":0.0},{"event_name":"Tomb of Lord Red Mask","player_choice":"Paid","floor":39.0,"damage_taken":0.0}],"boss_relics":[],"potions_floor_spawned":[5,10,12,18,28,29,45,46],"seed_played":"-5336829366944848963","ascension_level":0,"is_trial":false}