{"path_per_floor":["M","?","?","M","M","R","M","R","T","M","R","$","E","M","R","B",null,"M","$","M","M","?","E","R","M","T","T","$","R","M","?","R","B",null,"M","M","M","?","M","R","M","R","T","$","M","M","R","M","R","B"],"character_chosen":"THE_SILENT","items_purchased":["Flash of Steel","Blur","Cloak And Dagger","Bane","Infinite Blades"],"gold_per_floor":[113,113,113,132,146,146,156,156,156,173,173,9,39,55,55,154,154,166,16,35,52,52,82,82,99,126,126,26,26,36,36,36,133,133,147,157,168,168,178,178,198,198,198,121,131,150,150,165,165,165],"floor_reached":51,"campfire_rested":3,"playtime":3936,"current_hp_per_floor":[68,68,43,43,42,63,63,63,63,58,58,58,68,68,68,50,80,80,80,76,73,73,63,63,60,60,74,74,74,68,68,68,57,94,70,70,67,67,63,63,63,63,63,63,63,52,80,73,94,48],"items_purged":["Strike_G","Defend_G"],"gold":165,"score":523,"play_id":"dd2d100b-8f56-4340-bec6-6a53b48d840f","local_time":"20180303003254","is_prod":false,"is_daily":false,"is_ascension_mode":false,"campfire_upgraded":5,"timestamp":1520033574,"path_taken":["M","?","?","M","M","R","M","R","T","M","R","$","E","M","R","BOSS","M","$","?","M","?","E","R","M","T","?","$","R","M","?","R","BOSS","M","M","M","?","M","R","M","R","T","$","M","?","R","M","R","BOSS"],"build_version":"2018-03-01-PROD1","purchased_purges":2,"victory":true,"master_deck":["Defend_G","Defend_G","Defend_G","Defend_G","Strike_G","Strike_G","Strike_G","Survivor","Neutralize+1","Blur","Backstab","Deflect","Quick Slash+1","Cloak And Dagger+1","Flash of Steel","Blur","Dagger Spray+1","Envenom+1","Slice","Cloak And Dagger+1","Bane","Backstab","Choke","Dash","PiercingWail+1","Escape Plan","Blur+1","Infinite Blades","Bouncing Flask+1","Escape Plan"],"max_hp_per_floor":[70,70,70,70,70,70,70,70,70,70,70,70,80,80,80,80,80,80,80,80,80,80,80,80,80,80,94,94,94,94,94,94,94,94,94,94,94,94,94,94,94,94,94,94,94,94,94,94,94,94],"relics":["Sozu","Kunai","Frozen Eye","Pear","Lizard Tail","Girya","Bag of Preparation","Mango","The Specimen","Ginger"],"card_choices":[{"not_picked":["Terror","Backstab"],"picked":"Blur"},{"not_picked":["Outmaneuver","Prepared"],"picked":"Backstab"},{"not_picked":["Flying Knee","Dodge and Roll"],"picked":"Deflect"},{"not_picked":["Bouncing Flask","Flechettes"],"picked":"Quick Slash"},{"not_picked":["Flying Knee","Acrobatics"],"picked":"Cloak And Dagger"},{"not_picked":["Sucker Punch","Dagger Throw"],"picked":"Dagger Spray"},{"not_picked":["Wraith Form","Venomology"],"picked":"Envenom"},{"not_picked":["Dagger Throw","Poisoned Stab"],"picked":"Slice"},{"not_picked":["Flying Knee","Masterful Stab"],"picked":"Backstab"},{"not_picked":["Deflect","Dodge and Roll"],"picked":"Dash"},{"not_picked":["Terror","Deadly Poison"],"picked":"PiercingWail"},{"not_picked":["Poisoned Stab","Well Laid Plans"],"picked":"Escape Plan"},{"not_picked":["Underhanded Strike","Flying Knee"],"picked":"Blur"},{"not_picked":["Backstab","Slice"],"picked":"Bouncing Flask"},{"not_picked":["Quick Slash","Underhanded Strike"],"picked":"Escape Plan"}],"player_experience":830612,"potions_floor_usage":[],"damage_taken":[{"damage":2,"enemies":"2 Louse","floor":1,"turns":3},{"damage":0,"enemies":"Cultist","floor":4,"turns":5},{"damage":1,"enemies":"Jaw Worm","floor":5,"turns":4},{"damage":0,"enemies":"Lots of Slimes","floor":7,"turns":6},{"damage":5,"enemies":"Gremlin Gang","floor":10,"turns":6},{"damage":0,"enemies":"Lagavulin","floor":13,"turns":8},{"damage":0,"enemies":"Blue Slaver","floor":14,"turns":3},{"damage":18,"enemies":"Hexaghost","floor":16,"turns":16},{"damage":0,"enemies":"Chosen","floor":18,"turns":5},{"damage":4,"enemies":"Spheric Guardian","floor":20,"turns":5},{"damage":3,"enemies":"Chosen and Byrds","floor":21,"turns":7},{"damage":10,"enemies":"Slavers","floor":23,"turns":6},{"damage":3,"enemies":"Centurion and Healer","floor":25,"turns":6},{"damage":6,"enemies":"Sentry and Sphere","floor":30,"turns":6},{"damage":11,"enemies":"Champ","floor":33,"turns":10},{"damage":24,"enemies":"3 Darklings","floor":35,"turns":5},{"damage":0,"enemies":"Orb Walker","floor":36,"turns":3},{"damage":3,"enemies":"Maw","floor":37,"turns":9},{"damage":4,"enemies":"3 Darklings","floor":39,"turns":4},{"damage":0,"enemies":"4 Shapes","floor":41,"turns":7},{"damage":0,"enemies":"Sphere and 2 Shapes","floor":45,"turns":3},{"damage":11,"enemies":"Maw","floor":46,"turns":6},{"damage":7,"enemies":"4 Shapes","floor":48,"turns":5},{"damage":46,"enemies":"Donu and Deca","floor":50,"turns":11}],"event_choices":[{"event_name":"Upgrade Shrine","player_choice":"Upgraded","floor":2,"damage_taken":0},{"event_name":"Scrap Ooze","player_choice":"success","floor":3,"damage_taken":25},{"event_name":"The Library","player_choice":"Read","floor":22,"damage_taken":0},{"event_name":"Vampires","player_choice":"Ignored","floor":31,"damage_taken":0}],"boss_relics":[{"not_picked":["White Beast Statue","Calling Bell"],"picked":"Lizard Tail"},{"not_picked":["Runic Dome","Tiny House"],"picked":"The Specimen"}],"potions_floor_spawned":[1,5,13,14,20,30,33,36,41,46],"seed_played":"-3039148185123629959","ascension_level":0,"is_trial":false}