{"path_per_floor":["M","?","?","?","$","R","M","E","T","?","M","T","R","M","R","B",null,"M","?","?","?","M","R","M","$","T","$","M","R","M","M","R","B",null,"M","M","?","M","M","R","M","M","T","M","M","$","R","M","R","B"],"character_chosen":"THE_SILENT","items_purchased":["Shuriken","Infinite Blades","Acrobatics"],"gold_per_floor":[217,167,167,242,4,4,23,53,53,53,73,97,97,112,112,210,210,210,210,210,210,210,210,210,4,4,4,4,4,4,4,4,4,4,4,4,4,4,4,4,4,4,4,4,4,4,4,4,4,4],"floor_reached":51,"campfire_rested":2,"playtime":2294,"current_hp_per_floor":[68,68,68,57,57,57,57,31,31,54,54,54,54,54,54,38,70,56,56,56,56,56,56,54,54,54,54,54,54,54,54,70,40,70,69,67,67,56,65,65,64,51,51,50,50,50,70,69,69,9],"items_purged":["Defend_G"],"gold":4,"score":653,"play_id":"a96cfd7c-882c-4ced-a9e0-cc252c7d57a7","local_time":"20180318162329","is_prod":false,"is_daily":false,"is_ascension_mode":false,"campfire_upgraded":7,"timestamp":1521386609,"path_taken":["M","?","?","?","$","R","M","E","T","?","?","?","R","?","R","BOSS","M","?","?","?","M","R","M","$","T","$","M","R","M","M","R","BOSS","M","M","?","M","?","R","M","?","T","M","M","$","R","M","R","BOSS"],"build_version":"2018-03-15v3","purchased_purges":1,"victory":true,"master_deck":["Defend_G+1","Defend_G+1","Defend_G+1","Strike_G+1","Strike_G+1","Survivor","Neutralize+1","Dagger Spray+1","Dagger Spray+1","Noxious Fumes+1","Bane","Slice","Venomology+1","Outmaneuver+1","Footwork+1","Infinite Blades","Acrobatics","Blade Dance+1","Distraction+1","Leg Sweep+1","Dodge and Roll+1","Catalyst+1","Poisoned Stab+1","Caltrops+1","Blur+1","Cloak And Dagger+1"],"max_hp_per_floor":[70,70,70,70,70,70,70,70,70,70,70,70,70,70,70,70,70,70,70,70,70,70,70,70,70,70,70,70,70,70,70,70,70,70,70,70,70,70,70,70,70,70,70,70,70,70,70,70,70,70],"relics":["Ring of the Snake","Shuriken","Letter Opener","Ice Cream","Pen Nib","Ectoplasm","Torii","Astrolabe","Old Coin"],"card_choices":[{"not_picked":["Tools of the Trade","Bane"],"picked":"Dagger Spray"},{"not_picked":["Distraction","Prepared"],"picked":"Dagger Spray"},{"not_picked":["Outmaneuver","Dagger Spray"],"picked":"Noxious Fumes"},{"not_picked":["Dagger Spray","Finisher"],"picked":"Bane"},{"not_picked":["Outmaneuver","Riddle With Holes"],"picked":"Slice"},{"not_picked":["Burst","Night Terror"],"picked":"Venomology"},{"not_picked":["Bane","Acrobatics"],"picked":"Outmaneuver"},{"not_picked":["Dagger Spray","Bullet Time"],"picked":"Footwork"},{"not_picked":["PiercingWail","Quick Slash"],"picked":"Blade Dance"},{"not_picked":["Calculated Gamble","Dodge and Roll"],"picked":"Distraction"},{"not_picked":["Leg Sweep","Predator"],"picked":"Poisoned Stab"},{"not_picked":["Acrobatics","Quick Slash"],"picked":"Caltrops"},{"not_picked":["Slice","Prepared"],"picked":"Blur"},{"not_picked":["Outmaneuver","PiercingWail"],"picked":"Cloak And Dagger"}],"player_experience":894553,"potions_floor_usage":[50,50,50,50],"damage_taken":[{"damage":2.0,"enemies":"Small Slimes","floor":1.0,"turns":5.0},{"damage":0.0,"enemies":"Cultist","floor":7.0,"turns":3.0},{"damage":26.0,"enemies":"Lagavulin","floor":8.0,"turns":5.0},{"damage":0.0,"enemies":"2 Louse","floor":11.0,"turns":2.0},{"damage":0.0,"enemies":"Exordium Thugs","floor":14.0,"turns":3.0},{"damage":16.0,"enemies":"Hexaghost","floor":16.0,"turns":9.0},{"damage":14.0,"enemies":"Spheric Guardian","floor":18.0,"turns":4.0},{"damage":0.0,"enemies":"3 Byrds","floor":22.0,"turns":3.0},{"damage":2.0,"enemies":"Cultist and Chosen","floor":24.0,"turns":5.0},{"damage":0.0,"enemies":"Chosen and Byrds","floor":28.0,"turns":5.0},{"damage":0.0,"enemies":"Snecko","floor":30.0,"turns":4.0},{"damage":0.0,"enemies":"Sentry and Sphere","floor":31.0,"turns":3.0},{"damage":30.0,"enemies":"Automaton","floor":33.0,"turns":8.0},{"damage":1.0,"enemies":"Orb Walker","floor":35.0,"turns":4.0},{"damage":2.0,"enemies":"3 Shapes","floor":36.0,"turns":3.0},{"damage":11.0,"enemies":"Sphere and 2 Shapes","floor":38.0,"turns":4.0},{"damage":0.0,"enemies":"4 Shapes","floor":39.0,"turns":7.0},{"damage":1.0,"enemies":"3 Darklings","floor":41.0,"turns":3.0},{"damage":13.0,"enemies":"Maw","floor":42.0,"turns":7.0},{"damage":1.0,"enemies":"Sphere and 2 Shapes","floor":44.0,"turns":5.0},{"damage":0.0,"enemies":"4 Shapes","floor":45.0,"turns":5.0},{"damage":1.0,"enemies":"3 Darklings","floor":48.0,"turns":4.0},{"damage":60,"enemies":"Donu and Deca","floor":50,"turns":9}],"event_choices":[{"event_name":"The Cleric","player_choice":"Card Removal","floor":2.0,"damage_taken":0.0},{"event_name":"Liars Game","player_choice":"disagreed","floor":3.0,"damage_taken":0.0},{"event_name":"World of Goop","player_choice":"Gather Gold","floor":4.0,"damage_taken":0.0},{"event_name":"Big Fish","player_choice":"Banana","floor":10.0,"damage_taken":0.0},{"event_name":"The Mausoleum","player_choice":"No","floor":19.0,"damage_taken":0.0},{"event_name":"Back to Basics","player_choice":"Simplicity","floor":20.0,"damage_taken":0.0},{"event_name":"Drug Dealer","player_choice":"Ignored","floor":21.0,"damage_taken":0.0},{"event_name":"Accursed Blacksmith","player_choice":"Forge","floor":37.0,"damage_taken":0.0}],"boss_relics":[],"potions_floor_spawned":[8,24,30,31,33,36,38,39,44,45],"seed_played":"-5785981571596747048","ascension_level":0,"is_trial":false}