{"path_per_floor":["M","M","$","?","M","E","T","R","T","M","M","M","M","$","R","B",null,"M","?","M","M","$","R","M","M","T","M","R","M","M","$","R","B",null,"M","?","$","?","M","R","M","R","T","M","R","M","?","?","R","B"],"character_chosen":"THE_SILENT","items_purchased":["Bag of Marbles","Good Instincts","Footwork","Backflip","Escape Plan","Caltrops"],"gold_per_floor":[219,229,3,3,15,42,65,65,65,79,99,119,131,31,31,127,127,142,142,159,179,75,75,86,106,130,145,145,161,179,3,3,104,104,124,124,90,90,108,108,121,121,166,180,180,199,199,299,299,299],"floor_reached":51,"campfire_rested":3,"playtime":2687,"current_hp_per_floor":[68,68,68,68,68,44,44,65,65,65,65,64,64,64,64,61,70,61,61,59,59,59,59,55,31,31,10,31,31,31,31,52,49,70,69,69,69,60,58,68,57,67,67,67,70,70,70,70,70,56],"items_purged":["Strike_G","Strike_G"],"gold":299,"score":655,"play_id":"03cdcd96-4bd3-4042-9c74-287be3ad27d3","local_time":"20180320191416","is_prod":false,"is_daily":false,"is_ascension_mode":false,"campfire_upgraded":6,"timestamp":1521569656,"path_taken":["M","?","$","?","M","E","?","R","T","M","M","M","M","$","R","BOSS","M","?","?","M","$","R","M","M","T","M","R","M","?","?","R","BOSS","M","?","$","?","M","R","M","R","T","M","R","M","?","?","R","BOSS"],"build_version":"2018-03-15v3","purchased_purges":3,"victory":true,"master_deck":["Defend_G","Defend_G","Defend_G","Strike_G","Strike_G+1","Strike_G+1","Survivor","Neutralize","All Out Attack","Leg Sweep+1","Noxious Fumes+1","Quick Slash","Expertise","Slice","Adrenaline","Dagger Spray+1","Good Instincts","Cloak And Dagger+1","Dash+1","Footwork+1","Backflip","Escape Plan","Blur+1","Caltrops+1","Madness","Madness","Slice+1","Catalyst+1"],"max_hp_per_floor":[70,70,70,70,70,70,70,70,70,70,70,70,70,70,70,70,70,70,70,70,70,70,70,70,70,70,70,70,70,70,70,70,70,70,70,70,70,70,70,70,70,70,70,70,70,70,70,70,70,70],"relics":["Ring of the Snake","Bag of Marbles","Ancient Tea Set","Bottled Lightning","Whetstone","Ice Cream","Sozu","Lantern","Eternal Feather","Snake Skull"],"card_choices":[{"not_picked":["Quick Slash","Deflect"],"picked":"All Out Attack"},{"not_picked":["Blade Dance","Dodge and Roll"],"picked":"Leg Sweep"},{"not_picked":["Outmaneuver","Concentrate"],"picked":"Noxious Fumes"},{"not_picked":["Deadly Poison","Night Terror"],"picked":"Quick Slash"},{"not_picked":["Skewer","Deadly Poison"],"picked":"Expertise"},{"not_picked":["Backflip","Dodge and Roll"],"picked":"Slice"},{"not_picked":["Doppelganger","Bullet Time"],"picked":"Adrenaline"},{"not_picked":["Bane","Deflect"],"picked":"Dagger Spray"},{"not_picked":["Prepared","Acrobatics"],"picked":"Cloak And Dagger"},{"not_picked":["Glass Knife","Quick Slash"],"picked":"Dash"},{"not_picked":["Underhanded Strike","Leg Sweep"],"picked":"Blur"},{"not_picked":["Deflect","Dodge and Roll"],"picked":"Slice"},{"not_picked":["Bouncing Flask","Dagger Throw"],"picked":"Catalyst"}],"player_experience":899787,"potions_floor_usage":[],"damage_taken":[{"damage":2.0,"enemies":"Cultist","floor":1.0,"turns":4.0},{"damage":0.0,"enemies":"2 Louse","floor":2.0,"turns":2.0},{"damage":0.0,"enemies":"Jaw Worm","floor":5.0,"turns":3.0},{"damage":24.0,"enemies":"Lagavulin","floor":6.0,"turns":8.0},{"damage":0.0,"enemies":"Looter","floor":10.0,"turns":2.0},{"damage":0.0,"enemies":"3 Louse","floor":11.0,"turns":3.0},{"damage":1.0,"enemies":"Blue Slaver","floor":12.0,"turns":4.0},{"damage":0.0,"enemies":"Lots of Slimes","floor":13.0,"turns":4.0},{"damage":18.0,"enemies":"Slime Boss","floor":16.0,"turns":10.0},{"damage":9.0,"enemies":"2 Thieves","floor":18.0,"turns":4.0},{"damage":2.0,"enemies":"Shell Parasite","floor":20.0,"turns":5.0},{"damage":0.0,"enemies":"Snecko","floor":21.0,"turns":4.0},{"damage":4.0,"enemies":"Slaver and Parasite","floor":24.0,"turns":5.0},{"damage":24.0,"enemies":"Cultist and Chosen","floor":25.0,"turns":6.0},{"damage":21.0,"enemies":"Chosen and Byrds","floor":27.0,"turns":5.0},{"damage":0.0,"enemies":"Slaver and Parasite","floor":29.0,"turns":6.0},{"damage":0.0,"enemies":"Centurion and Healer","floor":30.0,"turns":5.0},{"damage":3.0,"enemies":"Automaton","floor":33.0,"turns":12.0},{"damage":1.0,"enemies":"3 Darklings","floor":35.0,"turns":5.0},{"damage":2,"enemies":"Orb Walker","floor":39,"turns":4},{"damage":11,"enemies":"4 Shapes","floor":41,"turns":4},{"damage":0,"enemies":"Sphere and 2 Shapes","floor":44,"turns":4},{"damage":0,"enemies":"3 Darklings","floor":46,"turns":4},{"damage":14,"enemies":"Donu and Deca","floor":50,"turns":9}],"event_choices":[{"event_name":"Wheel of Change","player_choice":"Relic","floor":4.0,"damage_taken":0.0},{"event_name":"Back to Basics","player_choice":"Elegance","floor":19.0,"damage_taken":0.0},{"event_name":"Winding Halls","player_choice":"Embrace Madness","floor":38,"damage_taken":0},{"event_name":"Accursed Blacksmith","player_choice":"Ignore","floor":47,"damage_taken":0},{"event_name":"Golden Shrine","player_choice":"Pray","floor":48,"damage_taken":0}],"boss_relics":[],"potions_floor_spawned":[2,6,10,13,18,24,25,27,35,41,44,46],"seed_played":"-7442635143005290165","ascension_level":0,"is_trial":false}