{"path_per_floor":["M","M","M","?","?","R","M","E","T","?","M","R","M","M","R","B",null,"M","M","?","$","M","M","M","R","T","?","$","M","R","M","R","B",null,"M","M","?","$","M","R","M","R","T","?","R","M","R","M","R","B"],"character_chosen":"THE_SILENT","items_purchased":["Dash","Caltrops","Anchor","Cloak And Dagger","Block Potion"],"gold_per_floor":[112,130,145,145,95,95,109,143,143,143,155,155,170,184,184,283,283,299,316,316,52,67,78,97,97,97,97,21,41,41,60,60,159,159,169,184,184,109,128,128,139,139,139,139,139,151,151,161,161,161],"floor_reached":51,"campfire_rested":3,"playtime":3454,"current_hp_per_floor":[77,77,76,69,69,69,67,58,58,58,46,69,68,68,68,63,77,72,71,71,71,71,60,45,45,45,31,31,40,64,61,82,53,82,73,73,73,73,63,71,61,69,69,69,79,64,74,61,71,13],"items_purged":["Outmaneuver"],"gold":161,"score":680,"play_id":"3aa44494-1247-498a-874e-f5567be4559c","local_time":"20180316160617","is_prod":false,"is_daily":false,"is_ascension_mode":false,"campfire_upgraded":8,"timestamp":1521212777,"path_taken":["M","M","M","?","?","R","M","E","T","?","M","R","M","M","R","BOSS","M","M","?","$","M","M","M","R","T","?","?","M","R","?","R","BOSS","M","M","?","$","M","R","M","R","T","?","R","M","R","M","R","BOSS"],"build_version":"2018-03-15","purchased_purges":1,"victory":true,"master_deck":["Survivor","Neutralize","Malaise+1","Poisoned Stab","Outmaneuver","Bane+1","PiercingWail","Poisoned Stab","Deflect","Deflect","Quick Slash","Dagger Spray+1","Noxious Fumes+1","Slice","Dash+1","Caltrops+1","Bane","Backstab","Malaise+1","Cloak And Dagger","Deflect+1","Backflip+1","Blur","Well Laid Plans+1","Noxious Fumes+1"],"max_hp_per_floor":[77,77,77,77,77,77,77,77,77,77,77,77,77,77,77,77,77,77,77,77,77,77,77,77,77,77,82,82,82,82,82,82,82,82,82,82,82,82,82,82,82,82,82,82,82,82,82,82,82,82],"relics":["Ring of the Snake","Peace Pipe","Sundial","Pandora\u0027s Box","Anchor","Bottled Flame","Eternal Feather","Unceasing Top"],"card_choices":[{"not_picked":["Outmaneuver","Acrobatics"],"picked":"Malaise"},{"not_picked":["Infinite Blades","Acrobatics"],"picked":"Poisoned Stab"},{"not_picked":["Flechettes","Grand Finale"],"picked":"Outmaneuver"},{"not_picked":["Well Laid Plans","Deflect"],"picked":"Bane"},{"not_picked":["Outmaneuver","Flying Knee"],"picked":"PiercingWail"},{"not_picked":["Acrobatics","Cloak And Dagger"],"picked":"Poisoned Stab"},{"not_picked":["Deflect","Flechettes"],"picked":"Bane"},{"not_picked":["Masterful Stab","Endless Agony"],"picked":"Backstab"},{"not_picked":["Prepared","Underhanded Strike"],"picked":"Malaise"},{"not_picked":["Dagger Spray","Bane"],"picked":"Deflect"},{"not_picked":["Poisoned Stab","Deflect"],"picked":"Backflip"},{"not_picked":["Riddle With Holes","Poisoned Stab"],"picked":"Blur"},{"not_picked":["Acrobatics","Cloak And Dagger"],"picked":"Well Laid Plans"}],"player_experience":871257,"potions_floor_usage":[50,50],"damage_taken":[{"damage":0.0,"enemies":"Jaw Worm","floor":1.0,"turns":5.0},{"damage":0.0,"enemies":"Small Slimes","floor":2.0,"turns":4.0},{"damage":1.0,"enemies":"Cultist","floor":3.0,"turns":5.0},{"damage":2.0,"enemies":"2 Fungi Beasts","floor":7.0,"turns":4.0},{"damage":9.0,"enemies":"3 Sentries","floor":8.0,"turns":8.0},{"damage":12.0,"enemies":"Large Slime","floor":11.0,"turns":10.0},{"damage":1.0,"enemies":"Looter","floor":13.0,"turns":4.0},{"damage":0.0,"enemies":"3 Louse","floor":14.0,"turns":6.0},{"damage":5.0,"enemies":"Hexaghost","floor":16.0,"turns":11.0},{"damage":5.0,"enemies":"Shell Parasite","floor":18.0,"turns":5.0},{"damage":1.0,"enemies":"2 Thieves","floor":19.0,"turns":3.0},{"damage":0.0,"enemies":"Snake Plant","floor":22.0,"turns":4.0},{"damage":11.0,"enemies":"3 Cultists","floor":23.0,"turns":5.0},{"damage":15.0,"enemies":"Chosen and Byrds","floor":24.0,"turns":7.0},{"damage":6.0,"enemies":"Cultist and Chosen","floor":29.0,"turns":9.0},{"damage":3.0,"enemies":"Centurion and Healer","floor":31.0,"turns":6.0},{"damage":29.0,"enemies":"Automaton","floor":33.0,"turns":12.0},{"damage":9.0,"enemies":"Orb Walker","floor":35.0,"turns":3.0},{"damage":0.0,"enemies":"3 Shapes","floor":36.0,"turns":9.0},{"damage":10.0,"enemies":"Maw","floor":39.0,"turns":9.0},{"damage":10.0,"enemies":"4 Shapes","floor":41.0,"turns":9.0},{"damage":15.0,"enemies":"Sphere and 2 Shapes","floor":46.0,"turns":7.0},{"damage":22.0,"enemies":"3 Darklings","floor":48.0,"turns":6.0},{"damage":73,"enemies":"Donu and Deca","floor":50,"turns":10}],"event_choices":[{"event_name":"Golden Wing","player_choice":"Card Removal","floor":4.0,"damage_taken":0.0},{"event_name":"The Cleric","player_choice":"Card Removal","floor":5.0,"damage_taken":0.0},{"event_name":"Bonfire Elementals","player_choice":"BASIC","floor":10.0,"damage_taken":0.0},{"event_name":"Cursed Tome","player_choice":"Ignored","floor":20.0,"damage_taken":0.0},{"event_name":"Forgotten Altar","player_choice":"Shed Blood","floor":27.0,"damage_taken":0.0},{"event_name":"Tomb of Lord Red Mask","player_choice":"Ignored","floor":37.0,"damage_taken":0.0},{"event_name":"Duplicator","player_choice":"One dupe","floor":44.0,"damage_taken":0.0}],"boss_relics":[],"potions_floor_spawned":[7,11,13,16,24,29,33,35,41,46],"seed_played":"7563499664844955578","ascension_level":0,"is_trial":false}