{"path_per_floor":["M","?","?","M","M","E","M","R","T","R","M","R","M","M","R","B",null,"M","?","$","M","?","R","M","R","T","M","T","T","R","M","R","B",null,"M","$","?","M","M","R","$","M","T","R","M","$","M","?","R","B"],"character_chosen":"THE_SILENT","items_purchased":["Sundial","Deep Breath","Flash of Steel"],"gold_per_floor":[115,115,115,139,153,184,203,203,282,282,306,306,331,352,352,475,475,493,493,6,31,31,31,44,44,44,67,97,97,97,117,117,245,245,266,76,76,99,124,124,124,138,138,138,162,37,57,57,57,57],"floor_reached":51,"campfire_rested":2,"playtime":2728,"current_hp_per_floor":[70,53,53,47,47,22,21,42,42,42,42,42,42,42,42,60,70,70,70,70,68,68,68,68,68,68,67,67,67,67,66,66,33,70,61,61,61,52,38,59,59,58,58,58,57,57,56,56,56,43],"items_purged":["Strike_G","Regret","Writhe"],"gold":57,"score":626,"play_id":"94b1c892-ecbf-4164-a6bd-09d9232002bf","local_time":"20180327223403","is_prod":false,"is_daily":false,"is_ascension_mode":false,"campfire_upgraded":9,"timestamp":1522182843,"path_taken":["M","?","?","M","M","E","M","R","T","R","M","R","M","?","R","BOSS","M","?","$","M","?","R","M","R","T","M","?","?","R","M","R","BOSS","M","$","?","M","M","R","$","M","T","R","M","$","?","?","R","BOSS"],"build_version":"2018-03-22v2","purchased_purges":3,"victory":true,"master_deck":["Defend_G","Defend_G","Defend_G","Defend_G","Strike_G","Strike_G","Strike_G","Strike_G","Survivor+1","Neutralize+1","Flechettes","Dagger Spray+1","PiercingWail","Deflect+1","Backflip+1","Backstab","Acrobatics","Terror+1","Deflect","A Thousand Cuts+1","Deep Breath","Cloak And Dagger+1","Prepared","Clumsy","Cloak And Dagger+1","After Image+1","Flash of Steel","Cloak And Dagger+1","Calculated Gamble+1","Footwork+1","Blur+1"],"max_hp_per_floor":[70,70,70,70,70,70,70,70,70,70,70,70,70,70,70,70,70,70,70,70,70,70,70,70,70,70,70,70,70,70,70,70,70,70,70,70,70,70,70,70,70,70,70,70,70,70,70,70,70,70],"relics":["Ring of the Snake","Golden Idol","Pantograph","Shuriken","Blue Candle","Cursed Key","Sundial","Gambling Chip","Tiny Chest","Sozu","Ice Cream"],"card_choices":[{"not_picked":["Underhanded Strike","Reflex"],"picked":"Dagger Spray","floor":1.0},{"not_picked":["Bane","Expertise"],"picked":"PiercingWail","floor":4.0},{"not_picked":["Flechettes","Quick Slash"],"picked":"Deflect","floor":5.0},{"not_picked":["Poisoned Stab","Accuracy"],"picked":"Backflip","floor":6.0},{"not_picked":["Slice","Backflip"],"picked":"Backstab","floor":7.0},{"not_picked":["Slice","Sucker Punch"],"picked":"Acrobatics","floor":11.0},{"not_picked":["Reflex","Catalyst"],"picked":"Terror","floor":13.0},{"not_picked":["Flechettes","Dodge and Roll"],"picked":"Deflect","floor":14.0},{"not_picked":["Unload","Doppelganger"],"picked":"A Thousand Cuts","floor":16.0},{"not_picked":["Heel Hook","Escape Plan"],"picked":"Cloak And Dagger","floor":21},{"not_picked":["Dodge and Roll","Endless Agony"],"picked":"Prepared","floor":27},{"not_picked":["Backstab","Dagger Throw"],"picked":"Cloak And Dagger","floor":31},{"not_picked":["Grand Finale","A Thousand Cuts"],"picked":"After Image","floor":33},{"not_picked":["Backstab","Poisoned Stab"],"picked":"Calculated Gamble","floor":39},{"not_picked":["Cloak And Dagger","Expertise"],"picked":"Footwork","floor":45},{"not_picked":["Prepared","Dodge and Roll"],"picked":"Blur","floor":47}],"player_experience":948056,"potions_floor_usage":[18,27,31,31,33],"damage_taken":[{"damage":0.0,"enemies":"2 Louse","floor":1.0,"turns":2.0},{"damage":6.0,"enemies":"Jaw Worm","floor":4.0,"turns":5.0},{"damage":0.0,"enemies":"Small Slimes","floor":5.0,"turns":3.0},{"damage":25.0,"enemies":"Gremlin Nob","floor":6.0,"turns":4.0},{"damage":1.0,"enemies":"Red Slaver","floor":7.0,"turns":7.0},{"damage":0.0,"enemies":"3 Louse","floor":11.0,"turns":2.0},{"damage":0.0,"enemies":"Looter","floor":13.0,"turns":2.0},{"damage":0.0,"enemies":"Exordium Thugs","floor":14.0,"turns":3.0},{"damage":7.0,"enemies":"Slime Boss","floor":16.0,"turns":7.0},{"damage":0,"enemies":"Chosen","floor":18,"turns":4},{"damage":2,"enemies":"Spheric Guardian","floor":21,"turns":3},{"damage":0,"enemies":"Centurion and Healer","floor":24,"turns":4},{"damage":1,"enemies":"3 Cultists","floor":27,"turns":4},{"damage":1,"enemies":"Snake Plant","floor":31,"turns":4},{"damage":37,"enemies":"Automaton","floor":33,"turns":7},{"damage":9,"enemies":"Orb Walker","floor":35,"turns":3},{"damage":9,"enemies":"3 Darklings","floor":38,"turns":3},{"damage":14,"enemies":"Maw","floor":39,"turns":7},{"damage":1,"enemies":"Sphere and 2 Shapes","floor":42,"turns":3},{"damage":1,"enemies":"4 Shapes","floor":45,"turns":6},{"damage":1,"enemies":"3 Darklings","floor":47,"turns":4},{"damage":27,"enemies":"Awakened One","floor":50,"turns":12}],"event_choices":[{"event_name":"Golden Idol","player_choice":"Take Damage","floor":2.0,"damage_taken":0.0},{"event_name":"Wheel of Change","player_choice":"Relic","floor":3.0,"damage_taken":0.0},{"event_name":"N\u0027loth","player_choice":"Ignored","floor":19,"damage_taken":0},{"event_name":"Beggar","player_choice":"Ignored","floor":22,"damage_taken":0},{"event_name":"Duplicator","player_choice":"One dupe","floor":37,"damage_taken":0},{"event_name":"Accursed Blacksmith","player_choice":"Forge","floor":48,"damage_taken":0}],"boss_relics":[{"not_picked":["Pandora\u0027s Box","Astrolabe"],"picked":"Sozu"}],"potions_floor_spawned":[4,6,11,16,21,27,31,38,42,47],"seed_played":"292047832500511125","ascension_level":0,"is_trial":false}