{"path_per_floor":["M","$","?","M","M","R","?","M","T","R","M","E","$","M","R","B",null,"M","?","M","$","?","R","M","R","T","M","M","M","T","M","R"],"character_chosen":"THE_SILENT","items_purchased":[],"gold_per_floor":[118,43,43,59,78,78,78,91,91,91,106,133,33,44,44,148,148,168,168,185,185,185,185,198,198,198,213,228,247,247,263,263,263],"floor_reached":33,"campfire_rested":0,"playtime":1608,"current_hp_per_floor":[70,70,75,72,72,72,72,72,72,72,72,59,59,59,59,58,75,69,69,69,69,69,69,69,69,69,69,69,69,69,65,65,0],"items_purged":["Strike_G","Strike_G"],"gold":263,"score":251,"play_id":"aa5913a1-5c54-4d35-96eb-dfaefdd7b4dd","local_time":"20180415224705","is_prod":false,"is_daily":false,"chose_seed":false,"is_ascension_mode":false,"campfire_upgraded":6,"timestamp":1523825225,"path_taken":["M","$","?","M","M","R","?","M","T","R","M","E","$","M","R","BOSS","M","?","M","$","?","R","M","R","T","?","M","M","?","M","R","BOSS"],"build_version":"2018-04-13","seed_source_timestamp":40929767201866,"purchased_purges":5,"victory":false,"master_deck":["Defend_G","Defend_G","Defend_G","Strike_G","Survivor+1","Neutralize+1","Skewer+1","Dagger Throw","Backflip+1","Dagger Spray+1","Outmaneuver","Finisher+1","Die Die Die","Dash+1","Expertise+1","Infinite Blades+1","PiercingWail+1","Flying Knee","Accuracy+1"],"max_hp_per_floor":[70,70,75,75,75,75,75,75,75,75,75,75,75,75,75,75,75,75,75,75,75,75,75,75,75,75,75,75,75,75,75,75,75],"relics":["Ring of the Snake","Bronze Scales","Toolbox","Ninja Scroll","Astrolabe","Du-Vu Doll","Molten Egg 2"],"card_choices":[{"not_picked":["Deflect","Dodge and Roll"],"picked":"Skewer","floor":1.0},{"not_picked":["Quick Slash","Infinite Blades"],"picked":"Dagger Throw","floor":4.0},{"not_picked":["PiercingWail","Underhanded Strike"],"picked":"Dagger Spray","floor":8.0},{"not_picked":["Deadly Poison","Die Die Die"],"picked":"Outmaneuver","floor":12.0},{"not_picked":["Underhanded Strike","Blade Dance"],"picked":"Finisher","floor":14.0},{"not_picked":["Storm of Steel","Wraith Form v2"],"picked":"Die Die Die","floor":16.0},{"not_picked":["Slice","Deadly Poison"],"picked":"PiercingWail","floor":20.0},{"not_picked":["Quick Slash","PiercingWail"],"picked":"Flying Knee","floor":27.0},{"not_picked":["Deadly Poison","Cloak And Dagger"],"picked":"Accuracy","floor":29}],"player_experience":438922,"potions_floor_usage":[29,31,33],"damage_taken":[{"damage":0.0,"enemies":"Jaw Worm","floor":1.0,"turns":4.0},{"damage":3.0,"enemies":"Small Slimes","floor":4.0,"turns":3.0},{"damage":0.0,"enemies":"2 Louse","floor":5.0,"turns":2.0},{"damage":0.0,"enemies":"Large Slime","floor":8.0,"turns":5.0},{"damage":0.0,"enemies":"2 Fungi Beasts","floor":11.0,"turns":1.0},{"damage":13.0,"enemies":"Lagavulin","floor":12.0,"turns":5.0},{"damage":0.0,"enemies":"Exordium Wildlife","floor":14.0,"turns":1.0},{"damage":16.0,"enemies":"Hexaghost","floor":16.0,"turns":7.0},{"damage":6.0,"enemies":"Shell Parasite","floor":18.0,"turns":4.0},{"damage":0.0,"enemies":"Spheric Guardian","floor":20.0,"turns":1.0},{"damage":0.0,"enemies":"3 Cultists","floor":24.0,"turns":4.0},{"damage":0.0,"enemies":"Cultist and Chosen","floor":27.0,"turns":4.0},{"damage":0.0,"enemies":"Centurion and Healer","floor":28.0,"turns":4.0},{"damage":0,"enemies":"Snake Plant","floor":29,"turns":3},{"damage":4,"enemies":"Cultist and Chosen","floor":31,"turns":6},{"damage":69,"enemies":"Collector","floor":33,"turns":13}],"event_choices":[{"event_name":"Big Fish","player_choice":"Donut","floor":3.0,"damage_taken":0.0},{"event_name":"Living Wall","player_choice":"Change","floor":7.0,"damage_taken":0.0},{"event_name":"The Mausoleum","player_choice":"No","floor":19.0,"damage_taken":0.0},{"event_name":"Beggar","player_choice":"Ignored","floor":22.0,"damage_taken":0.0}],"boss_relics":[],"potions_floor_spawned":[1,11,14,16,24,27,28,31],"seed_played":"-5257766002810828726","killed_by":"Collector","ascension_level":0,"is_trial":false}