{"path_per_floor":["M","M","?","$","M","R","M","M","T","E","?","R","T","$","R","B",null,"M","M","?","?","M","$","M","R","T","M","R","?","R","M","R","B",null,"M","$","M","M","M","E","R","?","T","M","M","?","$","M","R","B"],"character_chosen":"THE_SILENT","items_purchased":["Infinite Blades","Footwork","Backflip"],"gold_per_floor":[113,126,156,1,11,11,31,46,100,135,165,165,190,52,52,150,150,163,179,179,179,196,20,36,36,88,108,108,108,108,122,122,219,249,264,114,125,140,154,180,180,180,180,197,207,207,32,43,43,43],"floor_reached":51,"campfire_rested":0,"playtime":4015,"current_hp_per_floor":[68,68,61,61,61,61,61,60,60,57,52,52,52,52,52,40,70,67,67,67,67,64,64,66,66,66,67,67,67,67,65,65,60,75,75,75,69,70,71,70,70,70,80,82,78,78,78,78,78,66],"items_purged":["Strike_G","Defend_G","Defend_G","Decay","Doubt"],"gold":43,"score":656,"play_id":"6a0e4f98-79b2-4911-bbff-0c624f1ecb64","local_time":"20180416180155","is_prod":false,"is_daily":false,"chose_seed":false,"is_ascension_mode":false,"campfire_upgraded":9,"timestamp":1523894515,"path_taken":["M","M","?","$","M","R","M","M","T","E","?","R","?","$","R","BOSS","M","M","?","?","M","$","M","R","T","M","R","?","R","M","R","BOSS","M","$","M","M","M","E","R","?","T","?","M","?","$","M","R","BOSS"],"build_version":"2018-04-13","seed_source_timestamp":0,"purchased_purges":5,"victory":true,"master_deck":["Defend_G","Defend_G+1","Defend_G+1","Strike_G","Strike_G","Strike_G","Survivor","Neutralize","Bane+1","Noxious Fumes+1","Infinite Blades","Cloak And Dagger+1","Endless Agony","Blur+1","Footwork+1","Dagger Spray+1","Acrobatics+1","After Image","Backflip+1","Cloak And Dagger+1","Finisher+1","Glass Knife+1","Dodge and Roll+1","Adrenaline","PiercingWail","Well Laid Plans","Panacea+1"],"max_hp_per_floor":[70,70,70,70,70,70,70,70,70,70,70,70,70,70,70,70,70,70,70,70,70,70,70,70,70,70,70,70,70,70,70,70,70,75,75,75,75,75,75,75,75,75,85,85,85,85,85,85,85,85],"relics":["Ring of the Snake","Vajra","Tiny Chest","Blood Vial","Gremlin Horn","Odd Mushroom","Snake Skull","Cursed Key","Centennial Puzzle","War Paint","Tiny House","Kunai","Pear"],"card_choices":[{"not_picked":["Deflect","Prepared"],"picked":"Bane","floor":1.0},{"not_picked":["Dagger Throw","Deflect"],"picked":"Noxious Fumes","floor":2.0},{"not_picked":["PiercingWail","Bane"],"picked":"Cloak And Dagger","floor":5.0},{"not_picked":["Dagger Throw","Flying Knee"],"picked":"Endless Agony","floor":7.0},{"not_picked":["Backflip","Quick Slash"],"picked":"Blur","floor":10.0},{"not_picked":["Cloak And Dagger","Infinite Blades"],"picked":"Dagger Spray","floor":18.0},{"not_picked":["All Out Attack","PiercingWail"],"picked":"Acrobatics","floor":19.0},{"not_picked":["Catalyst","Deflect"],"picked":"After Image","floor":22.0},{"not_picked":["Heel Hook","Slice"],"picked":"Cloak And Dagger","floor":24.0},{"not_picked":["Skewer","Crippling Poison"],"picked":"Finisher","floor":27.0},{"not_picked":["Venomology","Storm of Steel"],"picked":"Glass Knife","floor":33.0},{"not_picked":["Infinite Blades","Endless Agony"],"picked":"Dodge and Roll","floor":34.0},{"not_picked":["Finisher","Underhanded Strike"],"picked":"Adrenaline","floor":37.0},{"not_picked":["Footwork","Expertise"],"picked":"PiercingWail","floor":40.0},{"not_picked":["Flying Knee","Quick Slash"],"picked":"Well Laid Plans","floor":44},{"not_picked":["Swift Strike","Thinking Ahead"],"picked":"Panacea","floor":46}],"player_experience":440530,"potions_floor_usage":[50,50,50],"damage_taken":[{"damage":2.0,"enemies":"Small Slimes","floor":1.0,"turns":3.0},{"damage":0.0,"enemies":"Jaw Worm","floor":2.0,"turns":4.0},{"damage":0.0,"enemies":"Cultist","floor":5.0,"turns":3.0},{"damage":0.0,"enemies":"Looter","floor":7.0,"turns":4.0},{"damage":1.0,"enemies":"3 Louse","floor":8.0,"turns":4.0},{"damage":5.0,"enemies":"3 Sentries","floor":10.0,"turns":6.0},{"damage":7.0,"enemies":"The Mushroom Lair","floor":11.0,"turns":5.0},{"damage":14.0,"enemies":"The Guardian","floor":16.0,"turns":9.0},{"damage":3.0,"enemies":"Chosen","floor":18.0,"turns":5.0},{"damage":2.0,"enemies":"Shell Parasite","floor":19.0,"turns":5.0},{"damage":5.0,"enemies":"Cultist and Chosen","floor":22.0,"turns":4.0},{"damage":0.0,"enemies":"Snecko","floor":24.0,"turns":5.0},{"damage":1.0,"enemies":"Snake Plant","floor":27.0,"turns":5.0},{"damage":4.0,"enemies":"Centurion and Healer","floor":31.0,"turns":4.0},{"damage":7.0,"enemies":"Automaton","floor":33.0,"turns":7.0},{"damage":0.0,"enemies":"Orb Walker","floor":35.0,"turns":4.0},{"damage":6.0,"enemies":"Flame Bruiser 1 Orb","floor":37.0,"turns":5.0},{"damage":1.0,"enemies":"4 Shapes","floor":38.0,"turns":5.0},{"damage":1.0,"enemies":"Maw","floor":39.0,"turns":9.0},{"damage":7.0,"enemies":"2 Orb Walkers","floor":40.0,"turns":4.0},{"damage":0,"enemies":"3 Darklings","floor":44,"turns":4},{"damage":6,"enemies":"4 Shapes","floor":45,"turns":4},{"damage":2,"enemies":"Maw","floor":48,"turns":7},{"damage":44,"enemies":"Time Eater","floor":50,"turns":13}],"event_choices":[{"event_name":"Scrap Ooze","player_choice":"success","floor":3.0,"damage_taken":7.0},{"event_name":"Mushrooms","player_choice":"Fought Mushrooms","floor":11.0,"damage_taken":0.0},{"event_name":"The Mausoleum","player_choice":"Yes","floor":20.0,"damage_taken":0.0},{"event_name":"Ghosts","player_choice":"Ignored","floor":21.0,"damage_taken":0.0},{"event_name":"Cursed Tome","player_choice":"Ignored","floor":29.0,"damage_taken":0.0},{"event_name":"SensoryStone","player_choice":"Memory 1","floor":46,"damage_taken":0}],"boss_relics":[],"potions_floor_spawned":[2,11,16,22,24,31,37,40,45],"seed_played":"550167228283762733","ascension_level":0,"is_trial":false}