{"path_per_floor":["M","T","?","?","$","R","M","R","T","M","E","M","E","?","R","B",null,"M","?","?","M","$","R","?","?","T","$","?","E","R","M","R","B",null,"M","M","?","?","M","E","R","M","T","M","$","R","M","?","R","B"],"character_chosen":"IRONCLAD","items_purchased":["Apotheosis","Pommel Strike","Shrug It Off","Sundial"],"gold_per_floor":[117,417,417,417,94,94,111,111,111,129,157,171,203,203,203,306,306,318,318,318,335,235,235,235,235,286,115,115,140,140,157,157,253,253,264,277,277,330,342,372,372,382,382,401,88,88,105,105,105,105],"floor_reached":51,"campfire_rested":4,"playtime":3733,"current_hp_per_floor":[80,80,80,73,73,73,79,79,79,80,80,80,59,80,80,30,80,76,76,76,80,80,80,80,65,72,72,72,32,59,69,69,69,92,92,92,80,73,69,32,59,19,19,21,21,48,58,58,85,70],"items_purged":["Strike_R","Strike_R","Defend_R"],"gold":105,"score":701,"play_id":"2edd2236-f151-4996-8cc9-22509f6549c2","local_time":"20180402235442","is_prod":false,"is_daily":false,"is_ascension_mode":false,"campfire_upgraded":5,"timestamp":1522706082,"path_taken":["M","?","?","?","$","R","?","R","T","M","E","M","E","?","R","BOSS","M","?","?","?","$","R","?","?","T","?","?","E","R","M","R","BOSS","M","M","?","?","M","E","R","M","T","M","$","R","M","?","R","BOSS"],"build_version":"2018-03-29","purchased_purges":4,"victory":true,"master_deck":["Defend_R","Defend_R","Bash+1","Body Slam+1","Apotheosis+1","Pommel Strike+1","Battle Trance+1","Demon Form+1","Shrug It Off","Seeing Red","Entrench+1","Juggernaut","Madness","Madness","Body Slam+1"],"max_hp_per_floor":[80,80,80,80,80,80,80,80,80,80,80,80,80,80,80,80,80,80,80,80,80,80,80,80,85,92,92,92,92,92,92,92,92,92,92,92,92,92,92,92,92,92,92,92,92,92,92,92,92,92],"relics":["Black Blood","Old Coin","Ginger","Ancient Tea Set","Question Card","Strawberry","Lantern","Girya","Thread and Needle","Gremlin Horn","Sundial"],"card_choices":[{"not_picked":["Entrench","Armaments"],"picked":"Body Slam","floor":1.0},{"not_picked":["Burning Pact","Armaments"],"picked":"Battle Trance","floor":11.0},{"not_picked":["Juggernaut","Brutality","Double Tap"],"picked":"Demon Form","floor":16.0},{"not_picked":["Cleave","Bludgeon","Wild Strike"],"picked":"Seeing Red","floor":29.0},{"not_picked":["Clothesline","Dual Wield","Clash"],"picked":"Entrench","floor":31.0},{"not_picked":["Brutality","Bludgeon","Reaper"],"picked":"Juggernaut","floor":33.0},{"not_picked":["Clash","Sword Boomerang","Evolve"],"picked":"Body Slam","floor":44.0}],"player_experience":17251,"potions_floor_usage":[50,50,50],"damage_taken":[{"damage":1.0,"enemies":"Cultist","floor":1.0,"turns":3.0},{"damage":0.0,"enemies":"2 Louse","floor":7.0,"turns":3.0},{"damage":0.0,"enemies":"Jaw Worm","floor":10.0,"turns":3.0},{"damage":6.0,"enemies":"Lagavulin","floor":11.0,"turns":8.0},{"damage":0.0,"enemies":"2 Fungi Beasts","floor":12.0,"turns":3.0},{"damage":27.0,"enemies":"Gremlin Nob","floor":13.0,"turns":4.0},{"damage":56.0,"enemies":"Hexaghost","floor":16.0,"turns":12.0},{"damage":14.0,"enemies":"3 Byrds","floor":18.0,"turns":7.0},{"damage":0.0,"enemies":"Chosen","floor":21.0,"turns":4.0},{"damage":59.0,"enemies":"Gremlin Leader","floor":29.0,"turns":6.0},{"damage":0.0,"enemies":"Centurion and Healer","floor":31.0,"turns":5.0},{"damage":10.0,"enemies":"Collector","floor":33.0,"turns":10.0},{"damage":0.0,"enemies":"3 Shapes","floor":35.0,"turns":4.0},{"damage":0.0,"enemies":"3 Darklings","floor":36.0,"turns":7.0},{"damage":17.0,"enemies":"Mysterious Sphere","floor":38.0,"turns":3.0},{"damage":14.0,"enemies":"Sphere and 2 Shapes","floor":39.0,"turns":7.0},{"damage":47.0,"enemies":"2 Orb Walkers","floor":40.0,"turns":6.0},{"damage":50.0,"enemies":"4 Shapes","floor":42.0,"turns":4.0},{"damage":8.0,"enemies":"Maw","floor":44.0,"turns":5.0},{"damage":0.0,"enemies":"Sphere and 2 Shapes","floor":47.0,"turns":4.0},{"damage":25,"enemies":"Time Eater","floor":50,"turns":6}],"event_choices":[{"event_name":"Purifier","player_choice":"One Purge","floor":3.0,"damage_taken":0.0},{"event_name":"Golden Wing","player_choice":"Card Removal","floor":4.0,"damage_taken":0.0},{"event_name":"Big Fish","player_choice":"Banana","floor":14.0,"damage_taken":0.0},{"event_name":"Drug Dealer","player_choice":"Ignored","floor":19.0,"damage_taken":0.0},{"event_name":"The Mausoleum","player_choice":"No","floor":20.0,"damage_taken":0.0},{"event_name":"Back to Basics","player_choice":"Elegance","floor":24.0,"damage_taken":0.0},{"event_name":"Forgotten Altar","player_choice":"Shed Blood","floor":25.0,"damage_taken":0.0},{"event_name":"Ghosts","player_choice":"Ignored","floor":28.0,"damage_taken":0.0},{"event_name":"Winding Halls","player_choice":"Embrace Madness","floor":37.0,"damage_taken":0.0},{"event_name":"Mysterious Sphere","player_choice":"Fight","floor":38.0,"damage_taken":0.0}],"boss_relics":[],"potions_floor_spawned":[1,7,12,16,21,29,31,35,38,42,47],"seed_played":"-6356671834025165956","ascension_level":0,"is_trial":false}