{"path_per_floor":["M","M","?","M","$","E","M","M","T","$","M","R","E","M","R","B",null,"M","T","$","M","?","E","M","$","T","M","R","E","R","?","R"],"character_chosen":"IRONCLAD","items_purchased":["Armaments","Heavy Blade","Pummel"],"gold_per_floor":[119,136,136,151,1,30,43,54,101,1,12,12,44,55,55,150,150,166,166,41,51,51,85,102,33,333,346,346,379,379,304,304,304],"floor_reached":33,"campfire_rested":0,"playtime":1935,"current_hp_per_floor":[80,80,80,80,80,80,77,71,71,71,72,72,57,63,63,48,80,80,80,80,80,80,71,73,73,73,59,59,73,73,73,73,0],"items_purged":["Strike_R","Strike_R","Strike_R"],"gold":304,"score":323,"play_id":"7910cce4-b81b-4e2a-88df-19015d366824","local_time":"20180402182057","is_prod":false,"is_daily":false,"is_ascension_mode":false,"campfire_upgraded":5,"timestamp":1522686057,"path_taken":["M","M","?","?","$","E","M","M","T","?","M","R","E","?","R","BOSS","M","?","$","M","?","E","?","$","T","M","R","E","R","?","R","BOSS"],"build_version":"2018-03-29","purchased_purges":3,"victory":false,"master_deck":["Strike_R","Defend_R","Defend_R","Defend_R","Defend_R","Bash","Flex","Flex","Clash","Armaments+1","Heavy Blade+1","Spot Weakness","Sword Boomerang+1","Clash+1","Infernal Blade","Clash+1","Clash+1","Offering+1","Feel No Pain+1","Rupture","Pummel+1","Limit Break+1"],"max_hp_per_floor":[80,80,80,80,80,80,80,80,80,80,80,80,80,80,80,80,80,80,80,80,80,80,80,80,80,80,80,80,87,87,87,87,87],"relics":["Burning Blood","Molten Egg 2","Regal Pillow","Thread and Needle","Sozu","Matryoshka","Darkstone Periapt","Dream Catcher","Old Coin","Strawberry"],"card_choices":[{"not_picked":["Heavy Blade","Perfected Strike"],"picked":"Flex","floor":1},{"not_picked":["Warcry","Sword Boomerang"],"picked":"Flex","floor":2},{"not_picked":["Thunderclap","Sever Soul"],"picked":"Clash","floor":4},{"not_picked":["Power Through","Thunderclap"],"picked":"Spot Weakness","floor":6},{"not_picked":["Impervious","Disarm"],"picked":"Sword Boomerang","floor":7},{"not_picked":["Flex","Iron Wave"],"picked":"Clash","floor":8},{"not_picked":["Anger","Iron Wave"],"picked":"Infernal Blade","floor":11},{"not_picked":["Perfected Strike","Demon Form"],"picked":"Clash","floor":13},{"not_picked":["Sword Boomerang","Perfected Strike"],"picked":"Clash","floor":14},{"not_picked":["Impervious","Reaper"],"picked":"Offering","floor":16},{"not_picked":["Clothesline","Flex"],"picked":"Feel No Pain","floor":23},{"not_picked":["Clash","Combust"],"picked":"Rupture","floor":24},{"not_picked":["Rampage","Corruption"],"picked":"Limit Break","floor":29}],"player_experience":7516,"potions_floor_usage":[6,8,24],"damage_taken":[{"damage":0,"enemies":"2 Louse","floor":1,"turns":2},{"damage":1,"enemies":"Cultist","floor":2,"turns":3},{"damage":3,"enemies":"Jaw Worm","floor":4,"turns":4},{"damage":6,"enemies":"Gremlin Nob","floor":6,"turns":3},{"damage":9,"enemies":"2 Fungi Beasts","floor":7,"turns":3},{"damage":12,"enemies":"Exordium Wildlife","floor":8,"turns":4},{"damage":5,"enemies":"Exordium Thugs","floor":11,"turns":3},{"damage":21,"enemies":"Lagavulin","floor":13,"turns":5},{"damage":0,"enemies":"Large Slime","floor":14,"turns":5},{"damage":21,"enemies":"Slime Boss","floor":16,"turns":7},{"damage":0,"enemies":"Spheric Guardian","floor":18,"turns":2},{"damage":0,"enemies":"Shell Parasite","floor":21,"turns":3},{"damage":15,"enemies":"Book of Stabbing","floor":23,"turns":3},{"damage":4,"enemies":"3 Cultists","floor":24,"turns":4},{"damage":20,"enemies":"Chosen and Byrds","floor":27,"turns":7},{"damage":13,"enemies":"Slavers","floor":29,"turns":3},{"damage":101,"enemies":"Collector","floor":33,"turns":6}],"event_choices":[{"event_name":"Accursed Blacksmith","player_choice":"Ignore","floor":3,"damage_taken":0},{"event_name":"Vampires","player_choice":"Ignored","floor":22,"damage_taken":0},{"event_name":"Beggar","player_choice":"Gave Gold","floor":31,"damage_taken":0}],"boss_relics":[{"not_picked":["Tiny House","White Beast Statue"],"picked":"Sozu"}],"potions_floor_spawned":[2,4,16,24,29],"seed_played":"-2141756297879487928","killed_by":"Collector","ascension_level":0,"is_trial":false}