{"path_per_floor":["M","M","M","M","M","R","M","R","T","M","$","?","E","M","R","B",null,"M","M","?","M","?","R","E","R","T","E","$","E","R","?","R","B",null,"M","M","?","$","?","R","E","R","T","M","R","M","$","M","R","B"],"character_chosen":"IRONCLAD","items_purchased":["Armaments","Shrug It Off","Good Instincts","Vajra","Flex","Anchor","Thunderclap","Regen Potion"],"gold_per_floor":[113,124,134,154,171,171,186,186,186,206,79,79,105,125,125,221,221,232,244,244,260,260,260,293,293,293,323,55,80,80,105,105,200,200,217,232,232,14,64,64,89,89,112,127,127,145,97,108,108,108],"floor_reached":51,"campfire_rested":1,"playtime":3191,"current_hp_per_floor":[80,80,79,80,75,75,75,75,75,79,79,84,66,66,66,64,85,85,63,47,45,45,45,41,41,41,59,59,52,52,60,88,32,95,95,85,90,90,95,95,95,95,95,95,95,95,95,95,95,19],"items_purged":["Strike_R"],"gold":108,"score":964,"play_id":"60f4c21a-c921-43d6-879c-c1eb36664d13","local_time":"20180414170939","is_prod":false,"is_daily":false,"is_ascension_mode":true,"campfire_upgraded":7,"timestamp":1523718579,"path_taken":["M","?","M","M","M","R","M","R","T","M","$","?","E","?","R","BOSS","M","?","?","?","?","R","E","R","T","E","$","E","R","?","R","BOSS","M","M","?","$","?","R","E","R","T","?","R","?","$","M","R","BOSS"],"build_version":"2018-04-04","purchased_purges":3,"victory":true,"master_deck":["Battle Trance","Body Slam+1","Armaments+1","Body Slam+1","Whirlwind+1","Double Tap+1","Ghostly Armor","Shrug It Off","Good Instincts","Ghostly Armor","Impervious","Flex+1","Thunderclap+1","Disarm+1"],"max_hp_per_floor":[80,80,80,80,80,80,80,80,80,80,80,85,85,85,85,85,85,85,85,85,85,85,85,85,85,85,95,95,95,95,95,95,95,95,95,95,95,95,95,95,95,95,95,95,95,95,95,95,95,95],"relics":["Burning Blood","Lantern","War Paint","Blood Vial","Pandora\u0027s Box","Nilry\u0027s Codex","Ancient Tea Set","Omamori","Pear","Vajra","Molten Egg 2","Red Mask","Velvet Choker","Anchor","Girya","Blue Candle","Bronze Scales"],"card_choices":[{"not_picked":["Iron Wave","Impervious"],"picked":"Cleave","floor":2.0},{"not_picked":["Burning Pact","Shrug It Off"],"picked":"Battle Trance","floor":4.0},{"not_picked":["Rampage","Sever Soul"],"picked":"Body Slam","floor":5.0},{"not_picked":["Iron Wave","Anger"],"picked":"Body Slam","floor":13.0},{"not_picked":["Armaments","Feel No Pain"],"picked":"Whirlwind","floor":14.0},{"not_picked":["Dark Embrace","Juggernaut"],"picked":"Double Tap","floor":16.0},{"not_picked":["Thunderclap","Dual Wield"],"picked":"Ghostly Armor","floor":19.0},{"not_picked":["Body Slam","Warcry"],"picked":"Ghostly Armor","floor":29.0},{"not_picked":["Immolate","Exhume"],"picked":"Impervious","floor":33.0},{"not_picked":["Bludgeon","Heavy Blade"],"picked":"Disarm","floor":44}],"player_experience":89133,"potions_floor_usage":[50,50],"damage_taken":[{"damage":6.0,"enemies":"Cultist","floor":1.0,"turns":4.0},{"damage":3.0,"enemies":"Small Slimes","floor":2.0,"turns":3.0},{"damage":7.0,"enemies":"Jaw Worm","floor":3.0,"turns":2.0},{"damage":4.0,"enemies":"Red Slaver","floor":4.0,"turns":4.0},{"damage":11.0,"enemies":"Lots of Slimes","floor":5.0,"turns":3.0},{"damage":6.0,"enemies":"2 Fungi Beasts","floor":7.0,"turns":4.0},{"damage":2.0,"enemies":"3 Louse","floor":10.0,"turns":4.0},{"damage":24.0,"enemies":"Gremlin Nob","floor":13.0,"turns":4.0},{"damage":8.0,"enemies":"Gremlin Gang","floor":14.0,"turns":3.0},{"damage":10.0,"enemies":"Slime Boss","floor":16.0,"turns":7.0},{"damage":0.0,"enemies":"3 Byrds","floor":18.0,"turns":2.0},{"damage":28.0,"enemies":"Shell Parasite","floor":19.0,"turns":4.0},{"damage":10.0,"enemies":"Cultist and Chosen","floor":21.0,"turns":5.0},{"damage":12.0,"enemies":"Gremlin Leader","floor":24.0,"turns":3.0},{"damage":0.0,"enemies":"Book of Stabbing","floor":27.0,"turns":3.0},{"damage":15.0,"enemies":"Slavers","floor":29.0,"turns":3.0},{"damage":0.0,"enemies":"Masked Bandits","floor":31.0,"turns":1.0},{"damage":64.0,"enemies":"Collector","floor":33.0,"turns":8.0},{"damage":0.0,"enemies":"3 Darklings","floor":35.0,"turns":1.0},{"damage":16.0,"enemies":"3 Shapes","floor":36.0,"turns":3.0},{"damage":0,"enemies":"Mysterious Sphere","floor":39,"turns":4},{"damage":0,"enemies":"Giant Head","floor":41,"turns":6},{"damage":0,"enemies":"3 Darklings","floor":44,"turns":2},{"damage":4,"enemies":"Maw","floor":46,"turns":5},{"damage":0,"enemies":"Flame Bruiser 2 Orb","floor":48,"turns":2},{"damage":109,"enemies":"Time Eater","floor":50,"turns":12}],"event_choices":[{"event_name":"Big Fish","player_choice":"Donut","floor":12.0,"damage_taken":0.0},{"event_name":"Cursed Tome","player_choice":"Obtained Book","floor":20.0,"damage_taken":0.0},{"event_name":"Back to Basics","player_choice":"Elegance","floor":22.0,"damage_taken":0.0},{"event_name":"Bonfire Elementals","player_choice":"COMMON","floor":37.0,"damage_taken":0.0},{"event_name":"Mysterious Sphere","player_choice":"Fight","floor":39,"damage_taken":0}],"boss_relics":[],"potions_floor_spawned":[1,2,4,14,16,19,21,24,27,41,44,46,48],"seed_played":"7659385875817277100","ascension_level":4,"is_trial":false}