{"path_per_floor":["M","?","M","?","M","R","M","M","T","E","R","$","R","M","R","B",null,"M","M","?","?","$","R"],"character_chosen":"IRONCLAD","items_purchased":["Disarm","Bandage Up"],"gold_per_floor":[115,115,125,75,89,89,104,123,123,150,150,34,34,54,54,157,157,177,197,197,197,1,1,1],"floor_reached":24,"campfire_rested":2,"playtime":1176,"current_hp_per_floor":[76,76,68,68,68,68,63,41,41,20,44,44,44,37,61,44,80,71,49,49,49,49,49,0],"items_purged":["Strike_R","Defend_R"],"gold":1,"score":235,"play_id":"f9ef5753-475f-4748-9f6d-260d3e5cea26","local_time":"20180413212518","is_prod":false,"is_daily":false,"is_ascension_mode":true,"campfire_upgraded":3,"timestamp":1523647518,"path_taken":["M","?","M","?","?","R","M","M","T","E","R","?","R","M","R","BOSS","M","M","?","?","$","R","E"],"build_version":"2018-04-04","purchased_purges":2,"victory":false,"master_deck":["Strike_R+1","Defend_R","Defend_R","Defend_R","Bash+1","Shrug It Off","Offering","Inflame","Disarm+1","Limit Break+1","Bandage Up"],"max_hp_per_floor":[80,80,80,80,80,80,80,80,80,80,80,80,80,80,80,80,80,80,80,80,80,80,80,80],"relics":["Runic Dome","Ginger","Whetstone"],"card_choices":[{"not_picked":["Anger","Fire Breathing"],"picked":"Shrug It Off","floor":3.0},{"not_picked":["Havoc","Clothesline"],"picked":"Offering","floor":5.0},{"not_picked":["Blood for Blood","Wild Strike"],"picked":"Inflame","floor":10.0},{"not_picked":["Feed","Offering"],"picked":"Limit Break","floor":16.0}],"player_experience":85000,"potions_floor_usage":[18,24,24],"damage_taken":[{"damage":4.0,"enemies":"2 Louse","floor":1.0,"turns":2.0},{"damage":8.0,"enemies":"Jaw Worm","floor":3.0,"turns":4.0},{"damage":0.0,"enemies":"Small Slimes","floor":5.0,"turns":5.0},{"damage":5.0,"enemies":"3 Louse","floor":7.0,"turns":3.0},{"damage":22.0,"enemies":"Exordium Thugs","floor":8.0,"turns":5.0},{"damage":21.0,"enemies":"Lagavulin","floor":10.0,"turns":6.0},{"damage":7.0,"enemies":"Red Slaver","floor":14.0,"turns":3.0},{"damage":17.0,"enemies":"The Guardian","floor":16.0,"turns":10.0},{"damage":9,"enemies":"Shell Parasite","floor":18,"turns":5},{"damage":22,"enemies":"3 Byrds","floor":19,"turns":10},{"damage":54,"enemies":"Slavers","floor":24,"turns":8}],"event_choices":[{"event_name":"Living Wall","player_choice":"Forget","floor":2.0,"damage_taken":0.0},{"event_name":"The Cleric","player_choice":"Card Removal","floor":4.0,"damage_taken":0.0},{"event_name":"Purifier","player_choice":"One Purge","floor":20,"damage_taken":0},{"event_name":"Vampires","player_choice":"Ignored","floor":21,"damage_taken":0}],"boss_relics":[{"not_picked":["Runic Pyramid","Mark of Pain","Astrolabe"]}],"potions_floor_spawned":[1,3,7,16,18],"seed_played":"7260226250228328165","killed_by":"Slavers","ascension_level":4,"is_trial":false}