{"path_per_floor":["M","?","M","M","$","R","?","M","T","M","$","R","M","M","R","B",null,"M","$","M","$","M","R","?","R","T","$","R","$","R","M","R"],"character_chosen":"IRONCLAD","items_purchased":["Rampage","Limit Break","Armaments"],"gold_per_floor":[110,110,121,131,56,56,56,71,71,87,6,6,18,30,30,135,135,153,153,166,166,182,182,182,182,182,7,7,7,7,18,18,18],"floor_reached":33,"campfire_rested":0,"playtime":1071,"current_hp_per_floor":[78,78,78,80,80,80,77,57,57,51,51,51,48,38,38,7,62,44,44,21,21,18,18,18,18,18,18,18,18,18,18,18,0],"items_purged":["Strike_R"],"gold":18,"score":370,"play_id":"0059b1f2-187f-4668-934a-990732ad00db","local_time":"20180415175658","is_prod":false,"is_daily":false,"is_ascension_mode":true,"campfire_upgraded":7,"timestamp":1523807818,"path_taken":["M","?","M","M","$","R","?","M","T","M","$","R","M","M","R","BOSS","M","$","M","?","M","R","?","R","T","$","R","?","R","M","R","BOSS"],"build_version":"2018-04-04","purchased_purges":2,"victory":false,"master_deck":["Bash","Body Slam+1","Shockwave+1","Rampage+1","Spot Weakness","Warcry+1","Shrug It Off+1","Ghostly","Ghostly","Ghostly","Ghostly","Ghostly+1","Limit Break+1","Armaments+1","Shrug It Off+1"],"max_hp_per_floor":[80,80,80,80,80,80,80,80,80,80,80,80,80,80,80,80,80,80,80,80,80,80,80,40,40,40,40,40,40,40,40,40,40],"relics":["Burning Blood","Peace Pipe","Mercury Hourglass","Pandora\u0027s Box","Bottled Lightning"],"card_choices":[{"not_picked":["Rupture","Combust"],"picked":"Body Slam","floor":3},{"not_picked":["Clash","Anger"],"picked":"Shockwave","floor":4},{"not_picked":["Anger","Heavy Blade"],"picked":"Spot Weakness","floor":18},{"not_picked":["Sever Soul","Havoc"],"picked":"Warcry","floor":20},{"not_picked":["Second Wind","Carnage"],"picked":"Shrug It Off","floor":22},{"not_picked":["Clothesline","Rupture"],"picked":"Shrug It Off","floor":31}],"player_experience":108791,"potions_floor_usage":[16,16,20,20,33],"damage_taken":[{"damage":0,"enemies":"Small Slimes","floor":1,"turns":4},{"damage":6,"enemies":"Jaw Worm","floor":3,"turns":5},{"damage":1,"enemies":"Cultist","floor":4,"turns":3},{"damage":26,"enemies":"Exordium Wildlife","floor":8,"turns":7},{"damage":12,"enemies":"2 Fungi Beasts","floor":10,"turns":3},{"damage":9,"enemies":"Blue Slaver","floor":13,"turns":3},{"damage":16,"enemies":"Lots of Slimes","floor":14,"turns":4},{"damage":37,"enemies":"Hexaghost","floor":16,"turns":8},{"damage":24,"enemies":"2 Thieves","floor":18,"turns":3},{"damage":29,"enemies":"Shell Parasite","floor":20,"turns":4},{"damage":9,"enemies":"Cultist and Chosen","floor":22,"turns":4},{"damage":6,"enemies":"Snake Plant","floor":31,"turns":5},{"damage":31,"enemies":"Collector","floor":33,"turns":7}],"event_choices":[{"event_name":"Living Wall","player_choice":"Forget","floor":2,"damage_taken":0},{"event_name":"Scrap Ooze","player_choice":"success","floor":7,"damage_taken":3},{"event_name":"Ghosts","player_choice":"Became a Ghost","floor":24,"damage_taken":0}],"boss_relics":[{"not_picked":["Orrery","Snecko Eye"],"picked":"Pandora\u0027s Box"}],"potions_floor_spawned":[3,4,10,16,18,20],"seed_played":"-8020075470051833601","killed_by":"Collector","ascension_level":9,"is_trial":false}