{"path_per_floor":["M","?","?","M","$","R","E","M","T","E","M","R","?","?","R","B",null,"M","$","M","M","M","R","?","E","T","E","M"],"character_chosen":"IRONCLAD","items_purchased":["Whirlwind","Finesse","Dexterity Potion"],"gold_per_floor":[117,117,117,128,47,47,74,90,90,125,145,145,206,206,206,303,303,318,87,103,121,141,141,56,88,111,146,164,164],"floor_reached":29,"campfire_rested":0,"playtime":1427,"current_hp_per_floor":[80,80,80,79,79,79,62,54,68,65,56,56,47,47,47,22,94,83,83,94,78,70,70,70,45,45,19,9,0],"items_purged":["Strike_R"],"gold":164,"score":287,"play_id":"e34a7e23-5a23-4db4-8c1b-e6e5b7ca65d5","local_time":"20180407214209","is_prod":false,"is_daily":false,"is_ascension_mode":true,"campfire_upgraded":3,"timestamp":1523130129,"path_taken":["M","?","?","?","?","R","E","M","T","E","M","R","?","?","R","BOSS","M","$","M","?","M","R","?","E","T","E","M","E"],"build_version":"2018-04-04","purchased_purges":1,"victory":false,"master_deck":["Strike_R+1","Strike_R+1","Defend_R","Defend_R","Defend_R","Defend_R","Bash","Inflame","Whirlwind+1","Barricade","Body Slam+1","Impervious","Reaper","Body Slam+1","Battle Trance","Finesse","True Grit+1","Body Slam+1"],"max_hp_per_floor":[80,80,80,80,80,80,80,80,94,94,94,94,94,94,94,94,94,94,94,94,94,94,94,94,94,94,94,94,94],"relics":["Runic Dome","Peace Pipe","Whetstone","Mango","Girya","Orichalcum","Orrery","Darkstone Periapt","Regal Pillow","Bag of Preparation","Prayer Wheel"],"card_choices":[{"not_picked":["Evolve","Iron Wave"],"picked":"Inflame","floor":1},{"not_picked":["Sentinel","Iron Wave"],"picked":"Barricade","floor":7},{"not_picked":["Anger","Headbutt"],"picked":"Body Slam","floor":8},{"not_picked":["Clothesline","Warcry"],"picked":"Impervious","floor":11},{"not_picked":["Fiend Fire","Limit Break"],"picked":"Reaper","floor":16},{"not_picked":["Combust","Impervious"],"picked":"Body Slam","floor":17},{"not_picked":["Armaments","Pummel"],"picked":"Battle Trance","floor":17},{"not_picked":["Searing Blow","Iron Wave"],"picked":"True Grit","floor":20},{"not_picked":["Clothesline","Iron Wave"],"picked":"Body Slam","floor":25}],"player_experience":67360,"potions_floor_usage":[7,16,27],"damage_taken":[{"damage":0,"enemies":"Small Slimes","floor":1,"turns":3},{"damage":1,"enemies":"Cultist","floor":4,"turns":3},{"damage":17,"enemies":"Lagavulin","floor":7,"turns":4},{"damage":8,"enemies":"Jaw Worm","floor":8,"turns":3},{"damage":3,"enemies":"3 Sentries","floor":10,"turns":2},{"damage":9,"enemies":"3 Louse","floor":11,"turns":3},{"damage":9,"enemies":"Lagavulin Event","floor":13,"turns":5},{"damage":25,"enemies":"Slime Boss","floor":16,"turns":8},{"damage":11,"enemies":"Shell Parasite","floor":18,"turns":5},{"damage":0,"enemies":"3 Byrds","floor":20,"turns":3},{"damage":16,"enemies":"3 Cultists","floor":21,"turns":4},{"damage":8,"enemies":"Snake Plant","floor":22,"turns":4},{"damage":25,"enemies":"Slavers","floor":25,"turns":4},{"damage":32,"enemies":"Book of Stabbing","floor":27,"turns":7},{"damage":10,"enemies":"Snecko","floor":28,"turns":5},{"damage":21,"enemies":"Gremlin Leader","floor":29,"turns":3}],"event_choices":[{"event_name":"Living Wall","player_choice":"Forget","floor":2,"damage_taken":0},{"event_name":"Big Fish","player_choice":"Box","floor":3,"damage_taken":0},{"event_name":"Dead Adventurer","player_choice":"Searched \u00271\u0027 times","floor":13,"damage_taken":0},{"event_name":"Bonfire Elementals","player_choice":"BASIC","floor":14,"damage_taken":0},{"event_name":"Addict","player_choice":"Obtained Relic","floor":24,"damage_taken":0}],"boss_relics":[{"not_picked":["White Beast Statue","Ectoplasm"],"picked":"Orrery"}],"potions_floor_spawned":[1,4,8,10,20,22,25,28],"seed_played":"-6543229390169614588","killed_by":"Gremlin Leader","ascension_level":1,"is_trial":false}