{"path_per_floor":["M","?","?","T","M","R","M","E","T","M","R","M","$","M","R","B",null,"M","$","M","M","M","R","E","R","T","?","M","E","?","M","R","B",null,"M","$","M","?","M","E","M","?","T","R","E","M","R","E","R","B"],"character_chosen":"IRONCLAD","items_purchased":["Bandage Up","Good Instincts","Body Slam","Deep Breath","Matryoshka"],"gold_per_floor":[16,16,16,16,29,29,52,86,109,132,132,153,63,78,78,197,197,221,117,138,156,180,180,221,221,221,221,241,276,276,300,300,428,428,448,47,71,71,85,125,149,0,24,24,62,77,77,120,120,120],"floor_reached":51,"campfire_rested":3,"playtime":2686,"current_hp_per_floor":[68,68,73,83,82,82,87,61,61,54,54,50,50,53,53,37,76,58,58,62,56,62,62,65,65,65,65,75,45,45,56,82,76,86,89,89,89,89,89,89,89,89,89,89,96,96,96,96,96,96],"items_purged":[],"gold":120,"score":1318,"play_id":"369ca941-30af-47af-bea1-c0956fffc711","local_time":"20180415091129","is_prod":false,"is_daily":false,"is_ascension_mode":true,"campfire_upgraded":6,"timestamp":1523776289,"path_taken":["M","?","?","?","M","R","M","E","T","M","R","M","$","M","R","BOSS","M","$","M","M","M","R","E","R","T","?","M","E","?","M","R","BOSS","M","$","M","?","M","E","M","?","T","R","E","M","R","E","R","BOSS"],"build_version":"2018-04-04","purchased_purges":0,"victory":true,"master_deck":["Pommel Strike+1","Cleave+1","Disarm+1","Armaments+1","Bandage Up+1","Demon Form+1","Good Instincts+1","Shrug It Off+1","Battle Trance+1","Shockwave+1","Body Slam+1","Deep Breath+1","Offering+1","Thunderclap+1"],"max_hp_per_floor":[80,74,79,89,89,89,89,89,89,89,89,89,89,89,89,89,89,89,89,89,89,89,89,89,89,89,89,89,89,89,89,89,89,89,89,89,89,89,89,89,89,89,89,89,96,96,96,96,96,96],"relics":["Burning Blood","Ginger","Golden Idol","Pear","Happy Flower","Lantern","Pandora\u0027s Box","Juzu Bracelet","Toxic Egg 2","War Paint","Molten Egg 2","Runic Dome","Matryoshka","Bottled Flame","Red Mask","Shuriken","Ancient Tea Set","Strawberry","Pantograph"],"card_choices":[{"not_picked":["Wild Strike","Havoc"],"picked":"Pommel Strike","floor":1.0},{"not_picked":["Wild Strike","Blood for Blood"],"picked":"Cleave","floor":5},{"not_picked":["Perfected Strike","Iron Wave"],"picked":"Disarm","floor":8},{"not_picked":["Pommel Strike","Headbutt"],"picked":"Armaments","floor":12},{"not_picked":["Brutality","Feed"],"picked":"Demon Form","floor":16},{"not_picked":["Havoc","True Grit"],"picked":"Shrug It Off","floor":21},{"not_picked":["Armaments","Sword Boomerang"],"picked":"Battle Trance","floor":22},{"not_picked":["Corruption","Sword Boomerang"],"picked":"Shockwave","floor":29},{"not_picked":["Seeing Red","Havoc"],"picked":"Offering","floor":40},{"not_picked":["Body Slam","Armaments"],"picked":"Thunderclap","floor":41}],"player_experience":94966,"potions_floor_usage":[16,18,18,29,29,50],"damage_taken":[{"damage":10.0,"enemies":"Small Slimes","floor":1.0,"turns":4.0},{"damage":7,"enemies":"Jaw Worm","floor":5,"turns":3},{"damage":1,"enemies":"Cultist","floor":7,"turns":3},{"damage":32,"enemies":"Gremlin Nob","floor":8,"turns":4},{"damage":13,"enemies":"Blue Slaver","floor":10,"turns":2},{"damage":10,"enemies":"3 Louse","floor":12,"turns":4},{"damage":7,"enemies":"Looter","floor":14,"turns":4},{"damage":41,"enemies":"Hexaghost","floor":16,"turns":14},{"damage":28,"enemies":"2 Thieves","floor":18,"turns":3},{"damage":8,"enemies":"3 Byrds","floor":20,"turns":4},{"damage":18,"enemies":"Centurion and Healer","floor":21,"turns":6},{"damage":6,"enemies":"Snake Plant","floor":22,"turns":6},{"damage":9,"enemies":"Gremlin Leader","floor":24,"turns":6},{"damage":2,"enemies":"3 Cultists","floor":28,"turns":4},{"damage":54,"enemies":"Slavers","floor":29,"turns":7},{"damage":1,"enemies":"Centurion and Healer","floor":31,"turns":5},{"damage":18,"enemies":"Collector","floor":33,"turns":6},{"damage":0,"enemies":"Orb Walker","floor":35,"turns":4},{"damage":5,"enemies":"3 Darklings","floor":37,"turns":3},{"damage":0,"enemies":"Maw","floor":39,"turns":4},{"damage":0,"enemies":"Giant Head","floor":40,"turns":5},{"damage":4,"enemies":"Flame Bruiser 2 Orb","floor":41,"turns":2},{"damage":4,"enemies":"Nemesis","floor":45,"turns":3},{"damage":4,"enemies":"3 Darklings","floor":46,"turns":2},{"damage":4,"enemies":"Giant Head","floor":48,"turns":3},{"damage":4,"enemies":"Time Eater","floor":50,"turns":6}],"event_choices":[{"event_name":"Golden Idol","player_choice":"Lose Max HP","floor":2.0,"damage_taken":0.0},{"event_name":"Big Fish","player_choice":"Donut","floor":3,"damage_taken":0},{"event_name":"The Mausoleum","player_choice":"Yes","floor":27,"damage_taken":0},{"event_name":"Back to Basics","player_choice":"Elegance","floor":30,"damage_taken":0},{"event_name":"Upgrade Shrine","player_choice":"Upgraded","floor":38,"damage_taken":0},{"event_name":"Tomb of Lord Red Mask","player_choice":"Paid","floor":42,"damage_taken":0}],"boss_relics":[{"not_picked":["Calling Bell","Ectoplasm"],"picked":"Pandora\u0027s Box"},{"not_picked":["White Beast Statue","Mark of Pain"],"picked":"Runic Dome"}],"potions_floor_spawned":[5,7,12,16,20,21,24,28,33,40,41,46,48],"seed_played":"-3806995452351029381","ascension_level":6,"is_trial":false}