{"path_per_floor":["M","M","?","M","?","R","E","R","T","M","$","E","M","M","R","B",null,"M","M"],"character_chosen":"IRONCLAD","items_purchased":[],"gold_per_floor":[111,124,124,137,87,87,114,114,114,129,54,89,104,121,121,226,226,239,259,259],"floor_reached":20,"campfire_rested":0,"playtime":1129,"current_hp_per_floor":[80,76,76,80,80,80,50,50,50,52,52,53,53,58,58,28,80,55,49,0],"items_purged":["Strike_R"],"gold":259,"score":231,"play_id":"d32fba89-1faf-42ae-8ff6-9eee1d4642ad","local_time":"20180407230200","is_prod":false,"is_daily":false,"is_ascension_mode":true,"campfire_upgraded":3,"timestamp":1523134920,"path_taken":["M","M","?","?","?","R","E","R","T","M","$","E","?","M","R","BOSS","M","M","M"],"build_version":"2018-04-04","purchased_purges":1,"victory":false,"master_deck":["Strike_R","Strike_R","Strike_R","Defend_R","Defend_R","Defend_R","Defend_R","Bash","Rampage+1","Body Slam+1","Body Slam","Armaments+1","Warcry","Body Slam","Body Slam+1"],"max_hp_per_floor":[80,80,80,80,80,80,80,80,80,80,80,80,80,80,80,80,80,80,80,80],"relics":["Burning Blood","Sundial","Gambling Chip","Ice Cream"],"card_choices":[{"not_picked":["Intimidate","True Grit"],"picked":"Rampage","floor":2.0},{"not_picked":["Intimidate","Iron Wave"],"picked":"Body Slam","floor":4.0},{"not_picked":["Clash","Inflame"],"picked":"Body Slam","floor":10.0},{"not_picked":["Rampage","Spot Weakness"],"picked":"Armaments","floor":13.0},{"not_picked":["Infernal Blade","Disarm"],"picked":"Warcry","floor":14.0},{"not_picked":["Shockwave","Thunderclap"],"picked":"Body Slam","floor":18},{"not_picked":["Flex","Iron Wave"],"picked":"Body Slam","floor":19}],"player_experience":70450,"potions_floor_usage":[],"damage_taken":[{"damage":3.0,"enemies":"Jaw Worm","floor":1.0,"turns":5.0},{"damage":10.0,"enemies":"Small Slimes","floor":2.0,"turns":4.0},{"damage":1.0,"enemies":"Cultist","floor":4.0,"turns":3.0},{"damage":36.0,"enemies":"Lagavulin","floor":7.0,"turns":8.0},{"damage":4.0,"enemies":"Exordium Wildlife","floor":10.0,"turns":4.0},{"damage":5.0,"enemies":"Gremlin Nob","floor":12.0,"turns":3.0},{"damage":6.0,"enemies":"Blue Slaver","floor":13.0,"turns":4.0},{"damage":1.0,"enemies":"Looter","floor":14.0,"turns":3.0},{"damage":36.0,"enemies":"The Guardian","floor":16.0,"turns":9.0},{"damage":31,"enemies":"Spheric Guardian","floor":18,"turns":6},{"damage":12,"enemies":"Chosen","floor":19,"turns":4},{"damage":53,"enemies":"Slaver and Parasite","floor":20,"turns":3}],"event_choices":[{"event_name":"Liars Game","player_choice":"disagreed","floor":3.0,"damage_taken":0.0},{"event_name":"The Cleric","player_choice":"Card Removal","floor":5.0,"damage_taken":0.0}],"boss_relics":[{"not_picked":["Runic Pyramid","Astrolabe","Ectoplasm"]}],"potions_floor_spawned":[1,12,13,16,18,19],"seed_played":"-8060758036012087689","killed_by":"Slaver and Parasite","ascension_level":2,"is_trial":false}