{"path_per_floor":["M","?","?","M","M","R","M","E","T","$","M","T","R","M","R","B",null,"M","$","?","?","M","R","$","R","T","R","E","M","R","M","R","B",null,"M","$","M","?","M","R","M","R","T","E","?","R","$","E","R","B"],"character_chosen":"IRONCLAD","items_purchased":["Limit Break","Flex"],"gold_per_floor":[118,118,118,136,153,153,172,200,200,43,53,76,76,87,87,189,189,208,85,85,85,52,52,52,52,52,52,86,99,99,118,118,218,218,238,113,133,133,151,151,166,166,220,255,255,255,105,135,135,135],"floor_reached":51,"campfire_rested":5,"playtime":2245,"current_hp_per_floor":[80,64,64,69,73,73,72,75,75,75,78,78,78,78,78,80,80,76,76,61,61,44,44,44,69,69,69,43,32,32,31,56,31,85,55,55,56,56,39,39,40,65,65,28,28,53,53,26,51,18],"items_purged":["Strike_R","Strike_R","Strike_R","Strike_R"],"gold":135,"score":873,"play_id":"ac9f2a40-85b8-4f63-a16b-b05154b49270","local_time":"20180408101950","is_prod":false,"is_daily":false,"is_ascension_mode":true,"campfire_upgraded":7,"timestamp":1523175590,"path_taken":["M","?","?","?","M","R","M","E","T","$","M","?","R","M","R","BOSS","M","$","?","?","M","R","?","R","T","R","E","M","R","M","R","BOSS","M","?","M","?","?","R","M","R","T","E","?","R","$","E","R","BOSS"],"build_version":"2018-04-04","purchased_purges":4,"victory":true,"master_deck":["Defend_R+1","Defend_R+1","Defend_R","Defend_R+1","Bash+1","Headbutt+1","Flex+1","True Grit+1","Limit Break+1","Rupture+1","Offering+1","Flex+1","Sword Boomerang+1","Brutality+1","Shrug It Off","Whirlwind+1","Spot Weakness","Heavy Blade+1","Trip","Headbutt+1"],"max_hp_per_floor":[80,80,80,80,80,80,80,80,80,80,80,80,80,80,80,80,80,80,80,85,85,85,85,85,85,85,85,85,85,85,85,85,85,85,85,85,85,85,85,85,85,85,85,85,85,85,85,85,85,85],"relics":["Burning Blood","War Paint","Self Forming Clay","Dodecahedron","Vajra","Black Star","Dream Catcher","Molten Egg 2","Ornamental Fan","Sozu","Bag of Marbles","Prayer Wheel","Whetstone","Frozen Egg 2","Mercury Hourglass"],"card_choices":[{"not_picked":["Iron Wave","Blood for Blood"],"picked":"Headbutt","floor":1.0},{"not_picked":["Wild Strike","Shrug It Off"],"picked":"Flex","floor":5.0},{"not_picked":["Clothesline","Headbutt"],"picked":"True Grit","floor":7.0},{"not_picked":["Twin Strike","Barricade"],"picked":"Rupture","floor":11.0},{"not_picked":["Barricade","Demon Form"],"picked":"Offering","floor":16.0},{"not_picked":["True Grit","Twin Strike"],"picked":"Sword Boomerang","floor":22.0},{"not_picked":["Burning Pact","Dual Wield"],"picked":"Brutality","floor":28},{"not_picked":["Dual Wield","Armaments"],"picked":"Shrug It Off","floor":29},{"not_picked":["Battle Trance","Pommel Strike"],"picked":"Whirlwind","floor":35},{"not_picked":["Sever Soul","Armaments"],"picked":"Heavy Blade","floor":39},{"not_picked":["Panacea","Purity"],"picked":"Trip","floor":45},{"not_picked":["Heavy Blade","Flex"],"picked":"Headbutt","floor":48}],"player_experience":71579,"potions_floor_usage":[28,39,50],"damage_taken":[{"damage":2.0,"enemies":"Small Slimes","floor":1.0,"turns":4.0},{"damage":1.0,"enemies":"2 Louse","floor":4.0,"turns":3.0},{"damage":2.0,"enemies":"Jaw Worm","floor":5.0,"turns":4.0},{"damage":7.0,"enemies":"Exordium Wildlife","floor":7.0,"turns":4.0},{"damage":3.0,"enemies":"3 Sentries","floor":8.0,"turns":11.0},{"damage":3.0,"enemies":"Looter","floor":11.0,"turns":2.0},{"damage":6.0,"enemies":"Red Slaver","floor":14.0,"turns":2.0},{"damage":0.0,"enemies":"The Guardian","floor":16.0,"turns":8.0},{"damage":10.0,"enemies":"Shell Parasite","floor":18.0,"turns":4.0},{"damage":23.0,"enemies":"2 Thieves","floor":22.0,"turns":5.0},{"damage":32,"enemies":"Gremlin Leader","floor":28,"turns":4},{"damage":17,"enemies":"Chosen and Byrds","floor":29,"turns":4},{"damage":7,"enemies":"Cultist and Chosen","floor":31,"turns":4},{"damage":31,"enemies":"Automaton","floor":33,"turns":5},{"damage":36,"enemies":"3 Darklings","floor":35,"turns":3},{"damage":5,"enemies":"Orb Walker","floor":37,"turns":2},{"damage":23,"enemies":"Flame Bruiser 2 Orb","floor":39,"turns":4},{"damage":5,"enemies":"Spire Growth","floor":41,"turns":2},{"damage":43,"enemies":"Nemesis","floor":44,"turns":5},{"damage":33,"enemies":"2 Orb Walkers","floor":48,"turns":3},{"damage":39,"enemies":"Time Eater","floor":50,"turns":5}],"event_choices":[{"event_name":"Shining Light","player_choice":"Entered Light","floor":2.0,"damage_taken":0.0},{"event_name":"Liars Game","player_choice":"disagreed","floor":3.0,"damage_taken":0.0},{"event_name":"Forgotten Altar","player_choice":"Shed Blood","floor":20.0,"damage_taken":0.0},{"event_name":"Drug Dealer","player_choice":"Ignored","floor":21.0,"damage_taken":0.0},{"event_name":"Transmorgrifier","player_choice":"Transform","floor":38,"damage_taken":0},{"event_name":"SensoryStone","player_choice":"Memory 1","floor":45,"damage_taken":0}],"boss_relics":[{"not_picked":["White Beast Statue","Pandora\u0027s Box"],"picked":"Sozu"}],"potions_floor_spawned":[4,5,22,33,35,37],"seed_played":"-2683409621594684792","ascension_level":2,"is_trial":false}