{"path_per_floor":["M","?","$","M","?","R","M","R","T","R","?","$","R","E","R","B",null,"M","?","?","$","M","R","E","R","T","R","?","M","M","M","R"],"character_chosen":"IRONCLAD","items_purchased":["Whirlwind"],"gold_per_floor":[111,111,29,46,121,121,137,137,137,137,137,62,62,92,92,188,188,200,200,200,100,110,110,145,145,145,145,145,156,175,194,194,194],"floor_reached":33,"campfire_rested":3,"playtime":852,"current_hp_per_floor":[78,62,62,68,57,57,63,63,63,63,80,80,80,59,59,51,73,41,25,25,25,26,65,27,66,66,66,66,55,47,39,78,0],"items_purged":["Strike_R","Strike_R"],"gold":194,"score":378,"play_id":"33e3c6a6-98ef-42ee-a052-7b1a0f1046ce","local_time":"20180419214624","is_prod":false,"is_daily":false,"chose_seed":false,"is_ascension_mode":true,"campfire_upgraded":6,"timestamp":1524167184,"path_taken":["M","?","$","?","?","R","?","R","T","R","?","?","R","E","R","BOSS","M","?","?","$","M","R","E","R","T","R","?","M","M","?","R","BOSS"],"build_version":"2018-04-12","seed_source_timestamp":0,"purchased_purges":2,"victory":false,"master_deck":["Strike_R+1","Defend_R+1","Defend_R","Defend_R","Defend_R+1","Bash+1","Body Slam+1","Whirlwind+1","Demon Form+1","Shrug It Off+1","Body Slam+1","Warcry+1"],"max_hp_per_floor":[80,80,80,80,80,80,80,80,80,80,80,80,80,80,80,80,80,80,80,80,80,80,80,80,80,80,80,80,80,80,80,80,80],"relics":["Burning Blood","NeowsBlessing","Meat on the Bone","Regal Pillow","Mark of Pain","Enchiridion","Mercury Hourglass","Blue Candle"],"card_choices":[{"not_picked":["Armaments","Hemokinesis"],"picked":"Body Slam","floor":1.0},{"not_picked":["Reckless Charge","Shrug It Off"],"picked":"Demon Form","floor":4.0},{"not_picked":["Wild Strike","Perfected Strike"],"picked":"Shrug It Off","floor":14.0},{"not_picked":["Warcry","Dropkick"],"picked":"Body Slam","floor":18.0},{"not_picked":["Flex","Body Slam"],"picked":"Warcry","floor":30.0}],"player_experience":118429,"potions_floor_usage":[33,33],"damage_taken":[{"damage":0.0,"enemies":"2 Louse","floor":1.0,"turns":1.0},{"damage":0.0,"enemies":"Small Slimes","floor":4.0,"turns":1.0},{"damage":0.0,"enemies":"Cultist","floor":7.0,"turns":1.0},{"damage":27.0,"enemies":"Gremlin Nob","floor":14.0,"turns":4.0},{"damage":29.0,"enemies":"Slime Boss","floor":16.0,"turns":10.0},{"damage":50.0,"enemies":"2 Thieves","floor":18.0,"turns":5.0},{"damage":17.0,"enemies":"Shell Parasite","floor":22.0,"turns":5.0},{"damage":56.0,"enemies":"Slavers","floor":24.0,"turns":4.0},{"damage":17.0,"enemies":"Centurion and Healer","floor":29.0,"turns":5.0},{"damage":14.0,"enemies":"Snecko","floor":30.0,"turns":5.0},{"damage":26.0,"enemies":"Snake Plant","floor":31.0,"turns":3.0},{"damage":86,"enemies":"Champ","floor":33,"turns":7}],"event_choices":[{"event_name":"Shining Light","player_choice":"Entered Light","floor":2.0,"damage_taken":0.0},{"event_name":"World of Goop","player_choice":"Gather Gold","floor":5.0,"damage_taken":0.0},{"event_name":"Big Fish","player_choice":"Banana","floor":11.0,"damage_taken":0.0},{"event_name":"Cursed Tome","player_choice":"Obtained Book","floor":19.0,"damage_taken":0.0},{"event_name":"Back to Basics","player_choice":"Elegance","floor":20.0,"damage_taken":0.0},{"event_name":"Wheel of Change","player_choice":"Card Removal","floor":28.0,"damage_taken":0.0}],"boss_relics":[],"potions_floor_spawned":[7,14,18,24,31],"seed_played":"-4554797946307290974","killed_by":"Champ","ascension_level":9,"is_trial":false}