{"path_per_floor":["M","?","?","M","?","R","$","R","T","E","M","M","R","M","R","B",null],"character_chosen":"IRONCLAD","items_purchased":["Finesse","True Grit"],"gold_per_floor":[211,211,286,298,298,298,84,84,84,114,133,146,146,158,158,261,261,231],"floor_reached":18,"campfire_rested":2,"playtime":551,"current_hp_per_floor":[71,55,44,48,48,72,72,72,72,46,52,55,55,38,62,29,67,52],"items_purged":["Strike_R"],"gold":231,"score":232,"play_id":"2cd3a869-f299-4714-95b0-d4a62561153d","local_time":"20180419212850","is_prod":false,"is_daily":false,"chose_seed":false,"is_ascension_mode":true,"campfire_upgraded":2,"timestamp":1524166130,"path_taken":["M","?","?","?","?","R","$","R","T","E","M","M","R","M","R","BOSS","M"],"build_version":"2018-04-12","seed_source_timestamp":344041935825223,"purchased_purges":1,"victory":false,"master_deck":["Strike_R","Strike_R","Strike_R","Strike_R","Defend_R","Defend_R","Defend_R","Defend_R+1","Bash+1","Pommel Strike+1","Finesse","True Grit+1","Iron Wave","Armaments+1","Offering"],"max_hp_per_floor":[80,80,80,80,80,80,80,80,80,80,80,80,80,80,80,80,80,80],"relics":["Burning Blood","Bottled Lightning","Unceasing Top","Philosopher\u0027s Stone"],"card_choices":[{"not_picked":["Ghostly Armor","Warcry"],"picked":"Pommel Strike","floor":1},{"not_picked":["Sword Boomerang","Warcry"],"picked":"Iron Wave","floor":11},{"not_picked":["Sentinel","Dark Embrace"],"picked":"Armaments","floor":12},{"not_picked":["Dark Embrace","Exhume"],"picked":"Offering","floor":16}],"player_experience":117878,"potions_floor_usage":[16,16,16],"damage_taken":[{"damage":7,"enemies":"Small Slimes","floor":1,"turns":5},{"damage":2,"enemies":"Jaw Worm","floor":4,"turns":4},{"damage":32,"enemies":"Gremlin Nob","floor":10,"turns":4},{"damage":0,"enemies":"2 Louse","floor":11,"turns":3},{"damage":3,"enemies":"Red Slaver","floor":12,"turns":3},{"damage":23,"enemies":"Gremlin Gang","floor":14,"turns":5},{"damage":39,"enemies":"The Guardian","floor":16,"turns":12},{"damage":15,"enemies":"2 Thieves","floor":18,"turns":2}],"event_choices":[{"event_name":"Shining Light","player_choice":"Entered Light","floor":2,"damage_taken":0},{"event_name":"World of Goop","player_choice":"Gather Gold","floor":3,"damage_taken":0},{"event_name":"Upgrade Shrine","player_choice":"Upgraded","floor":5,"damage_taken":0}],"boss_relics":[{"not_picked":["Runic Cube","Runic Pyramid"],"picked":"Philosopher\u0027s Stone"}],"potions_floor_spawned":[1,12,14],"seed_played":"6187515750859018283","killed_by":"2 Thieves","ascension_level":9,"is_trial":false}