{"path_per_floor":["M","?","M","M","T","R","M","E","T","?","R","M","R","M","R","B",null,"M","?","M","M","M","R","M","E","T","$","M","?","R","E","R","B",null,"M","$","M","?","?","R","M","E","T","?","M","R","M","$","R","B"],"character_chosen":"IRONCLAD","items_purchased":["Centennial Puzzle","Secret Technique"],"gold_per_floor":[211,211,221,231,301,301,313,343,343,343,343,362,362,382,382,480,480,494,494,506,522,536,536,547,582,582,507,525,525,525,559,559,658,658,675,328,342,342,342,342,354,385,385,385,402,402,420,108,108,108],"floor_reached":51,"campfire_rested":1,"playtime":3239,"current_hp_per_floor":[80,64,70,73,73,73,71,53,53,53,53,59,59,65,65,71,80,80,80,80,63,68,72,77,27,27,27,33,33,37,43,71,71,80,69,69,75,65,65,69,75,53,53,53,59,63,69,69,73,75],"items_purged":["Strike_R","Strike_R","Defend_R"],"gold":108,"score":794,"play_id":"a5c83d52-8393-41a1-bab8-0cd5be34ed0b","local_time":"20180402213448","is_prod":false,"is_daily":false,"is_ascension_mode":false,"campfire_upgraded":9,"timestamp":1522697688,"path_taken":["M","?","M","?","?","R","M","E","T","?","R","M","R","M","R","BOSS","M","?","M","M","?","R","M","E","T","$","M","?","R","E","R","BOSS","M","$","M","?","?","R","M","E","T","?","M","R","M","$","R","BOSS"],"build_version":"2018-03-29","purchased_purges":3,"victory":true,"master_deck":["Strike_R+1","Defend_R+1","Defend_R+1","Defend_R","Bash+1","Searing Blow+10","True Grit+1","Battle Trance+1","Double Tap+1","Madness+1","Madness+1","Thinking Ahead+1","Secret Technique+1"],"max_hp_per_floor":[80,80,80,80,80,80,80,80,80,80,80,80,80,80,80,80,80,80,80,80,80,80,80,80,80,80,80,80,80,80,80,80,80,80,80,80,80,80,80,80,80,80,80,80,80,80,80,80,80,80],"relics":["Burning Blood","Toxic Egg 2","Thread and Needle","Ice Cream","Eternal Feather","Matryoshka","Bag of Preparation","Unceasing Top","Toolbox","Sozu","Centennial Puzzle","Charon\u0027s Ashes","Whetstone","Sundial"],"card_choices":[{"not_picked":["Iron Wave","Perfected Strike"],"picked":"Searing Blow","floor":1},{"not_picked":["Bludgeon","Warcry"],"picked":"True Grit","floor":8},{"not_picked":["Shrug It Off","Clothesline"],"picked":"Battle Trance","floor":18},{"not_picked":["Inflame","Feel No Pain"],"picked":"Double Tap","floor":25},{"not_picked":["Transmutation","Bandage Up"],"picked":"Thinking Ahead","floor":44}],"player_experience":12750,"potions_floor_usage":[8,12,16,16,21,25,25,33,33,50],"damage_taken":[{"damage":0,"enemies":"2 Louse","floor":1,"turns":4},{"damage":0,"enemies":"Small Slimes","floor":3,"turns":3},{"damage":3,"enemies":"Jaw Worm","floor":4,"turns":3},{"damage":8,"enemies":"Exordium Thugs","floor":7,"turns":5},{"damage":24,"enemies":"Lagavulin","floor":8,"turns":6},{"damage":0,"enemies":"3 Louse","floor":12,"turns":3},{"damage":0,"enemies":"2 Fungi Beasts","floor":14,"turns":3},{"damage":0,"enemies":"Slime Boss","floor":16,"turns":8},{"damage":0,"enemies":"Shell Parasite","floor":18,"turns":5},{"damage":5,"enemies":"3 Byrds","floor":20,"turns":7},{"damage":23,"enemies":"Centurion and Healer","floor":21,"turns":4},{"damage":1,"enemies":"3 Cultists","floor":22,"turns":6},{"damage":1,"enemies":"Snake Plant","floor":24,"turns":3},{"damage":56,"enemies":"Gremlin Leader","floor":25,"turns":6},{"damage":0,"enemies":"Centurion and Healer","floor":28,"turns":4},{"damage":0,"enemies":"Slavers","floor":31,"turns":5},{"damage":6,"enemies":"Champ","floor":33,"turns":6},{"damage":17,"enemies":"3 Shapes","floor":35,"turns":4},{"damage":0,"enemies":"Orb Walker","floor":37,"turns":1},{"damage":0,"enemies":"3 Darklings","floor":41,"turns":3},{"damage":28,"enemies":"Nemesis","floor":42,"turns":3},{"damage":0,"enemies":"Maw","floor":45,"turns":3},{"damage":0,"enemies":"Sphere and 2 Shapes","floor":47,"turns":2},{"damage":4,"enemies":"Time Eater","floor":50,"turns":3}],"event_choices":[{"event_name":"Shining Light","player_choice":"Entered Light","floor":2,"damage_taken":0},{"event_name":"The Lab","player_choice":"Got Potions","floor":10,"damage_taken":0},{"event_name":"Upgrade Shrine","player_choice":"Upgraded","floor":19,"damage_taken":0},{"event_name":"Bonfire Elementals","player_choice":"BASIC","floor":29,"damage_taken":0},{"event_name":"Winding Halls","player_choice":"Embrace Madness","floor":38,"damage_taken":0},{"event_name":"Purifier","player_choice":"One Purge","floor":39,"damage_taken":0},{"event_name":"SensoryStone","player_choice":"Memory 1","floor":44,"damage_taken":0}],"boss_relics":[{"not_picked":["Tiny House","Philosopher\u0027s Stone"],"picked":"Eternal Feather"},{"not_picked":["Black Star","Mark of Pain"],"picked":"Sozu"}],"potions_floor_spawned":[3,12,14,16,20,24,28,31,35,42,47],"seed_played":"4210248331552836141","ascension_level":0,"is_trial":false}