{"path_per_floor":["M","M","M","$","?","R","E","R","T","M","E","M","M","?","R","B",null,"M","?","$","M","M","R","?","R","T","$","M","E","M","M","R","B",null,"M","M","?","$","M","E","R","M","T","R","$","M","R","M","R","B"],"character_chosen":"IRONCLAD","items_purchased":["Shovel"],"gold_per_floor":[368,384,401,29,29,29,60,60,60,70,96,116,134,134,134,232,232,242,242,142,155,165,165,165,165,165,40,52,85,102,121,121,219,219,230,241,241,91,109,141,141,159,159,159,159,173,173,183,183,183],"floor_reached":51,"campfire_rested":0,"playtime":6637,"current_hp_per_floor":[66,67,72,72,58,58,44,44,58,64,46,45,51,44,44,41,86,83,83,83,80,78,78,61,61,61,61,63,52,54,44,44,25,91,91,91,91,91,91,91,91,91,91,91,91,91,91,91,91,56],"items_purged":["Strike_R","Strike_R","Strike_R","Strike_R"],"gold":183,"score":711,"play_id":"9443900c-6109-4bc5-9099-ec082a1a5061","local_time":"20180403183236","is_prod":false,"is_daily":false,"is_ascension_mode":false,"campfire_upgraded":4,"timestamp":1522773156,"path_taken":["M","M","M","$","?","R","E","R","T","?","E","M","M","?","R","BOSS","M","?","$","M","M","R","?","R","T","$","M","E","M","M","R","BOSS","M","M","?","$","M","E","R","M","T","R","$","M","R","M","R","BOSS"],"build_version":"2018-03-29","purchased_purges":4,"victory":true,"master_deck":["Strike_R","Defend_R","Defend_R+1","Defend_R+1","Defend_R+1","Bash","Inflame","Body Slam+1","Body Slam+1","Shockwave+1","Entrench+1","Cleave","Offering","True Grit+1","Shrug It Off","Battle Trance+1","Offering","True Grit+1","Deep Breath"],"max_hp_per_floor":[72,72,72,72,72,72,72,72,86,86,86,86,86,86,86,86,86,86,86,86,86,86,86,91,91,91,91,91,91,91,91,91,91,91,91,91,91,91,91,91,91,91,91,91,91,91,91,91,91,91],"relics":["Burning Blood","Shovel","War Paint","Regal Pillow","Mango","Pantograph","Orichalcum","Gambling Chip","Ancient Tea Set","Magic Flower","Cursed Key","Question Card","Mummified Hand","Omamori","Kunai","Torii"],"card_choices":[{"not_picked":["Warcry","Iron Wave"],"picked":"Inflame","floor":1.0},{"not_picked":["Perfected Strike","Burning Pact"],"picked":"Body Slam","floor":2.0},{"not_picked":["Warcry","Dark Embrace"],"picked":"Body Slam","floor":3.0},{"not_picked":["Sword Boomerang","Dual Wield"],"picked":"Shockwave","floor":10.0},{"not_picked":["Clothesline","Intimidate"],"picked":"Entrench","floor":11.0},{"not_picked":["Iron Wave","Infernal Blade"],"picked":"Cleave","floor":12.0},{"not_picked":["Exhume","Berserk"],"picked":"Offering","floor":16.0},{"not_picked":["Feel No Pain","Thunderclap"],"picked":"True Grit","floor":18.0},{"not_picked":["Hemokinesis","Pommel Strike"],"picked":"Shrug It Off","floor":21.0},{"not_picked":["Clothesline","Fire Breathing"],"picked":"Battle Trance","floor":28.0},{"not_picked":["Immolate","Fiend Fire"],"picked":"Offering","floor":33.0},{"not_picked":["Hemokinesis","Pommel Strike"],"picked":"True Grit","floor":35.0},{"not_picked":["Enlightenment","Madness"],"picked":"Deep Breath","floor":37.0}],"player_experience":29643,"potions_floor_usage":[50,50,50],"damage_taken":[{"damage":12.0,"enemies":"Small Slimes","floor":1.0,"turns":4.0},{"damage":5.0,"enemies":"Jaw Worm","floor":2.0,"turns":4.0},{"damage":1.0,"enemies":"Cultist","floor":3.0,"turns":3.0},{"damage":20.0,"enemies":"Gremlin Nob","floor":7.0,"turns":4.0},{"damage":0.0,"enemies":"Blue Slaver","floor":10.0,"turns":3.0},{"damage":24.0,"enemies":"3 Sentries","floor":11.0,"turns":8.0},{"damage":7.0,"enemies":"Exordium Wildlife","floor":12.0,"turns":4.0},{"damage":0.0,"enemies":"Gremlin Gang","floor":13.0,"turns":3.0},{"damage":34.0,"enemies":"The Guardian","floor":16.0,"turns":12.0},{"damage":9.0,"enemies":"2 Thieves","floor":18.0,"turns":4.0},{"damage":9.0,"enemies":"Chosen","floor":21.0,"turns":5.0},{"damage":8.0,"enemies":"Centurion and Healer","floor":22.0,"turns":4.0},{"damage":4.0,"enemies":"Snake Plant","floor":28.0,"turns":5.0},{"damage":17.0,"enemies":"Slavers","floor":29.0,"turns":7.0},{"damage":4.0,"enemies":"Cultist and Chosen","floor":30.0,"turns":7.0},{"damage":16.0,"enemies":"Slaver and Parasite","floor":31.0,"turns":7.0},{"damage":66.0,"enemies":"Champ","floor":33.0,"turns":9.0},{"damage":8.0,"enemies":"3 Darklings","floor":35.0,"turns":2.0},{"damage":8.0,"enemies":"3 Shapes","floor":36.0,"turns":3.0},{"damage":8.0,"enemies":"Maw","floor":39.0,"turns":5.0},{"damage":8.0,"enemies":"Nemesis","floor":40.0,"turns":1.0},{"damage":4.0,"enemies":"Sphere and 2 Shapes","floor":42.0,"turns":3.0},{"damage":4,"enemies":"4 Shapes","floor":46,"turns":4},{"damage":8,"enemies":"Maw","floor":48,"turns":5},{"damage":44,"enemies":"Time Eater","floor":50,"turns":15}],"event_choices":[{"event_name":"Shining Light","player_choice":"Entered Light","floor":5.0,"damage_taken":0.0},{"event_name":"Scrap Ooze","player_choice":"success","floor":14.0,"damage_taken":7.0},{"event_name":"The Library","player_choice":"Read","floor":19.0,"damage_taken":0.0},{"event_name":"Forgotten Altar","player_choice":"Shed Blood","floor":24.0,"damage_taken":0.0},{"event_name":"SensoryStone","player_choice":"Memory 1","floor":37.0,"damage_taken":0.0}],"boss_relics":[],"potions_floor_spawned":[7,10,12,13,18,21,30,31,33,39,40,46],"seed_played":"8469531639128118791","ascension_level":0,"is_trial":false}