{"path_per_floor":["M","?","$","?","M","R","E","M","T","R","M","M","?","$","R","B",null,"M","$","M","?","M","E","R","M","T","T","M","R","E","$","R","B",null,"M","?","?","$","M","R","?","M","T","M","R","M","M","T","R","B"],"character_chosen":"IRONCLAD","items_purchased":["Deep Breath"],"gold_per_floor":[114,114,39,39,58,58,83,93,93,93,104,120,120,20,20,123,123,142,17,32,32,52,79,79,90,90,90,110,110,145,145,145,247,247,265,265,265,14,26,26,26,39,39,57,57,76,89,89,89,89],"floor_reached":51,"campfire_rested":1,"playtime":3035,"current_hp_per_floor":[79,72,72,56,57,57,43,48,48,48,54,60,60,60,60,62,80,80,80,80,80,80,55,55,41,41,41,45,69,65,65,65,54,80,80,80,80,80,80,80,80,76,76,78,78,71,73,73,73,55],"items_purged":["Strike_R","Decay","Strike_R","Defend_R"],"gold":89,"score":737,"play_id":"582b09cc-1306-4d05-9ed4-cbe5a6d14c68","local_time":"20180403163337","is_prod":false,"is_daily":false,"is_ascension_mode":false,"campfire_upgraded":8,"timestamp":1522766017,"path_taken":["M","?","$","?","M","R","E","M","T","R","?","?","?","?","R","BOSS","M","$","M","?","?","E","R","?","T","?","?","R","E","$","R","BOSS","M","?","?","$","?","R","?","?","T","M","R","?","M","?","R","BOSS"],"build_version":"2018-03-29","purchased_purges":4,"victory":true,"master_deck":["Defend_R+1","Defend_R+1","Defend_R+1","Bash+1","Rampage+1","Body Slam+1","Offering+1","Demon Form+1","Whirlwind+1","Deep Breath+1","Master of Strategy+1","Shrug It Off+1","Body Slam+1"],"max_hp_per_floor":[80,80,80,80,80,80,80,80,80,80,80,80,80,80,80,80,80,80,80,80,80,80,80,80,80,80,80,80,80,80,80,80,80,80,80,80,80,80,80,80,80,80,80,80,80,80,80,80,80,80],"relics":["Burning Blood","Ornamental Fan","Thread and Needle","Cursed Key","Darkstone Periapt","Champion Belt"],"card_choices":[{"not_picked":["Iron Wave","Reckless Charge"],"picked":"Rampage","floor":5},{"not_picked":["Shrug It Off","Clash"],"picked":"Body Slam","floor":8},{"not_picked":["Shrug It Off","Perfected Strike"],"picked":"Offering","floor":12},{"not_picked":["Bludgeon","Brutality"],"picked":"Demon Form","floor":16},{"not_picked":["Metallicize","Body Slam"],"picked":"Whirlwind","floor":18},{"not_picked":["Berserk","Immolate"],"picked":"Double Tap","floor":33},{"not_picked":["Demon Form","Sadistic Nature"],"picked":"Master of Strategy","floor":41},{"not_picked":["Sword Boomerang","Body Slam"],"picked":"Shrug It Off","floor":44},{"not_picked":["Burning Pact","Anger"],"picked":"Body Slam","floor":46}],"player_experience":26608,"potions_floor_usage":[16,16,23,28,30,35,50,50,50],"damage_taken":[{"damage":7,"enemies":"Small Slimes","floor":1,"turns":4},{"damage":5,"enemies":"Jaw Worm","floor":5,"turns":4},{"damage":20,"enemies":"Gremlin Nob","floor":7,"turns":4},{"damage":1,"enemies":"2 Louse","floor":8,"turns":3},{"damage":0,"enemies":"2 Fungi Beasts","floor":11,"turns":4},{"damage":0,"enemies":"Red Slaver","floor":12,"turns":3},{"damage":4,"enemies":"Slime Boss","floor":16,"turns":6},{"damage":3,"enemies":"Spheric Guardian","floor":18,"turns":4},{"damage":4,"enemies":"3 Byrds","floor":20,"turns":2},{"damage":4,"enemies":"3 Cultists","floor":22,"turns":3},{"damage":31,"enemies":"Slavers","floor":23,"turns":2},{"damage":20,"enemies":"Snake Plant","floor":25,"turns":3},{"damage":11,"enemies":"Slaver and Parasite","floor":28,"turns":4},{"damage":10,"enemies":"Book of Stabbing","floor":30,"turns":5},{"damage":17,"enemies":"Collector","floor":33,"turns":5},{"damage":4,"enemies":"Orb Walker","floor":35,"turns":1},{"damage":4,"enemies":"3 Darklings","floor":39,"turns":2},{"damage":10,"enemies":"Sphere and 2 Shapes","floor":42,"turns":3},{"damage":4,"enemies":"Maw","floor":44,"turns":6},{"damage":13,"enemies":"4 Shapes","floor":46,"turns":2},{"damage":4,"enemies":"Sphere and 2 Shapes","floor":47,"turns":3},{"damage":39,"enemies":"Donu and Deca","floor":50,"turns":8}],"event_choices":[{"event_name":"Golden Wing","player_choice":"Card Removal","floor":2,"damage_taken":0},{"event_name":"Shining Light","player_choice":"Entered Light","floor":4,"damage_taken":0},{"event_name":"Wheel of Change","player_choice":"Curse","floor":13,"damage_taken":0},{"event_name":"Back to Basics","player_choice":"Elegance","floor":21,"damage_taken":0},{"event_name":"Tomb of Lord Red Mask","player_choice":"Ignored","floor":36,"damage_taken":0},{"event_name":"SensoryStone","player_choice":"Memory 1","floor":41,"damage_taken":0}],"boss_relics":[{"not_picked":["Lizard Tail","White Beast Statue"],"picked":"Cursed Key"},{"not_picked":["Runic Pyramid","Philosopher\u0027s Stone","Snecko Eye"]}],"potions_floor_spawned":[1,12,18,22,28,30,33,42,46],"seed_played":"-1545594725487623313","ascension_level":0,"is_trial":false}