{"path_per_floor":["M","?","?","T","M","R","M","R","T","M","E","$","R","?","R","B",null,"M","$","?","M","T","R","E","?","T","R","M","R","?","M","R"],"character_chosen":"IRONCLAD","items_purchased":["Bandage Up","War Paint","Flex"],"gold_per_floor":[215,215,290,290,309,309,329,329,383,396,421,90,90,90,90,195,195,209,56,56,71,71,71,104,19,42,42,62,62,62,76,76,76],"floor_reached":33,"campfire_rested":1,"playtime":1059,"current_hp_per_floor":[79,79,68,68,68,68,72,72,72,71,59,59,59,80,80,37,80,77,77,77,74,74,74,32,32,32,32,20,44,44,54,54,0],"items_purged":["Strike_R","Strike_R"],"gold":76,"score":313,"play_id":"33f2bbf6-c6df-49a5-bf61-23e59d98904a","local_time":"20180413214320","is_prod":false,"is_daily":false,"is_ascension_mode":true,"campfire_upgraded":4,"timestamp":1523648600,"path_taken":["M","?","?","?","M","R","M","R","T","M","E","$","R","?","R","BOSS","M","$","?","M","?","R","E","?","T","R","M","R","?","M","R","BOSS"],"build_version":"2018-04-04","purchased_purges":2,"victory":false,"master_deck":["Strike_R","Strike_R","Defend_R+1","Defend_R","Defend_R+1","Defend_R","Bash","Cleave","Spot Weakness","Whirlwind+1","Bandage Up+1","Flex+1","True Grit+1","Headbutt","Body Slam+1"],"max_hp_per_floor":[80,80,80,80,80,80,80,80,80,80,80,80,80,80,80,80,80,80,80,80,80,80,80,80,80,80,80,80,80,80,80,80,80],"relics":["Burning Blood","Girya","Vajra","Unceasing Top","War Paint","Sozu","Dead Branch","Pen Nib","Dream Catcher","Orichalcum"],"card_choices":[{"not_picked":["Disarm","Twin Strike"],"picked":"Cleave","floor":5},{"not_picked":["Warcry","Wild Strike"],"picked":"Spot Weakness","floor":7},{"not_picked":["Dropkick","Demon Form"],"picked":"Whirlwind","floor":10},{"not_picked":["Bloodletting","Perfected Strike"],"picked":"True Grit","floor":21},{"not_picked":["Heavy Blade","Clothesline"],"picked":"Headbutt","floor":24},{"not_picked":["Bludgeon","Iron Wave"],"picked":"Body Slam","floor":28}],"player_experience":86176,"potions_floor_usage":[16],"damage_taken":[{"damage":7,"enemies":"Small Slimes","floor":1,"turns":4},{"damage":6,"enemies":"Cultist","floor":5,"turns":4},{"damage":2,"enemies":"Jaw Worm","floor":7,"turns":4},{"damage":7,"enemies":"2 Fungi Beasts","floor":10,"turns":4},{"damage":18,"enemies":"3 Sentries","floor":11,"turns":3},{"damage":53,"enemies":"Hexaghost","floor":16,"turns":8},{"damage":13,"enemies":"Spheric Guardian","floor":18,"turns":4},{"damage":12,"enemies":"Shell Parasite","floor":21,"turns":3},{"damage":52,"enemies":"Book of Stabbing","floor":24,"turns":5},{"damage":18,"enemies":"Snake Plant","floor":28,"turns":2},{"damage":0,"enemies":"Chosen and Byrds","floor":31,"turns":3},{"damage":66,"enemies":"Champ","floor":33,"turns":7}],"event_choices":[{"event_name":"Living Wall","player_choice":"Forget","floor":2,"damage_taken":0},{"event_name":"World of Goop","player_choice":"Gather Gold","floor":3,"damage_taken":0},{"event_name":"Big Fish","player_choice":"Banana","floor":14,"damage_taken":0},{"event_name":"The Lab","player_choice":"Got Potions","floor":20,"damage_taken":0},{"event_name":"Addict","player_choice":"Obtained Relic","floor":25,"damage_taken":0},{"event_name":"Drug Dealer","player_choice":"Ignored","floor":30,"damage_taken":0}],"boss_relics":[{"not_picked":["Calling Bell","White Beast Statue"],"picked":"Sozu"}],"potions_floor_spawned":[10,28],"seed_played":"-8059221803990384957","killed_by":"Champ","ascension_level":4,"is_trial":false}