{"path_per_floor":["M","M","M","M","M","R","$","E","T","?","R","?","E","$","R","B",null,"M","?","$","M","M","R","E","?","T","R","?","R","E","M","R","B",null,"M","$","?","?","M","R","M"],"character_chosen":"IRONCLAD","items_purchased":["Cleave","Whirlwind","Inflame"],"gold_per_floor":[115,133,143,157,171,171,96,125,171,171,171,201,230,130,130,228,228,239,265,91,104,122,122,148,73,100,100,100,100,159,172,172,277,277,294,142,142,142,159,159,172,172],"floor_reached":42,"campfire_rested":2,"playtime":2227,"current_hp_per_floor":[68,64,70,47,52,52,52,15,15,15,36,36,30,30,30,18,72,67,69,69,72,72,72,42,42,42,42,42,42,40,46,67,21,72,72,72,72,72,72,72,36,0],"items_purged":["Defend_R","Strike_R","Strike_R"],"gold":172,"score":511,"play_id":"b06425bf-ca75-4039-8246-1062f051862c","local_time":"20180408192106","is_prod":false,"is_daily":false,"is_ascension_mode":true,"campfire_upgraded":3,"timestamp":1523208066,"path_taken":["M","M","?","M","M","R","?","E","T","?","R","?","E","$","R","BOSS","M","?","$","M","M","R","E","?","T","R","?","R","E","M","R","BOSS","M","$","?","?","M","R","M","E"],"build_version":"2018-04-04","purchased_purges":3,"victory":false,"master_deck":["Strike_R+1","True Grit+1","Iron Wave+1","Shockwave","Battle Trance","Pommel Strike+1","Shrug It Off","Cleave","Fiend Fire+1","Warcry+1","Twin Strike+1","Shrug It Off+1","Whirlwind+1","Inflame+1","Flex+1"],"max_hp_per_floor":[72,72,72,72,72,72,72,72,72,72,72,72,72,72,72,72,72,72,72,72,72,72,72,72,72,72,72,72,72,72,72,72,72,72,72,72,72,72,72,72,72,72],"relics":["Burning Blood","Question Card","Whetstone","Girya","Sozu","Red Mask","Molten Egg 2","Art of War","Mummified Hand","Tiny Chest","Astrolabe"],"card_choices":[{"not_picked":["Heavy Blade","Rupture"],"picked":"True Grit","floor":1.0},{"not_picked":["Rupture","Heavy Blade"],"picked":"Iron Wave","floor":4.0},{"not_picked":["Sword Boomerang","Exhume"],"picked":"Shockwave","floor":5.0},{"not_picked":["Warcry","Heavy Blade","Spot Weakness"],"picked":"Battle Trance","floor":13.0},{"not_picked":["Warcry","Bloodletting","Battle Trance"],"picked":"Pommel Strike","floor":18.0},{"not_picked":["Sentinel","Havoc","Fire Breathing"],"picked":"Shrug It Off","floor":19.0},{"not_picked":["Juggernaut","Bludgeon","Impervious"],"picked":"Fiend Fire","floor":33},{"not_picked":["Warcry","Heavy Blade","Power Through"],"picked":"Shrug It Off","floor":35},{"not_picked":["Anger","Havoc","Shrug It Off"],"picked":"Flex","floor":41}],"player_experience":74936,"potions_floor_usage":[39],"damage_taken":[{"damage":10.0,"enemies":"Cultist","floor":1.0,"turns":5.0},{"damage":10.0,"enemies":"Small Slimes","floor":2.0,"turns":5.0},{"damage":0.0,"enemies":"2 Louse","floor":3.0,"turns":3.0},{"damage":29.0,"enemies":"Lots of Slimes","floor":4.0,"turns":8.0},{"damage":1.0,"enemies":"Large Slime","floor":5.0,"turns":7.0},{"damage":43.0,"enemies":"Gremlin Nob","floor":8.0,"turns":5.0},{"damage":21.0,"enemies":"Lagavulin","floor":13.0,"turns":5.0},{"damage":18.0,"enemies":"Hexaghost","floor":16.0,"turns":13.0},{"damage":11.0,"enemies":"Spheric Guardian","floor":18.0,"turns":4.0},{"damage":4.0,"enemies":"Masked Bandits","floor":19.0,"turns":5.0},{"damage":3.0,"enemies":"Shell Parasite","floor":21.0,"turns":5.0},{"damage":1.0,"enemies":"Centurion and Healer","floor":22.0,"turns":4.0},{"damage":36,"enemies":"Book of Stabbing","floor":24,"turns":7},{"damage":8,"enemies":"Slavers","floor":30,"turns":4},{"damage":0,"enemies":"Snecko","floor":31,"turns":4},{"damage":52,"enemies":"Automaton","floor":33,"turns":11},{"damage":3,"enemies":"3 Shapes","floor":35,"turns":4},{"damage":0,"enemies":"3 Darklings","floor":39,"turns":2},{"damage":42,"enemies":"Maw","floor":41,"turns":7},{"damage":54,"enemies":"Giant Head","floor":42,"turns":6}],"event_choices":[{"event_name":"Liars Game","player_choice":"disagreed","floor":10.0,"damage_taken":0.0},{"event_name":"Dead Adventurer","player_choice":"Searched \u00271\u0027 times","floor":12.0,"damage_taken":0.0},{"event_name":"Beggar","player_choice":"Gave Gold","floor":25,"damage_taken":0},{"event_name":"The Mausoleum","player_choice":"Yes","floor":28,"damage_taken":0},{"event_name":"The Lab","player_choice":"Got Potions","floor":38,"damage_taken":0}],"boss_relics":[{"not_picked":["Calling Bell","Black Blood"],"picked":"Astrolabe"}],"potions_floor_spawned":[2,3,8,13,16,19,24,35],"seed_played":"5136027203211244517","killed_by":"Giant Head","ascension_level":3,"is_trial":false}