{"path_per_floor":["M","?","M","?","$","?","M","R","T","R","T","M","M","M","R","B",null,"M","?","$","M","?"],"character_chosen":"IRONCLAD","items_purchased":[],"gold_per_floor":[116,116,126,106,31,31,46,46,124,124,174,184,196,215,215,313,313,327,327,227,245,245,245],"floor_reached":23,"campfire_rested":0,"playtime":1045,"current_hp_per_floor":[67,67,45,45,45,38,39,39,39,39,39,39,31,35,35,36,63,67,67,67,72,56,0],"items_purged":["Strike_R","Defend_R"],"gold":245,"score":262,"play_id":"a1a20c5c-62de-430a-b0b5-73c4a539e154","local_time":"20180415165121","is_prod":false,"is_daily":false,"is_ascension_mode":true,"campfire_upgraded":3,"timestamp":1523803881,"path_taken":["M","?","M","?","$","?","?","R","T","R","?","M","M","?","R","BOSS","M","?","$","M","?","E"],"build_version":"2018-04-04","purchased_purges":2,"victory":false,"master_deck":["Strike_R","Defend_R","Defend_R","Bash","Barricade+1","Iron Wave","Pommel Strike+1","Flame Barrier+1","Shrug It Off","Armaments+1"],"max_hp_per_floor":[72,72,72,72,72,72,72,72,72,72,72,72,72,72,72,72,72,72,72,72,72,72,72],"relics":["Burning Blood","Paper Frog","Blood Vial","Cursed Key","Enchiridion"],"card_choices":[{"not_picked":["Wild Strike","Body Slam"],"picked":"Barricade","floor":1},{"not_picked":["Pommel Strike","Blood for Blood"],"picked":"Iron Wave","floor":3},{"not_picked":["Intimidate","True Grit"],"picked":"Pommel Strike","floor":7},{"not_picked":["Rupture","Second Wind"],"picked":"Flame Barrier","floor":12},{"not_picked":["Heavy Blade","Cleave"],"picked":"Shrug It Off","floor":13},{"not_picked":["Disarm","Uppercut"],"picked":"Armaments","floor":21}],"player_experience":105566,"potions_floor_usage":[7,16,23,23],"damage_taken":[{"damage":11,"enemies":"Jaw Worm","floor":1,"turns":4},{"damage":28,"enemies":"Cultist","floor":3,"turns":6},{"damage":14,"enemies":"2 Louse","floor":7,"turns":4},{"damage":8,"enemies":"Exordium Wildlife","floor":12,"turns":7},{"damage":16,"enemies":"Lots of Slimes","floor":13,"turns":6},{"damage":4,"enemies":"3 Louse","floor":14,"turns":4},{"damage":7,"enemies":"The Guardian","floor":16,"turns":19},{"damage":4,"enemies":"Shell Parasite","floor":18,"turns":8},{"damage":0,"enemies":"3 Byrds","floor":21,"turns":3},{"damage":61,"enemies":"Gremlin Leader","floor":23,"turns":7}],"event_choices":[{"event_name":"Living Wall","player_choice":"Forget","floor":2,"damage_taken":0},{"event_name":"World of Goop","player_choice":"Left","floor":4,"damage_taken":0},{"event_name":"Golden Wing","player_choice":"Card Removal","floor":6,"damage_taken":0},{"event_name":"Drug Dealer","player_choice":"Ignored","floor":19,"damage_taken":0},{"event_name":"Cursed Tome","player_choice":"Obtained Book","floor":22,"damage_taken":0}],"boss_relics":[{"not_picked":["Lizard Tail","White Beast Statue"],"picked":"Cursed Key"}],"potions_floor_spawned":[3,7,14,21],"seed_played":"1942166965806602533","killed_by":"Gremlin Leader","ascension_level":9,"is_trial":false}