{"path_per_floor":["M","M","$","M","?","R","M","R","T","M","R","?","E","?","R","B",null,"M","M","?","$","?","R","M","R","T","R","M"],"character_chosen":"IRONCLAD","items_purchased":[],"gold_per_floor":[115,134,59,77,77,77,92,92,92,108,108,132,159,159,159,254,254,274,287,287,187,187,187,201,201,201,201,213,213],"floor_reached":29,"campfire_rested":1,"playtime":1112,"current_hp_per_floor":[80,80,80,80,62,62,51,51,51,57,57,51,48,48,72,55,80,64,35,35,35,35,35,31,31,31,31,14,0],"items_purged":["Strike_R","Strike_R"],"gold":213,"score":256,"play_id":"bdb42d3e-26ab-4ed2-b653-fc07eaf18212","local_time":"20180408105414","is_prod":false,"is_daily":false,"is_ascension_mode":true,"campfire_upgraded":6,"timestamp":1523177654,"path_taken":["M","M","$","?","?","R","M","R","T","M","R","?","E","?","R","BOSS","M","M","?","$","?","R","M","R","T","R","M","M"],"build_version":"2018-04-04","purchased_purges":2,"victory":false,"master_deck":["Strike_R","Strike_R","Defend_R","Defend_R","Defend_R","Defend_R","Bash","Shockwave+1","Body Slam+1","Rampage+1","Inflame","Cleave+1","Dual Wield+1","Shrug It Off+1","True Grit+1","Body Slam+1"],"max_hp_per_floor":[80,80,80,80,80,80,80,80,80,80,80,80,80,80,80,80,80,80,80,80,80,80,80,80,80,80,80,80,80],"relics":["Burning Blood","NeowsBlessing","Orichalcum","Calipers","Odd Mushroom","Prayer Wheel","Black Star","Gambling Chip"],"card_choices":[{"not_picked":["Carnage","Hemokinesis"],"picked":"Shockwave","floor":1.0},{"not_picked":["Twin Strike","Armaments"],"picked":"Body Slam","floor":2.0},{"not_picked":["Armaments","Burning Pact"],"picked":"Rampage","floor":7.0},{"not_picked":["Infernal Blade","Clash"],"picked":"Inflame","floor":10.0},{"not_picked":["Body Slam","Armaments"],"picked":"Cleave","floor":12.0},{"not_picked":["Feel No Pain","Perfected Strike"],"picked":"Dual Wield","floor":18},{"not_picked":["Iron Wave","Corruption"],"picked":"Shrug It Off","floor":19},{"not_picked":["Pommel Strike","Bloodletting"],"picked":"True Grit","floor":26},{"not_picked":["Combust","Twin Strike"],"picked":"Body Slam","floor":28}],"player_experience":73824,"potions_floor_usage":[18,24],"damage_taken":[{"damage":0.0,"enemies":"Cultist","floor":1.0,"turns":1.0},{"damage":0.0,"enemies":"2 Louse","floor":2.0,"turns":1.0},{"damage":0.0,"enemies":"Small Slimes","floor":4.0,"turns":2.0},{"damage":17.0,"enemies":"Exordium Thugs","floor":7.0,"turns":6.0},{"damage":0.0,"enemies":"Large Slime","floor":10.0,"turns":5.0},{"damage":12.0,"enemies":"The Mushroom Lair","floor":12.0,"turns":4.0},{"damage":9.0,"enemies":"Gremlin Nob","floor":13.0,"turns":4.0},{"damage":23,"enemies":"The Guardian","floor":16,"turns":9},{"damage":22,"enemies":"Spheric Guardian","floor":18,"turns":5},{"damage":35,"enemies":"2 Thieves","floor":19,"turns":4},{"damage":10,"enemies":"Snecko","floor":24,"turns":6},{"damage":23,"enemies":"3 Cultists","floor":28,"turns":5},{"damage":24,"enemies":"Slaver and Parasite","floor":29,"turns":3}],"event_choices":[{"event_name":"Scrap Ooze","player_choice":"success","floor":5.0,"damage_taken":18.0},{"event_name":"Mushrooms","player_choice":"Fought Mushrooms","floor":12.0,"damage_taken":0.0},{"event_name":"Liars Game","player_choice":"disagreed","floor":14.0,"damage_taken":0.0},{"event_name":"Drug Dealer","player_choice":"Ignored","floor":20,"damage_taken":0},{"event_name":"Back to Basics","player_choice":"Elegance","floor":22,"damage_taken":0}],"boss_relics":[{"not_picked":["Runic Pyramid","Eternal Feather"],"picked":"Black Star"}],"potions_floor_spawned":[1,4,10,19,24],"seed_played":"-894548493990503127","killed_by":"Slaver and Parasite","ascension_level":3,"is_trial":false}