{"path_per_floor":["M","M","$","M","M","E","M","R","T","R","M","R","?","M","R","B",null,"M","$","M","$","M","R","M","R","T","R","E","R","E","M","R"],"character_chosen":"IRONCLAD","items_purchased":["Secret Technique","Juzu Bracelet"],"gold_per_floor":[111,125,50,62,80,409,424,424,475,475,495,495,495,513,513,609,609,622,344,362,92,104,104,120,120,120,120,149,149,175,195,195,195],"floor_reached":33,"campfire_rested":3,"playtime":1807,"current_hp_per_floor":[72,65,65,65,50,14,14,14,14,14,10,34,34,32,32,11,66,66,66,60,60,31,31,25,25,25,52,28,56,36,28,28,0],"items_purged":["Strike_R","Strike_R","Strike_R"],"gold":195,"score":430,"play_id":"027dbef9-2fad-4ed7-b4dd-1b385b8830d5","local_time":"20180415115434","is_prod":false,"is_daily":false,"is_ascension_mode":true,"campfire_upgraded":6,"timestamp":1523786074,"path_taken":["M","M","$","?","M","E","M","R","T","R","M","R","?","M","R","BOSS","M","$","M","$","M","R","M","R","T","R","E","R","E","M","R","BOSS"],"build_version":"2018-04-04","purchased_purges":3,"victory":false,"master_deck":["Strike_R","Strike_R","Defend_R","Defend_R","Defend_R","Defend_R","Bash","Ghostly Armor","Searing Blow+6","Armaments","Shockwave","Offering","Battle Trance","Secret Technique"],"max_hp_per_floor":[80,80,80,80,80,80,80,80,80,80,80,80,80,82,82,84,84,86,86,88,88,90,90,92,92,92,92,94,94,96,98,98,98],"relics":["Velvet Choker","Old Coin","Singing Bowl","Sozu","Juzu Bracelet","Sundial","Darkstone Periapt","Question Card"],"card_choices":[{"not_picked":["Iron Wave","Blood for Blood"],"picked":"Ghostly Armor","floor":1},{"not_picked":["Thunderclap","Seeing Red"],"picked":"Searing Blow","floor":2},{"not_picked":["Power Through","Sentinel"],"picked":"Armaments","floor":5},{"not_picked":["Sword Boomerang","Shrug It Off"],"picked":"Shockwave","floor":6},{"not_picked":["Uppercut","Shrug It Off"],"picked":"Offering","floor":7},{"not_picked":["Body Slam","True Grit"],"picked":"Battle Trance","floor":11}],"player_experience":99595,"potions_floor_usage":[7,7,33],"damage_taken":[{"damage":0,"enemies":"Cultist","floor":1,"turns":2},{"damage":7,"enemies":"Jaw Worm","floor":2,"turns":4},{"damage":0,"enemies":"Small Slimes","floor":4,"turns":2},{"damage":15,"enemies":"3 Louse","floor":5,"turns":5},{"damage":36,"enemies":"Gremlin Nob","floor":6,"turns":5},{"damage":0,"enemies":"Gremlin Gang","floor":7,"turns":5},{"damage":4,"enemies":"Blue Slaver","floor":11,"turns":4},{"damage":4,"enemies":"Lots of Slimes","floor":14,"turns":5},{"damage":23,"enemies":"Slime Boss","floor":16,"turns":10},{"damage":2,"enemies":"Shell Parasite","floor":18,"turns":4},{"damage":8,"enemies":"3 Byrds","floor":20,"turns":6},{"damage":31,"enemies":"Sentry and Sphere","floor":22,"turns":7},{"damage":8,"enemies":"Centurion and Healer","floor":24,"turns":4},{"damage":26,"enemies":"Gremlin Leader","floor":28,"turns":5},{"damage":22,"enemies":"Slavers","floor":30,"turns":8},{"damage":10,"enemies":"Snake Plant","floor":31,"turns":3},{"damage":42,"enemies":"Collector","floor":33,"turns":5}],"event_choices":[{"event_name":"Liars Game","player_choice":"disagreed","floor":13,"damage_taken":0}],"boss_relics":[{"not_picked":["Runic Dome","White Beast Statue"],"picked":"Sozu"}],"potions_floor_spawned":[2,6,16,18,20,24],"seed_played":"4722711055813309438","killed_by":"Collector","ascension_level":8,"is_trial":false}