{"path_per_floor":["M","$","?","M","?","R","?","R","T","M","M","R","?","$","R","B",null,"M","$","?","M","M","R","$","E","T","R"],"character_chosen":"IRONCLAD","items_purchased":[],"gold_per_floor":[113,38,38,49,14,14,89,89,115,132,147,147,147,47,47,151,181,200,75,75,87,103,103,103,136,206,206,206],"floor_reached":28,"campfire_rested":0,"playtime":1515,"current_hp_per_floor":[65,65,65,55,75,75,64,64,64,62,51,51,44,44,44,44,76,72,72,72,66,62,62,62,27,27,27,0],"items_purged":["Strike_R","Strike_R","Strike_R"],"gold":206,"score":397,"play_id":"dbedf29b-400d-4caf-adc7-703c80fd7a4e","local_time":"20180415162513","is_prod":false,"is_daily":false,"is_ascension_mode":true,"campfire_upgraded":6,"timestamp":1523802313,"path_taken":["M","$","?","M","?","R","?","R","T","M","M","R","?","?","R","BOSS","M","$","?","M","M","R","$","E","T","R","E"],"build_version":"2018-04-04","purchased_purges":3,"victory":false,"master_deck":["Defend_R","Defend_R","Defend_R","Defend_R","Bash","Searing Blow+7","Body Slam","Headbutt","Warcry","Pommel Strike","Warcry","Offering+1","Shrug It Off+1","Body Slam+1"],"max_hp_per_floor":[80,80,80,80,80,80,80,80,80,80,80,80,80,80,80,80,85,85,85,85,85,85,85,85,85,85,85,85],"relics":["Orrery","Vajra","Tiny House","Blood Vial","Toxic Egg 2"],"card_choices":[{"not_picked":["Pummel","Whirlwind"],"picked":"Searing Blow","floor":0.0},{"not_picked":["Bloodletting","Warcry"],"picked":"Body Slam","floor":0.0},{"not_picked":["Flame Barrier","Dropkick"],"picked":"Headbutt","floor":0.0},{"not_picked":["Uppercut","Entrench"],"picked":"Warcry","floor":0.0},{"not_picked":["Flex","Hemokinesis"],"picked":"Pommel Strike","floor":10},{"not_picked":["Pommel Strike","Flame Barrier"],"picked":"Warcry","floor":11},{"not_picked":["Juggernaut","Exhume"],"picked":"Offering","floor":16},{"not_picked":["Pommel Strike","Flex"],"picked":"Shrug It Off","floor":18},{"not_picked":["Dropkick","Shrug It Off"],"picked":"Body Slam","floor":22}],"player_experience":103545,"potions_floor_usage":[21,22,25,28],"damage_taken":[{"damage":7.0,"enemies":"2 Louse","floor":1.0,"turns":3.0},{"damage":10,"enemies":"Small Slimes","floor":4,"turns":3},{"damage":2,"enemies":"Jaw Worm","floor":10,"turns":3},{"damage":11,"enemies":"Blue Slaver","floor":11,"turns":3},{"damage":0,"enemies":"Slime Boss","floor":16,"turns":5},{"damage":4,"enemies":"Spheric Guardian","floor":18,"turns":2},{"damage":6,"enemies":"3 Byrds","floor":21,"turns":5},{"damage":4,"enemies":"Centurion and Healer","floor":22,"turns":4},{"damage":41,"enemies":"Gremlin Leader","floor":25,"turns":3},{"damage":35,"enemies":"Slavers","floor":28,"turns":3}],"event_choices":[{"event_name":"Living Wall","player_choice":"Grow","floor":3,"damage_taken":0},{"event_name":"The Cleric","player_choice":"Healed","floor":5,"damage_taken":0},{"event_name":"World of Goop","player_choice":"Gather Gold","floor":7,"damage_taken":0},{"event_name":"Golden Wing","player_choice":"Card Removal","floor":13,"damage_taken":0},{"event_name":"Back to Basics","player_choice":"Elegance","floor":20,"damage_taken":0}],"boss_relics":[{"not_picked":["Eternal Feather","Philosopher\u0027s Stone"],"picked":"Tiny House"}],"potions_floor_spawned":[1,4,10,22],"seed_played":"-7775681688953976305","killed_by":"Slavers","ascension_level":9,"is_trial":false}