{"path_per_floor":["M","M","?","?","?","E","R","E","T","M","R","?","?","M","R","B",null,"M","M","M","M","?","E","R","?","T","E","M","E","$","M","R","B",null,"M","M","M","M","?","E","R","E","T","?","M","M","R","M","R","B"],"character_chosen":"IRONCLAD","items_purchased":["Heavy Blade","Secret Technique","Bag of Preparation","Trip","Ghostly Armor"],"gold_per_floor":[119,131,206,281,231,265,265,296,320,333,333,333,333,350,350,455,455,468,486,497,511,511,543,543,543,543,577,587,618,93,110,110,213,243,258,276,295,310,310,339,339,371,439,439,450,460,460,473,473,473],"floor_reached":51,"campfire_rested":2,"playtime":2143,"current_hp_per_floor":[72,72,72,61,61,36,36,24,24,24,63,63,47,47,47,18,65,65,65,65,65,65,33,33,33,33,39,48,44,44,47,47,41,57,57,50,30,36,51,59,59,60,60,60,57,55,55,39,61,35],"items_purged":[],"gold":473,"score":1132,"play_id":"f0221fcf-536a-4076-a3b8-4ce2e7b38856","local_time":"20180415155516","is_prod":false,"is_daily":false,"is_ascension_mode":true,"campfire_upgraded":3,"timestamp":1523800516,"path_taken":["M","M","?","?","?","E","R","E","T","M","R","?","?","M","R","BOSS","M","M","M","M","?","E","R","?","T","E","M","E","$","M","R","BOSS","M","M","?","M","?","E","R","E","T","?","M","?","R","M","R","BOSS"],"build_version":"2018-04-04","purchased_purges":1,"victory":true,"master_deck":["Defend_R","Defend_R+1","Defend_R","Defend_R","Bash+1","Blood for Blood+1","Impervious","Whirlwind+1","Uppercut+1","Fiend Fire+1","Pommel Strike+1","Blood for Blood+1","Jack Of All Trades","Bite+1","Bite+1","Bite+1","Bite+1","Bite+1","Heavy Blade+1","Secret Technique","Trip","Ghostly Armor","Demon Form+1","Heavy Blade+1","Writhe","Headbutt+1","Dual Wield+1","Uppercut+1","Pommel Strike+1"],"max_hp_per_floor":[80,80,80,80,80,80,80,80,80,80,80,80,80,80,80,80,80,80,80,80,80,80,80,80,56,56,56,56,56,56,56,56,56,61,61,61,61,61,61,61,61,61,61,61,61,61,61,61,61,61],"relics":["Snecko Eye","Lantern","Molten Egg 2","Regal Pillow","Girya","Mark of Pain","Ginger","Charon\u0027s Ashes","Pantograph","Paper Frog","Bag of Preparation","Tiny House","Bag of Marbles","Meat on the Bone","Shuriken"],"card_choices":[{"not_picked":["Dual Wield","True Grit"],"picked":"Blood for Blood","floor":1.0},{"not_picked":["Infernal Blade","Headbutt"],"picked":"Impervious","floor":6.0},{"not_picked":["Warcry","Ghostly Armor"],"picked":"Whirlwind","floor":8.0},{"not_picked":["Headbutt","Inflame"],"picked":"Uppercut","floor":14.0},{"not_picked":["Berserk","Offering"],"picked":"Fiend Fire","floor":16.0},{"not_picked":["Disarm","Flex"],"picked":"Pommel Strike","floor":20.0},{"not_picked":["Anger","Body Slam"],"picked":"Blood for Blood","floor":21.0},{"not_picked":["Impervious","Dark Embrace"],"picked":"Demon Form","floor":33},{"not_picked":["Iron Wave","Sword Boomerang"],"picked":"Heavy Blade","floor":35},{"not_picked":["Offering","Perfected Strike"],"picked":"Headbutt","floor":42},{"not_picked":["True Grit","Perfected Strike"],"picked":"Dual Wield","floor":45},{"not_picked":["Thunderclap","Seeing Red"],"picked":"Uppercut","floor":46},{"not_picked":["Sentinel","Wild Strike"],"picked":"Pommel Strike","floor":48}],"player_experience":101402,"potions_floor_usage":[23,50,50,50],"damage_taken":[{"damage":0.0,"enemies":"2 Louse","floor":1.0,"turns":3.0},{"damage":0.0,"enemies":"Cultist","floor":2.0,"turns":2.0},{"damage":25.0,"enemies":"Lagavulin","floor":6.0,"turns":7.0},{"damage":12.0,"enemies":"3 Sentries","floor":8.0,"turns":8.0},{"damage":0.0,"enemies":"Jaw Worm","floor":10.0,"turns":1.0},{"damage":0.0,"enemies":"Large Slime","floor":14.0,"turns":3.0},{"damage":29.0,"enemies":"The Guardian","floor":16.0,"turns":8.0},{"damage":0.0,"enemies":"Chosen","floor":18.0,"turns":1.0},{"damage":0.0,"enemies":"Shell Parasite","floor":19.0,"turns":2.0},{"damage":0.0,"enemies":"Sentry and Sphere","floor":20.0,"turns":2.0},{"damage":0.0,"enemies":"Centurion and Healer","floor":21.0,"turns":3.0},{"damage":32,"enemies":"Slavers","floor":23,"turns":4},{"damage":0,"enemies":"Gremlin Leader","floor":27,"turns":2},{"damage":0,"enemies":"Snake Plant","floor":28,"turns":2},{"damage":10,"enemies":"Book of Stabbing","floor":29,"turns":3},{"damage":0,"enemies":"3 Cultists","floor":31,"turns":2},{"damage":15,"enemies":"Collector","floor":33,"turns":3},{"damage":0,"enemies":"Orb Walker","floor":35,"turns":1},{"damage":13,"enemies":"3 Darklings","floor":36,"turns":2},{"damage":29,"enemies":"Maw","floor":37,"turns":4},{"damage":0,"enemies":"Sphere and 2 Shapes","floor":38,"turns":3},{"damage":4,"enemies":"Giant Head","floor":40,"turns":5},{"damage":1,"enemies":"2 Orb Walkers","floor":42,"turns":2},{"damage":3,"enemies":"4 Shapes","floor":45,"turns":3},{"damage":12,"enemies":"3 Darklings","floor":46,"turns":4},{"damage":19,"enemies":"Maw","floor":48,"turns":3},{"damage":41,"enemies":"Time Eater","floor":50,"turns":5}],"event_choices":[{"event_name":"Golden Wing","player_choice":"Gained Gold","floor":3.0,"damage_taken":0.0},{"event_name":"World of Goop","player_choice":"Gather Gold","floor":4.0,"damage_taken":0.0},{"event_name":"The Cleric","player_choice":"Card Removal","floor":5.0,"damage_taken":0.0},{"event_name":"Accursed Blacksmith","player_choice":"Rummage","floor":12.0,"damage_taken":0.0},{"event_name":"Shining Light","player_choice":"Entered Light","floor":13.0,"damage_taken":0.0},{"event_name":"Match and Keep!","player_choice":"1 cards matched","floor":22.0,"damage_taken":0.0},{"event_name":"Vampires","player_choice":"Became a vampire","floor":25,"damage_taken":0},{"event_name":"Winding Halls","player_choice":"Writhe","floor":39,"damage_taken":0},{"event_name":"Tomb of Lord Red Mask","player_choice":"Ignored","floor":44,"damage_taken":0}],"boss_relics":[{"not_picked":["Runic Pyramid","Philosopher\u0027s Stone"],"picked":"Tiny House"}],"potions_floor_spawned":[1,2,16,20,21,23,31,36,38,42,48],"seed_played":"3819203675341739339","ascension_level":8,"is_trial":false}