{"path_per_floor":["M","?","T","T","M","R","M","R","T","M","$","R","M","$","R","B",null,"M","?","M","T","?"],"character_chosen":"IRONCLAD","items_purchased":["Armaments"],"gold_per_floor":[117,117,143,170,185,185,209,209,209,224,126,126,140,40,40,166,166,189,89,112,136,136,136],"floor_reached":23,"campfire_rested":0,"playtime":890,"current_hp_per_floor":[80,80,80,80,79,79,75,75,75,75,75,75,80,80,80,27,82,53,53,49,49,41,32],"items_purged":["Strike_R","Strike_R"],"gold":136,"score":232,"play_id":"050ed135-e2e9-47b7-9f31-aac490ad55ed","local_time":"20180409162728","is_prod":false,"is_daily":false,"is_ascension_mode":true,"campfire_upgraded":4,"timestamp":1523284048,"path_taken":["M","?","?","?","M","R","M","R","T","M","$","R","M","?","R","BOSS","M","?","M","?","?","E"],"build_version":"2018-04-04","purchased_purges":2,"victory":false,"master_deck":["Strike_R","Strike_R","Strike_R","Defend_R","Defend_R","Defend_R","Defend_R","Bash","Corruption+1","True Grit+1","Barricade+1","Flame Barrier","Armaments+1","Shockwave","Shrug It Off","J.A.X.","Rage","Ghostly","Ghostly","Ghostly","Ghostly","Ghostly"],"max_hp_per_floor":[80,80,80,80,80,80,80,80,80,80,80,80,80,80,80,82,82,82,82,82,82,41,41],"relics":["Burning Blood","Omamori","Golden Idol","Oddly Smooth Stone","Singing Bowl","Red Skull","Mark of Pain","Bag of Preparation"],"card_choices":[{"not_picked":["Rage","Rupture"],"picked":"Corruption","floor":1.0},{"not_picked":["Headbutt","Rupture"],"picked":"True Grit","floor":5.0},{"not_picked":["Intimidate","Iron Wave"],"picked":"Barricade","floor":7.0},{"not_picked":["Iron Wave","Twin Strike"],"picked":"Flame Barrier","floor":10.0},{"not_picked":["Body Slam","Hemokinesis"],"picked":"Shockwave","floor":13.0},{"not_picked":["Armaments","Bloodletting"],"picked":"Shrug It Off","floor":18},{"not_picked":["Warcry","Anger"],"picked":"Rage","floor":20}],"player_experience":77163,"potions_floor_usage":[20],"damage_taken":[{"damage":4.0,"enemies":"2 Louse","floor":1.0,"turns":3.0},{"damage":7.0,"enemies":"Jaw Worm","floor":5.0,"turns":6.0},{"damage":10.0,"enemies":"Cultist","floor":7.0,"turns":4.0},{"damage":6.0,"enemies":"Exordium Wildlife","floor":10.0,"turns":5.0},{"damage":1.0,"enemies":"3 Louse","floor":13.0,"turns":4.0},{"damage":61,"enemies":"Slime Boss","floor":16,"turns":17},{"damage":35,"enemies":"Spheric Guardian","floor":18,"turns":7},{"damage":10,"enemies":"Shell Parasite","floor":20,"turns":6},{"damage":9,"enemies":"Slavers","floor":23,"turns":8}],"event_choices":[{"event_name":"Golden Idol","player_choice":"Take Wound","floor":2.0,"damage_taken":0.0},{"event_name":"Drug Dealer","player_choice":"Got JAXXED","floor":19,"damage_taken":0},{"event_name":"Ghosts","player_choice":"Became a Ghost","floor":22,"damage_taken":0}],"boss_relics":[{"not_picked":["Ectoplasm","Black Star"],"picked":"Mark of Pain"}],"potions_floor_spawned":[1,5,18],"seed_played":"-3512291647120626771","killed_by":"Slavers","ascension_level":3,"is_trial":false}