{"path_per_floor":["M","M","M","?","M","R","M","R","T","R","M","?","R","E","R","B",null,"M","$","M","T","?","R","M","R","T","R","?","?","M","?","R"],"character_chosen":"IRONCLAD","items_purchased":[],"gold_per_floor":[114,133,147,97,115,115,127,127,157,157,168,168,168,196,196,296,296,307,232,250,303,303,303,316,316,316,316,316,316,327,327,327,327],"floor_reached":33,"campfire_rested":3,"playtime":1057,"current_hp_per_floor":[78,80,80,80,80,80,80,80,80,80,80,68,68,38,62,30,68,60,60,25,25,25,31,20,50,50,56,56,56,18,18,48,0],"items_purged":["Strike_R"],"gold":327,"score":355,"play_id":"0030e0de-f35c-4830-baa0-9a6644c96384","local_time":"20180419220426","is_prod":false,"is_daily":false,"chose_seed":false,"is_ascension_mode":true,"campfire_upgraded":6,"timestamp":1524168266,"path_taken":["M","M","M","?","?","R","M","R","T","R","M","?","R","E","R","BOSS","M","$","M","?","?","R","M","R","T","R","?","?","?","?","R","BOSS"],"build_version":"2018-04-12","seed_source_timestamp":345668406099518,"purchased_purges":1,"victory":false,"master_deck":["Strike_R+1","Strike_R+1","Defend_R","Defend_R","Defend_R","Defend_R","Bash+1","Reckless Charge+1","Armaments+1","True Grit+1","Shrug It Off+1","Body Slam+1","Barricade+1","Body Slam+1","Decay","Body Slam+1"],"max_hp_per_floor":[80,80,80,80,80,80,80,80,80,80,80,80,80,80,80,80,80,80,80,80,80,80,80,80,80,80,80,80,80,80,80,80,80],"relics":["Burning Blood","Whetstone","Tiny Chest","Molten Egg 2","Ornamental Fan","Eternal Feather","Ancient Tea Set","Prayer Wheel"],"card_choices":[{"not_picked":["Heavy Blade","Dropkick"],"picked":"Reckless Charge","floor":2},{"not_picked":["Metallicize","Rupture"],"picked":"Armaments","floor":3},{"not_picked":["Thunderclap","Clash"],"picked":"True Grit","floor":5},{"not_picked":["Blood for Blood","Headbutt"],"picked":"Shrug It Off","floor":7},{"not_picked":["Wild Strike","Pommel Strike"],"picked":"Body Slam","floor":14},{"not_picked":["Dark Embrace","Offering"],"picked":"Barricade","floor":16},{"not_picked":["Corruption","Armaments"],"picked":"Body Slam","floor":20}],"player_experience":119281,"potions_floor_usage":[7,16,18,24],"damage_taken":[{"damage":0,"enemies":"Small Slimes","floor":1,"turns":3},{"damage":1,"enemies":"2 Louse","floor":2,"turns":2},{"damage":6,"enemies":"Cultist","floor":3,"turns":3},{"damage":1,"enemies":"Looter","floor":5,"turns":3},{"damage":0,"enemies":"3 Louse","floor":7,"turns":4},{"damage":4,"enemies":"Blue Slaver","floor":11,"turns":5},{"damage":36,"enemies":"Lagavulin","floor":14,"turns":6},{"damage":38,"enemies":"The Guardian","floor":16,"turns":13},{"damage":14,"enemies":"2 Thieves","floor":18,"turns":5},{"damage":41,"enemies":"Spheric Guardian","floor":20,"turns":8},{"damage":17,"enemies":"Centurion and Healer","floor":24,"turns":9},{"damage":44,"enemies":"Snecko","floor":30,"turns":7},{"damage":69,"enemies":"Automaton","floor":33,"turns":6}],"event_choices":[{"event_name":"The Cleric","player_choice":"Card Removal","floor":4,"damage_taken":0},{"event_name":"Scrap Ooze","player_choice":"success","floor":12,"damage_taken":12},{"event_name":"Forgotten Altar","player_choice":"Smashed Altar","floor":22,"damage_taken":0},{"event_name":"Duplicator","player_choice":"One dupe","floor":28,"damage_taken":0},{"event_name":"Drug Dealer","player_choice":"Ignored","floor":29,"damage_taken":0},{"event_name":"Back to Basics","player_choice":"Elegance","floor":31,"damage_taken":0}],"boss_relics":[{"not_picked":["Runic Pyramid","Runic Cube"],"picked":"Eternal Feather"}],"potions_floor_spawned":[1,3,11,16,18,20,30],"seed_played":"1798865841960771659","killed_by":"Automaton","ascension_level":9,"is_trial":false}