{"path_per_floor":["M","$","?","?","M","R","M","R","T","R","E","?","M","M","R","B",null,"M","M","M","?","M","R","M","R","T","T","R","M","R","M","R","B",null,"M","?","$","M","M","R","M","M","T","M","$","M","?","$","R","B"],"character_chosen":"THE_SILENT","items_purchased":["Backflip","Bag of Marbles","Toxic Egg","Oddly Smooth Stone","Deflect"],"gold_per_floor":[109,55,55,55,75,75,94,94,94,94,129,184,197,216,216,321,321,333,348,362,362,379,379,391,391,391,414,414,426,426,439,439,539,539,552,552,186,202,213,213,230,245,245,255,49,65,0,0,0,0],"floor_reached":51,"campfire_rested":3,"playtime":4746,"current_hp_per_floor":[77,77,77,70,64,64,64,64,64,64,53,46,46,51,51,36,77,77,61,65,65,56,56,48,48,48,55,55,55,55,55,80,75,84,50,50,50,50,50,75,61,50,50,50,50,49,49,49,74,20],"items_purged":["Strike_G"],"gold":0,"play_id":"ea689886-8607-488a-b9bb-7a6c8edbea4f","is_prod":false,"is_daily":false,"campfire_rituals":0,"campfire_upgraded":8,"is_hardmode":false,"path_taken":["M","$","?","?","M","R","?","R","T","R","E","?","M","M","R","BOSS","M","M","M","?","M","R","M","R","T","?","R","M","R","?","R","BOSS","M","?","$","M","M","R","M","M","T","M","$","M","?","?","R","BOSS"],"build_version":"2018-01-11-PROD2","purchased_purges":1,"victory":true,"master_deck":["Defend_G","Defend_G","Defend_G","Defend_G","Defend_G","Strike_G","Survivor","Neutralize","Predator","Backflip","Dash","Flying Knee","Backflip","Backflip","Masterful Stab","Noxious Fumes","Storm of Steel","Dash","Footwork","Footwork","Backflip","Outmaneuver","Deflect"],"max_hp_per_floor":[77,77,77,77,77,77,77,77,77,77,77,77,77,77,77,77,77,77,77,77,77,77,77,77,77,77,84,84,84,84,84,84,84,84,84,84,84,84,84,84,84,84,84,84,84,84,84,84,84,84],"relics":["Ring of the Snake","Dead Branch","Blue Candle","Shuriken","Astrolabe","Ornamental Fan","Strawberry","White Beast Statue","Bag of Marbles","Toxic Egg","Thread and Needle","Oddly Smooth Stone","Red Mask"],"campfire_meditates":0,"card_choices":[{"not_picked":["PiercingWail","Cloak And Dagger"],"picked":"Predator"},{"not_picked":["All Out Attack","Crippling Poison"],"picked":"Dash"},{"not_picked":["Heel Hook","Reflex"],"picked":"Flying Knee"},{"not_picked":["Slice","Deflect"],"picked":"Backflip"},{"not_picked":["Poisoned Stab","Flechettes"],"picked":"Backflip"},{"not_picked":["Reflex","Bouncing Flask"],"picked":"Blade Dance"},{"not_picked":["Flechettes","Calculated Gamble"],"picked":"Dash"},{"not_picked":["Backstab","Deadly Poison"],"picked":"Footwork"},{"not_picked":["Bane","Sucker Punch"],"picked":"Footwork"},{"not_picked":["Catalyst","Dagger Throw"],"picked":"Backflip"},{"not_picked":["Night Terror","Cloak And Dagger"],"picked":"Outmaneuver"}],"player_experience":221078,"potions_floor_usage":[14,16,16,20,22,33,33,41,50,50,50],"damage_taken":[{"damage":0,"enemies":"2 Louse","floor":1,"turns":3},{"damage":6,"enemies":"Cultist","floor":5,"turns":3},{"damage":0,"enemies":"Jaw Worm","floor":7,"turns":4},{"damage":11,"enemies":"Gremlin Nob","floor":11,"turns":5},{"damage":7,"enemies":"Lagavulin Event","floor":12,"turns":5},{"damage":0,"enemies":"2 Fungi Beasts","floor":13,"turns":2},{"damage":10,"enemies":"Gremlin Gang","floor":14,"turns":6},{"damage":15,"enemies":"Hexaghost","floor":16,"turns":11},{"damage":0,"enemies":"Chosen","floor":18,"turns":5},{"damage":16,"enemies":"Spheric Guardian","floor":19,"turns":7},{"damage":5,"enemies":"Centurion and Healer","floor":20,"turns":9},{"damage":9,"enemies":"Snake Plant","floor":22,"turns":9},{"damage":8,"enemies":"3 Cultists","floor":24,"turns":6},{"damage":0,"enemies":"Snecko","floor":29,"turns":4},{"damage":0,"enemies":"Snake Plant","floor":31,"turns":5},{"damage":5,"enemies":"Collector","floor":33,"turns":7},{"damage":34,"enemies":"3 Darklings","floor":35,"turns":8},{"damage":0,"enemies":"3 Shapes","floor":38,"turns":5},{"damage":0,"enemies":"Maw","floor":39,"turns":9},{"damage":14,"enemies":"4 Shapes","floor":41,"turns":7},{"damage":11,"enemies":"3 Darklings","floor":42,"turns":7},{"damage":0,"enemies":"Sphere and 2 Shapes","floor":44,"turns":8},{"damage":1,"enemies":"4 Shapes","floor":46,"turns":8},{"damage":54,"enemies":"Time Eater","floor":50,"turns":20}],"event_choices":[{"event_name":"Liars Game","player_choice":"disagreed","floor":3,"damage_taken":0},{"event_name":"Golden Wing","player_choice":"Card Removal","floor":4,"damage_taken":0},{"event_name":"Dead Adventurer","player_choice":"Searched \u00272\u0027 times","floor":12,"damage_taken":0},{"event_name":"Vampires","player_choice":"Ignored","floor":21,"damage_taken":0},{"event_name":"Mysterious Sphere","player_choice":"Ignore","floor":36,"damage_taken":0},{"event_name":"Tomb of Lord Red Mask","player_choice":"Paid","floor":47,"damage_taken":0}],"boss_relics":[{"not_picked":["Lizard Tail","Snecko Eye"],"picked":"Astrolabe"},{"not_picked":["Runic Pyramid","Calling Bell"],"picked":"White Beast Statue"}],"potions_floor_spawned":[5,12,13,16,22,24,31,33,35,38,39,41,42,44,46],"seed_played":"-3365180279495966555","is_trial":false}