{"path_per_floor":["M","?","$","?","M","R","M","R","T","M","R","M","E","M","R","B",null,"M","M","?","$","M","R","$","?","T","M","$","R","M","?","R","B",null,"M","M","$","M","M","R","M","?","T","?","R","M","T","M","R","B"],"character_chosen":"THE_SILENT","items_purchased":["Ice Cream","Frozen Egg","Pear"],"gold_per_floor":[118,118,43,43,62,62,77,77,103,119,119,132,159,179,179,277,277,295,307,307,61,81,81,1,1,1,14,14,14,28,28,28,130,430,444,460,27,39,49,49,64,64,88,0,0,13,38,57,57,57],"floor_reached":51,"campfire_rested":1,"playtime":6248,"current_hp_per_floor":[70,70,70,70,70,70,70,70,70,70,70,70,64,64,64,26,70,59,59,59,59,58,58,58,58,58,55,55,55,55,70,70,31,70,64,64,74,69,69,69,69,59,59,59,59,61,61,63,80,80],"items_purged":["Strike_G","Deadly Poison","Survivor"],"gold":57,"play_id":"9b25dc80-8211-4414-939c-77f43f1c4ca8","is_prod":false,"is_daily":false,"campfire_rituals":0,"campfire_upgraded":9,"is_hardmode":false,"path_taken":["M","?","$","?","M","R","M","R","T","M","R","?","E","M","R","BOSS","M","M","?","$","M","R","?","?","T","M","$","R","M","?","R","BOSS","M","M","$","M","M","R","?","?","T","?","R","M","?","M","R","BOSS"],"build_version":"2018-01-11-PROD2","purchased_purges":3,"victory":true,"master_deck":["Neutralize","Terror","Malaise","Quick Slash","Dash","Backflip","Leg Sweep","Quick Slash","Outmaneuver","Quick Slash","PiercingWail","Blur","Calculated Gamble","PiercingWail","Backflip","Well Laid Plans","Dash","Outmaneuver","Clumsy","Backflip","Backflip","Madness","Madness"],"max_hp_per_floor":[70,70,70,70,70,70,70,70,70,70,70,70,70,70,70,70,70,70,70,70,70,70,70,70,70,70,70,70,70,70,70,70,70,70,70,70,80,80,80,80,80,80,80,80,80,80,80,80,80,80],"relics":["Ring of the Snake","Art of War","Omamori","The Courier","Pandora\u0027s Box","Ice Cream","Calling Bell","Pen Nib","Matryoshka","Old Coin","Frozen Egg","Pear","Juzu Bracelet","Blood Vial","Red Mask","Gremlin Horn","Bag of Marbles"],"campfire_meditates":0,"card_choices":[{"not_picked":["Sucker Punch","Eviscerate"],"picked":"Terror"},{"not_picked":["Concentrate","Riddle With Holes"],"picked":"Malaise"},{"not_picked":["Acrobatics","PiercingWail"],"picked":"Quick Slash"},{"not_picked":["Sucker Punch","Distraction"],"picked":"Dash"},{"not_picked":["Heel Hook","Noxious Fumes"],"picked":"Backflip"},{"not_picked":["Skewer","Slice"],"picked":"Leg Sweep"},{"not_picked":["Dodge and Roll","PiercingWail"],"picked":"Well Laid Plans"},{"not_picked":["Underhanded Strike","Deadly Poison"],"picked":"Dash"},{"not_picked":["Prepared","Caltrops"],"picked":"Outmaneuver"},{"not_picked":["Blade Dance","Prepared"],"picked":"Backflip"},{"not_picked":["Catalyst","Dash"],"picked":"Backflip"}],"player_experience":261297,"potions_floor_usage":[13,13,16,22,33,35,50,50],"damage_taken":[{"damage":0,"enemies":"2 Louse","floor":1,"turns":4},{"damage":0,"enemies":"Cultist","floor":5,"turns":3},{"damage":0,"enemies":"Small Slimes","floor":7,"turns":3},{"damage":0,"enemies":"2 Fungi Beasts","floor":10,"turns":5},{"damage":0,"enemies":"Large Slime","floor":12,"turns":4},{"damage":6,"enemies":"3 Sentries","floor":13,"turns":7},{"damage":0,"enemies":"Gremlin Gang","floor":14,"turns":5},{"damage":38,"enemies":"Slime Boss","floor":16,"turns":17},{"damage":11,"enemies":"2 Thieves","floor":18,"turns":5},{"damage":0,"enemies":"Spheric Guardian","floor":19,"turns":5},{"damage":1,"enemies":"Centurion and Healer","floor":22,"turns":6},{"damage":3,"enemies":"3 Cultists","floor":27,"turns":6},{"damage":0,"enemies":"Snecko","floor":30,"turns":7},{"damage":39,"enemies":"Automaton","floor":33,"turns":13},{"damage":6,"enemies":"3 Shapes","floor":35,"turns":7},{"damage":0,"enemies":"3 Darklings","floor":36,"turns":9},{"damage":5,"enemies":"Sphere and 2 Shapes","floor":38,"turns":11},{"damage":0,"enemies":"4 Shapes","floor":39,"turns":8},{"damage":0,"enemies":"3 Darklings","floor":41,"turns":6},{"damage":0,"enemies":"Sphere and 2 Shapes","floor":46,"turns":5},{"damage":0,"enemies":"Maw","floor":48,"turns":6},{"damage":0,"enemies":"Awakened One","floor":50,"turns":10}],"event_choices":[{"event_name":"Living Wall","player_choice":"Grow","floor":2,"damage_taken":0},{"event_name":"Liars Game","player_choice":"disagreed","floor":4,"damage_taken":0},{"event_name":"The Mausoleum","player_choice":"No","floor":20,"damage_taken":0},{"event_name":"Vampires","player_choice":"Ignored","floor":25,"damage_taken":0},{"event_name":"The Library","player_choice":"Heal","floor":31,"damage_taken":0},{"event_name":"Winding Halls","player_choice":"Embrace Madness","floor":42,"damage_taken":0},{"event_name":"Tomb of Lord Red Mask","player_choice":"Paid","floor":44,"damage_taken":0}],"boss_relics":[{"not_picked":["Tiny House","White Beast Statue"],"picked":"Pandora\u0027s Box"},{"not_picked":["Question Card","The Specimen"],"picked":"Calling Bell"}],"potions_floor_spawned":[1,5,7,14,18,19,27,33,35,39],"seed_played":"5180441145820221216","is_trial":false}