{"path_per_floor":["M","?","?","M","?","R","T","R","T","R","M","E","M","?","R","B",null,"M","?","M","?","?","R","?","M","T","M","R","E","R","?","R","B",null,"M","M","M","?","?","R","E","R","T","$","T","R","M","M","R"],"character_chosen":"THE_SILENT","items_purchased":["Thread and Needle","Tough Bandages"],"gold_per_floor":[112,112,112,129,129,129,156,156,183,183,199,229,245,195,195,294,294,313,313,327,327,327,327,327,347,347,363,363,394,394,394,394,494,494,511,523,540,589,589,589,614,614,686,49,104,104,122,140,140],"floor_reached":50,"campfire_rested":2,"playtime":3566,"current_hp_per_floor":[70,70,75,75,75,75,75,75,75,75,75,75,73,73,73,58,75,73,73,73,73,73,73,73,68,68,65,65,65,65,56,80,60,80,80,80,72,61,61,61,64,64,64,64,64,80,80,80,80],"items_purged":["Blade Dance"],"gold":140,"play_id":"2f97bc43-0701-4f96-8512-74cbc2f36e6a","is_prod":false,"is_daily":false,"campfire_rituals":0,"campfire_upgraded":10,"is_hardmode":false,"path_taken":["M","?","?","M","?","R","?","R","T","R","M","E","M","?","R","BOSS","M","?","M","?","?","R","?","?","T","M","R","E","R","?","R","BOSS","M","M","M","?","?","R","E","R","T","$","?","R","M","?","R","BOSS"],"build_version":"2018-01-11-PROD2","purchased_purges":1,"victory":false,"master_deck":["Defend_G","Defend_G","Defend_G","Survivor","Neutralize","Predator","Slice","Dodge and Roll","Flying Knee","Backflip","Deflect","Footwork","Tactician","Dash","Outmaneuver","Slice","Acrobatics","Flying Knee"],"max_hp_per_floor":[70,70,75,75,75,75,75,75,75,75,75,75,75,75,75,75,75,75,75,75,75,75,75,75,75,75,75,75,75,75,80,80,80,80,80,80,80,80,80,80,80,80,80,80,80,80,80,80,80],"relics":["Ring of the Snake","Vajra","Orichalcum","Bronze Scales","Astrolabe","Calipers","Tingsha","Runic Pyramid","Unceasing Top","Lantern","Shuriken","Thread and Needle","Tough Bandages","Tiny Chest"],"campfire_meditates":0,"card_choices":[{"not_picked":["Well Laid Plans","Escape Plan"],"picked":"Predator"},{"not_picked":["Reflex","Calculated Gamble"],"picked":"Flying Knee"},{"not_picked":["PiercingWail","Dodge and Roll"],"picked":"Deflect"},{"not_picked":["Deflect","Noxious Fumes"],"picked":"Footwork"},{"not_picked":["Wraith Form","Corpse Explosion"],"picked":"Tactician"},{"not_picked":["Quick Slash","Slice"],"picked":"Dash"},{"not_picked":["Dash","Dagger Throw"],"picked":"Outmaneuver"},{"not_picked":["PiercingWail","Finisher"],"picked":"Slice"},{"not_picked":["Catalyst","Poisoned Stab"],"picked":"Acrobatics"},{"not_picked":["Quick Slash","Outmaneuver"],"picked":"Flying Knee"}],"player_experience":96888,"potions_floor_usage":[29,35,38,41,41,41,50],"damage_taken":[{"damage":0,"enemies":"Jaw Worm","floor":1,"turns":4},{"damage":0,"enemies":"2 Louse","floor":4,"turns":2},{"damage":0,"enemies":"Small Slimes","floor":11,"turns":2},{"damage":0,"enemies":"Gremlin Nob","floor":12,"turns":4},{"damage":2,"enemies":"Looter","floor":13,"turns":2},{"damage":15,"enemies":"Slime Boss","floor":16,"turns":12},{"damage":2,"enemies":"Chosen","floor":18,"turns":4},{"damage":0,"enemies":"Spheric Guardian","floor":20,"turns":3},{"damage":5,"enemies":"3 Cultists","floor":25,"turns":6},{"damage":3,"enemies":"Chosen and Byrds","floor":27,"turns":8},{"damage":0,"enemies":"Book of Stabbing","floor":29,"turns":5},{"damage":20,"enemies":"Automaton","floor":33,"turns":17},{"damage":0,"enemies":"3 Shapes","floor":35,"turns":5},{"damage":0,"enemies":"Orb Walker","floor":36,"turns":4},{"damage":8,"enemies":"Sphere and 2 Shapes","floor":37,"turns":8},{"damage":26,"enemies":"Mysterious Sphere","floor":38,"turns":8},{"damage":6,"enemies":"2 Orb Walkers","floor":41,"turns":5},{"damage":0,"enemies":"Maw","floor":47,"turns":8},{"damage":0,"enemies":"4 Shapes","floor":48,"turns":6},{"damage":84,"enemies":"Donu and Deca","floor":50,"turns":11}],"event_choices":[{"event_name":"Living Wall","player_choice":"Forget","floor":2,"damage_taken":0},{"event_name":"Big Fish","player_choice":"Donut","floor":3,"damage_taken":0},{"event_name":"Wheel of Change","player_choice":"Card Removal","floor":5,"damage_taken":0},{"event_name":"The Cleric","player_choice":"Card Removal","floor":14,"damage_taken":0},{"event_name":"Vampires","player_choice":"Ignored","floor":19,"damage_taken":0},{"event_name":"Upgrade Shrine","player_choice":"Upgraded","floor":21,"damage_taken":0},{"event_name":"The Library","player_choice":"Read","floor":22,"damage_taken":0},{"event_name":"The Lab","player_choice":"Got Potions","floor":24,"damage_taken":0},{"event_name":"Forgotten Altar","player_choice":"Shed Blood","floor":31,"damage_taken":0},{"event_name":"Mysterious Sphere","player_choice":"Fight","floor":38,"damage_taken":0}],"boss_relics":[{"not_picked":["Eternal Feather","Question Card"],"picked":"Astrolabe"},{"not_picked":["Tiny House","Velvet Choker"],"picked":"Runic Pyramid"}],"potions_floor_spawned":[1,4,16,18,27,33,36,37,38,47],"seed_played":"-1220573727505336553","killed_by":"Donu and Deca","is_trial":false}