{"path_per_floor":["M","M","?","?","$","R","M","M","T","R","M","$","R","M","R","B",null,"M","?","M","?","M","R","E","R","T","M","?","M","M","M","R","B",null,"M","M","?","?","M","E","R","$","T","R","?","?","M","M","R","B"],"character_chosen":"THE_SILENT","items_purchased":["Snake Skull","Calculated Gamble","Madness"],"gold_per_floor":[115,133,133,83,8,8,25,38,114,114,126,26,26,41,41,140,140,153,153,169,169,189,189,216,216,216,232,232,250,262,281,281,385,385,398,415,415,415,435,460,460,4,4,4,4,0,15,33,33,33],"floor_reached":51,"campfire_rested":0,"playtime":5336,"current_hp_per_floor":[70,70,63,63,63,63,63,61,61,61,61,61,61,61,61,54,70,69,69,69,69,65,65,51,51,51,51,51,51,51,66,66,65,70,62,62,62,62,61,75,75,75,75,75,65,65,65,57,57,74],"items_purged":["Strike_G","Strike_G","Survivor"],"gold":33,"play_id":"3bdc35dc-24ba-4855-ba65-38bfebe107bc","is_prod":false,"is_daily":false,"campfire_rituals":0,"campfire_upgraded":10,"is_hardmode":false,"path_taken":["M","M","?","?","$","R","M","M","T","R","?","$","R","M","R","BOSS","M","?","?","?","M","R","E","R","T","M","?","M","?","?","R","BOSS","M","M","?","?","?","E","R","$","T","R","?","?","M","M","R","BOSS"],"build_version":"2018-01-11-PROD2","purchased_purges":3,"victory":true,"master_deck":["Neutralize","Dagger Spray","Footwork","Predator","Sucker Punch","Tools of the Trade","Dodge and Roll","Backflip","Underhanded Strike","Acrobatics","PiercingWail","Deflect","Backflip","Well Laid Plans","Cloak And Dagger","Well Laid Plans","Escape Plan","Deflect","Noxious Fumes","Noxious Fumes","Calculated Gamble","Madness","Doubt","Madness","Madness"],"max_hp_per_floor":[70,70,70,70,70,70,70,70,70,70,70,70,70,70,70,70,70,70,70,70,70,70,70,70,70,70,70,70,70,70,70,70,70,70,70,70,70,70,70,84,84,84,84,84,84,84,84,84,84,84],"relics":["Ring of the Snake","Ornamental Fan","Pandora\u0027s Box","Sundial","Torii","Cursed Key","Mango","Snake Skull","Ginger","Red Mask"],"campfire_meditates":0,"card_choices":[{"not_picked":["Quick Slash","PiercingWail"],"picked":"Dagger Spray"},{"not_picked":["Bane","Finisher"],"picked":"Footwork"},{"not_picked":["Cloak And Dagger","Dagger Spray"],"picked":"Predator"},{"not_picked":["Crippling Poison","Dodge and Roll"],"picked":"Sucker Punch"},{"not_picked":["Bullet Time","Die Die Die"],"picked":"Tools of the Trade"},{"not_picked":["Riddle With Holes","Flying Knee"],"picked":"Deflect"},{"not_picked":["Underhanded Strike","Poisoned Stab"],"picked":"Well Laid Plans"},{"not_picked":["Riddle With Holes","Dagger Throw"],"picked":"Well Laid Plans"},{"not_picked":["Crippling Poison","PiercingWail"],"picked":"Escape Plan"},{"not_picked":["Catalyst","Deadly Poison"],"picked":"Deflect"},{"not_picked":["PiercingWail","Poisoned Stab"],"picked":"Noxious Fumes"},{"not_picked":["Deadly Poison","Dagger Throw"],"picked":"Noxious Fumes"}],"player_experience":158093,"potions_floor_usage":[24,24,31,31,35,50,50,50],"damage_taken":[{"damage":0,"enemies":"Blue Slaver","floor":1,"turns":5},{"damage":0,"enemies":"Cultist","floor":2,"turns":5},{"damage":0,"enemies":"2 Louse","floor":7,"turns":1},{"damage":2,"enemies":"Looter","floor":8,"turns":4},{"damage":0,"enemies":"Exordium Wildlife","floor":11,"turns":5},{"damage":0,"enemies":"3 Louse","floor":14,"turns":1},{"damage":7,"enemies":"Slime Boss","floor":16,"turns":11},{"damage":1,"enemies":"3 Byrds","floor":18,"turns":4},{"damage":0,"enemies":"Spheric Guardian","floor":20,"turns":5},{"damage":4,"enemies":"Centurion and Healer","floor":22,"turns":8},{"damage":14,"enemies":"Slavers","floor":24,"turns":5},{"damage":0,"enemies":"3 Cultists","floor":27,"turns":5},{"damage":0,"enemies":"Snake Plant","floor":29,"turns":5},{"damage":0,"enemies":"Snecko","floor":30,"turns":6},{"damage":0,"enemies":"Slaver and Parasite","floor":31,"turns":7},{"damage":1,"enemies":"Champ","floor":33,"turns":14},{"damage":8,"enemies":"3 Shapes","floor":35,"turns":4},{"damage":0,"enemies":"Orb Walker","floor":36,"turns":4},{"damage":1,"enemies":"Sphere and 2 Shapes","floor":39,"turns":8},{"damage":0,"enemies":"Giant Head","floor":40,"turns":9},{"damage":0,"enemies":"Maw","floor":47,"turns":5},{"damage":8,"enemies":"4 Shapes","floor":48,"turns":5},{"damage":13,"enemies":"Awakened One","floor":50,"turns":12}],"event_choices":[{"event_name":"Wheel of Change","player_choice":"Damage","floor":3,"damage_taken":0},{"event_name":"The Cleric","player_choice":"Card Removal","floor":4,"damage_taken":0},{"event_name":"The Woman in Blue","player_choice":"Bought 0 Potions","floor":19,"damage_taken":0},{"event_name":"The Library","player_choice":"Read","floor":21,"damage_taken":0},{"event_name":"Transmorgrifier","player_choice":"Transform","floor":28,"damage_taken":0},{"event_name":"Mysterious Sphere","player_choice":"Ignore","floor":37,"damage_taken":0},{"event_name":"Winding Halls","player_choice":"Embrace Madness","floor":45,"damage_taken":0},{"event_name":"Tomb of Lord Red Mask","player_choice":"Paid","floor":46,"damage_taken":0}],"boss_relics":[{"not_picked":["Question Card","Orrery"],"picked":"Pandora\u0027s Box"},{"not_picked":["The Specimen","Runic Dome"],"picked":"Cursed Key"}],"potions_floor_spawned":[2,11,16,22,29,30,31,39,40,48],"seed_played":"7790445778881112793","is_trial":false}