{"path_per_floor":["M","?","M","?","M","R","M","R","T","M","M","R","?","$","R","B",null,"M","?","?","M","?","R","M","E","T","R","M","M","$","$","R","B",null,"M","?","M","$","?","R","M","R","T","M","M","M","$","M","R","B"],"character_chosen":"THE_SILENT","items_purchased":["War Paint","Noxious Fumes","Terror","Backflip","Dash","Dexterity Potion","Noxious Fumes"],"gold_per_floor":[115,65,81,81,97,97,109,109,109,123,141,141,216,67,67,171,171,161,161,161,174,174,174,191,220,220,220,233,247,141,57,57,161,161,180,180,199,73,73,73,87,87,87,97,109,121,46,58,58,58],"floor_reached":51,"campfire_rested":1,"playtime":5349,"current_hp_per_floor":[70,70,68,73,73,73,73,73,73,71,71,71,60,60,60,14,75,69,53,44,43,43,67,62,60,60,60,62,57,57,57,57,43,80,80,80,78,78,78,80,75,80,80,79,79,80,80,68,78,70],"items_purged":["Strike_G"],"gold":58,"play_id":"1917c426-83f1-4738-9224-1c27933ffc6f","is_prod":false,"is_daily":false,"campfire_rituals":0,"campfire_upgraded":9,"is_hardmode":false,"path_taken":["M","?","M","?","M","R","M","R","T","M","M","R","?","?","R","BOSS","M","?","?","M","?","R","?","E","T","R","?","M","?","$","R","BOSS","M","?","M","$","?","R","M","R","T","M","M","M","?","M","R","BOSS"],"build_version":"2018-01-11-PROD2","purchased_purges":1,"victory":true,"master_deck":["Defend_G","Defend_G","Defend_G","Defend_G","Defend_G","Strike_G","Strike_G","Strike_G","Survivor","Neutralize","Deflect","Backflip","Dagger Spray","Escape Plan","Burst","Flying Knee","Footwork","Predator","Footwork","Noxious Fumes","Terror","Backflip","Dash","Adrenaline","Bane","Noxious Fumes","Noxious Fumes","Footwork"],"max_hp_per_floor":[70,70,70,75,75,75,75,75,75,75,75,75,75,75,75,75,75,75,75,80,80,80,80,80,80,80,80,80,80,80,80,80,80,80,80,80,80,80,80,80,80,80,80,80,80,80,80,80,80,80],"relics":["Ring of the Snake","Pen Nib","Du-Vu Doll","War Paint","Black Star","Enchiridion","Blood Vial","Bronze Scales","Toolbox","Eternal Feather","Torii"],"campfire_meditates":0,"card_choices":[{"not_picked":["Poisoned Stab","Finisher"],"picked":"Deflect"},{"not_picked":["Flying Knee","Predator"],"picked":"Backflip"},{"not_picked":["Slice","Poisoned Stab"],"picked":"Dagger Spray"},{"not_picked":["Quick Slash","Dagger Spray"],"picked":"Escape Plan"},{"not_picked":["Bullet Time","Die Die Die"],"picked":"Burst"},{"not_picked":["Slice","Deadly Poison"],"picked":"Flying Knee"},{"not_picked":["Riddle With Holes","Leg Sweep"],"picked":"Footwork"},{"not_picked":["Corpse Explosion","Terror"],"picked":"Predator"},{"not_picked":["Sucker Punch","Bane"],"picked":"Footwork"},{"not_picked":["After Image","Corpse Explosion"],"picked":"Adrenaline"},{"not_picked":["Dodge and Roll","Underhanded Strike"],"picked":"Bane"},{"not_picked":["Bane","PiercingWail"],"picked":"Noxious Fumes"},{"not_picked":["Dodge and Roll","Flechettes"],"picked":"Footwork"}],"player_experience":225824,"potions_floor_usage":[16,21,25,33,50,50,50],"damage_taken":[{"damage":0,"enemies":"2 Louse","floor":1,"turns":3},{"damage":2,"enemies":"Jaw Worm","floor":3,"turns":6},{"damage":0,"enemies":"Small Slimes","floor":5,"turns":4},{"damage":0,"enemies":"Gremlin Gang","floor":7,"turns":9},{"damage":2,"enemies":"Large Slime","floor":10,"turns":9},{"damage":0,"enemies":"2 Fungi Beasts","floor":11,"turns":2},{"damage":61,"enemies":"Hexaghost","floor":16,"turns":18},{"damage":6,"enemies":"2 Thieves","floor":18,"turns":4},{"damage":1,"enemies":"Shell Parasite","floor":21,"turns":9},{"damage":5,"enemies":"Centurion and Healer","floor":24,"turns":8},{"damage":17,"enemies":"Slavers","floor":25,"turns":11},{"damage":0,"enemies":"3 Cultists","floor":28,"turns":4},{"damage":7,"enemies":"Chosen and Byrds","floor":29,"turns":4},{"damage":16,"enemies":"Collector","floor":33,"turns":12},{"damage":0,"enemies":"Orb Walker","floor":35,"turns":3},{"damage":2,"enemies":"3 Darklings","floor":37,"turns":4},{"damage":5,"enemies":"4 Shapes","floor":41,"turns":6},{"damage":1,"enemies":"Sphere and 2 Shapes","floor":44,"turns":8},{"damage":1,"enemies":"3 Darklings","floor":45,"turns":4},{"damage":0,"enemies":"Maw","floor":46,"turns":8},{"damage":12,"enemies":"Sphere and 2 Shapes","floor":48,"turns":6},{"damage":10,"enemies":"Awakened One","floor":50,"turns":16}],"event_choices":[{"event_name":"The Cleric","player_choice":"Card Removal","floor":2,"damage_taken":0},{"event_name":"Big Fish","player_choice":"Donut","floor":4,"damage_taken":0},{"event_name":"World of Goop","player_choice":"Gather Gold","floor":13,"damage_taken":0},{"event_name":"Cursed Tome","player_choice":"Obtained Book","floor":19,"damage_taken":0},{"event_name":"Forgotten Altar","player_choice":"Shed Blood","floor":20,"damage_taken":0},{"event_name":"Back to Basics","player_choice":"Simplicity","floor":22,"damage_taken":0},{"event_name":"Transmorgrifier","player_choice":"Skipped","floor":36,"damage_taken":0},{"event_name":"Accursed Blacksmith","player_choice":"Ignore","floor":39,"damage_taken":0}],"boss_relics":[{"not_picked":["Tiny House","Snecko Eye"],"picked":"Black Star"},{"not_picked":["Velvet Choker","Orrery"],"picked":"Eternal Feather"}],"potions_floor_spawned":[7,16,24,28,29,33,35,37],"seed_played":"3997462978017874513","is_trial":false}