{"path_per_floor":["M","?","?","M","M","E","$","R","T","M","E","R","M","M","R","B",null,"M","?"],"character_chosen":"THE_SILENT","items_purchased":["Backflip"],"gold_per_floor":[119,119,119,132,144,175,74,74,74,86,113,113,130,140,140,240,240,253,253],"floor_reached":20,"campfire_rested":3,"playtime":1975,"current_hp_per_floor":[70,70,70,70,70,10,10,31,31,31,11,32,30,25,46,44,70,43,43],"items_purged":["Strike_G"],"gold":178,"play_id":"f77f475b-f630-42b9-9524-a36a72c320be","is_prod":false,"is_daily":false,"campfire_rituals":0,"campfire_upgraded":0,"is_hardmode":false,"path_taken":["M","?","?","M","M","E","$","R","T","M","E","R","M","?","R","BOSS","M","?","M"],"build_version":"2018-01-11-PROD2","purchased_purges":1,"victory":false,"master_deck":["Defend_G","Defend_G","Defend_G","Defend_G","Defend_G","Strike_G","Strike_G","Strike_G","Survivor","Neutralize","Grand Finale","Escape Plan","Sucker Punch","Backflip","Backflip","Tactician"],"max_hp_per_floor":[70,70,70,70,70,70,70,70,70,70,70,70,70,70,70,70,70,70,70],"relics":["Ring of the Snake","Tingsha","Art of War","Black Star"],"campfire_meditates":0,"card_choices":[{"not_picked":["PiercingWail","Slice"],"picked":"Escape Plan"},{"not_picked":["Dagger Spray","Deflect"],"picked":"Sucker Punch"},{"not_picked":["Acrobatics","Slice"],"picked":"Backflip"},{"not_picked":["Wraith Form","Doppelganger"],"picked":"Tactician"}],"player_experience":218027,"potions_floor_usage":[16,16,18,20],"damage_taken":[{"damage":0,"enemies":"2 Louse","floor":1,"turns":4},{"damage":0,"enemies":"Small Slimes","floor":4,"turns":2},{"damage":0,"enemies":"Cultist","floor":5,"turns":4},{"damage":60,"enemies":"Gremlin Nob","floor":6,"turns":8},{"damage":0,"enemies":"Large Slime","floor":10,"turns":10},{"damage":20,"enemies":"3 Sentries","floor":11,"turns":15},{"damage":2,"enemies":"Looter","floor":13,"turns":2},{"damage":5,"enemies":"Lots of Slimes","floor":14,"turns":7},{"damage":2,"enemies":"The Guardian","floor":16,"turns":8},{"damage":27,"enemies":"3 Byrds","floor":18,"turns":12},{"damage":24,"enemies":"2 Thieves","floor":20,"turns":4}],"event_choices":[{"event_name":"Liars Game","player_choice":"disagreed","floor":2,"damage_taken":0},{"event_name":"Living Wall","player_choice":"Forget","floor":3,"damage_taken":0},{"event_name":"The Mausoleum","player_choice":"No","floor":19,"damage_taken":0}],"boss_relics":[{"not_picked":["Calling Bell","Runic Dome"],"picked":"Black Star"}],"potions_floor_spawned":[6,13,14,16],"seed_played":"8100426970494315568","killed_by":"2 Thieves","is_trial":false}