{"path_per_floor":["M","?","?","M","M","R","?","R","T","T","$","?","M","E","R","B",null,"M","?","?","M","?","R","M","E","T","E","?","?","M","T","R"],"character_chosen":"THE_SILENT","items_purchased":[],"gold_per_floor":[119,119,69,93,117,117,217,217,217,217,142,175,200,233,233,359,359,380,295,295,320,320,320,334,373,449,488,488,413,427,475,475],"floor_reached":33,"campfire_rested":2,"playtime":2463,"current_hp_per_floor":[70,53,53,53,53,53,53,53,53,53,53,45,45,41,62,45,70,70,70,70,66,66,66,66,50,50,35,35,35,37,44,67],"items_purged":["Strike_G"],"gold":475,"play_id":"456b6f7f-d11f-48e4-824f-864db719bb95","is_prod":false,"is_daily":false,"campfire_rituals":0,"campfire_upgraded":3,"is_hardmode":false,"path_taken":["M","?","?","M","?","R","?","R","T","?","$","?","M","E","R","BOSS","M","?","?","M","?","R","M","E","T","E","?","?","M","?","R","BOSS"],"build_version":"2018-01-11-PROD2","purchased_purges":1,"victory":false,"master_deck":["Defend_G","Defend_G","Defend_G","Defend_G","Defend_G","Strike_G","Survivor","Neutralize","Flying Knee","Quick Slash","After Image","Slice","Quick Slash","Decay","Flying Knee","Doubt"],"max_hp_per_floor":[70,70,70,70,70,70,70,70,70,70,70,70,70,70,70,70,70,70,70,70,70,70,70,70,70,70,70,70,70,70,77,77],"relics":["Ring of the Snake","Golden Idol","Du-Vu Doll","Thread and Needle","Odd Mushroom","Juzu Bracelet","Cursed Key","Bird Faced Urn","Toxic Egg","Dodecahedron","Toolbox","Strawberry"],"campfire_meditates":0,"card_choices":[{"not_picked":["Underhanded Strike","Deadly Poison"],"picked":"Flying Knee"},{"not_picked":["Poisoned Stab","Deadly Poison"],"picked":"Quick Slash"},{"not_picked":["Glass Knife","A Thousand Cuts"],"picked":"After Image"},{"not_picked":["Predator","All Out Attack"],"picked":"Slice"},{"not_picked":["Bouncing Flask","Heel Hook"],"picked":"Flying Knee"}],"player_experience":63642,"potions_floor_usage":[14,16,21,25,33],"damage_taken":[{"damage":0,"enemies":"Small Slimes","floor":1,"turns":4},{"damage":0,"enemies":"Jaw Worm","floor":4,"turns":5},{"damage":0,"enemies":"2 Louse","floor":5,"turns":3},{"damage":8,"enemies":"The Mushroom Lair","floor":12,"turns":4},{"damage":0,"enemies":"Exordium Wildlife","floor":13,"turns":2},{"damage":4,"enemies":"Lagavulin","floor":14,"turns":6},{"damage":17,"enemies":"The Guardian","floor":16,"turns":16},{"damage":0,"enemies":"Shell Parasite","floor":18,"turns":6},{"damage":4,"enemies":"Chosen","floor":21,"turns":6},{"damage":2,"enemies":"Snake Plant","floor":24,"turns":6},{"damage":33,"enemies":"Slavers","floor":25,"turns":11},{"damage":17,"enemies":"Book of Stabbing","floor":27,"turns":8},{"damage":0,"enemies":"3 Cultists","floor":30,"turns":6},{"damage":72,"enemies":"Champ","floor":33,"turns":13}],"event_choices":[{"event_name":"Golden Idol","player_choice":"Take Damage","floor":2,"damage_taken":0},{"event_name":"The Cleric","player_choice":"Card Removal","floor":3,"damage_taken":0},{"event_name":"Golden Shrine","player_choice":"Pray","floor":7,"damage_taken":0},{"event_name":"Mushrooms","player_choice":"Fought Mushrooms","floor":12,"damage_taken":0},{"event_name":"Addict","player_choice":"Obtained Relic","floor":19,"damage_taken":0},{"event_name":"Bonfire Elementals","player_choice":"BASIC","floor":20,"damage_taken":0},{"event_name":"The Library","player_choice":"Read","floor":22,"damage_taken":0},{"event_name":"Vampires","player_choice":"Ignored","floor":28,"damage_taken":0},{"event_name":"Beggar","player_choice":"Gave Gold","floor":29,"damage_taken":0}],"boss_relics":[{"not_picked":["Runic Pyramid","Ectoplasm"],"picked":"Cursed Key"}],"potions_floor_spawned":[12,13,14,24,27,30],"seed_played":"-5561718569337538028","killed_by":"Champ","is_trial":false}