{"path_per_floor":["M","?","?","?","M","R","E","R","T","E","?","?","R","$","R","B",null,"M","M"],"character_chosen":"THE_SILENT","items_purchased":["Anchor"],"gold_per_floor":[116,116,116,66,84,84,114,114,114,143,143,218,218,63,63,161,161,133,143],"floor_reached":20,"campfire_rested":1,"playtime":1435,"current_hp_per_floor":[70,70,67,67,61,61,54,54,54,41,58,47,47,47,68,41,70,46,45],"items_purged":[],"gold":143,"play_id":"2a8b760e-d2f0-4bf1-91fa-bda50c30965c","is_prod":false,"is_daily":false,"campfire_rituals":0,"campfire_upgraded":3,"is_hardmode":false,"path_taken":["M","?","?","?","?","R","E","R","T","E","?","?","R","$","R","BOSS","M","?","M"],"build_version":"2018-01-11-PROD2","purchased_purges":0,"victory":false,"master_deck":["Defend_G","Defend_G","Defend_G","Strike_G","Strike_G","Strike_G","Strike_G","Strike_G","Survivor","Neutralize","Phantasmal Killer","Flying Knee","After Image"],"max_hp_per_floor":[70,70,70,70,70,70,70,70,70,70,70,70,70,70,70,70,70,70,70],"relics":["Ring of the Snake","Darkstone Periapt","Meat on the Bone","Ice Cream","Omamori","Anchor","Black Star"],"campfire_meditates":0,"card_choices":[{"not_picked":["Dash","Dagger Spray"],"picked":"Deadly Poison"},{"not_picked":["Heel Hook","Dagger Spray"],"picked":"Flying Knee"},{"not_picked":["Tools of the Trade","Die Die Die"],"picked":"After Image"}],"player_experience":89402,"potions_floor_usage":[7,10],"damage_taken":[{"damage":0,"enemies":"Small Slimes","floor":1,"turns":3},{"damage":6,"enemies":"Blue Slaver","floor":5,"turns":6},{"damage":16,"enemies":"Lagavulin","floor":7,"turns":6},{"damage":28,"enemies":"3 Sentries","floor":10,"turns":9},{"damage":39,"enemies":"The Guardian","floor":16,"turns":12},{"damage":24,"enemies":"2 Thieves","floor":18,"turns":5},{"damage":13,"enemies":"Shell Parasite","floor":19,"turns":7},{"damage":51,"enemies":"3 Cultists","floor":20,"turns":6}],"event_choices":[{"event_name":"Living Wall","player_choice":"Change","floor":2,"damage_taken":0},{"event_name":"Scrap Ooze","player_choice":"success","floor":3,"damage_taken":3},{"event_name":"The Cleric","player_choice":"Card Removal","floor":4,"damage_taken":0},{"event_name":"Mushrooms","player_choice":"Healed and dodged fight","floor":11,"damage_taken":0},{"event_name":"World of Goop","player_choice":"Gather Gold","floor":12,"damage_taken":0}],"boss_relics":[{"not_picked":["Velvet Choker","Question Card"],"picked":"Black Star"}],"potions_floor_spawned":[1,7,19],"seed_played":"2225406272489370895","killed_by":"3 Cultists","is_trial":false}