{"path_per_floor":["M","?","M","M","T","R","$","E","T","R","M","?","R","M","R","B",null,"M","$","?","M","M","R","M","R","T","M","M","M","R","M","R","B",null,"M","M","?","?","M","R","$","?","T","M","M","?","R","?","R","B"],"character_chosen":"THE_SILENT","items_purchased":["Bouncing Flask","Backflip"],"gold_per_floor":[113,113,124,141,141,141,66,100,100,100,116,116,116,129,129,231,231,243,22,22,32,50,50,70,70,70,85,99,109,109,127,127,224,224,234,251,251,251,267,267,142,142,165,178,193,0,0,0,0,0],"floor_reached":51,"campfire_rested":0,"playtime":9473,"current_hp_per_floor":[66,63,63,63,63,63,63,52,52,52,52,52,52,52,52,35,70,68,68,68,68,45,53,53,61,61,61,67,67,70,55,63,63,70,63,63,63,63,57,65,65,65,65,63,63,63,70,70,70,53],"items_purged":["Strike_G","Strike_G","Strike_G"],"gold":0,"play_id":"8d9eb50d-c014-41ee-b439-51c62236fc76","is_prod":false,"is_daily":false,"is_ascension_mode":false,"campfire_upgraded":11,"path_taken":["M","?","M","M","?","R","$","E","T","R","M","?","R","M","R","BOSS","M","$","?","M","M","R","M","R","T","M","?","M","R","M","R","BOSS","M","M","?","?","M","R","$","?","T","?","M","?","R","?","R","BOSS"],"build_version":"2018-01-25-PROD3","purchased_purges":3,"victory":true,"master_deck":["Defend_G+1","Defend_G+1","Defend_G+1","Defend_G+1","Defend_G+1","Strike_G+1","Strike_G+1","Survivor+1","Poisoned Stab+1","Poisoned Stab+1","Predator+1","Catalyst+1","Poisoned Stab+1","Catalyst+1","Burst+1","Calculated Gamble+1","Bouncing Flask+1","Backflip+1","Well Laid Plans+1","Adrenaline+1","Neutralize+1","Injury","Deflect+1"],"max_hp_per_floor":[70,70,70,70,70,70,70,70,70,70,70,70,70,70,70,70,70,70,70,70,70,70,70,70,70,70,70,70,70,70,70,70,70,70,70,70,70,70,70,70,70,70,70,70,70,70,70,70,70,70],"relics":["Ring of the Snake","Pen Nib","Frozen Eye","Toxic Egg","Ancient Tea Set","Eternal Feather","Mummified Hand","Philosopher\u0027s Stone","Whetstone","Red Mask"],"card_choices":[{"not_picked":["Dodge and Roll","Prepared"],"picked":"Poisoned Stab"},{"not_picked":["Corpse Explosion","Quick Slash"],"picked":"Poisoned Stab"},{"not_picked":["Finisher","Backstab"],"picked":"Predator"},{"not_picked":["Deflect","Underhanded Strike"],"picked":"Catalyst"},{"not_picked":["Endless Agony","Sucker Punch"],"picked":"Poisoned Stab"},{"not_picked":["Skewer","Outmaneuver"],"picked":"Catalyst"},{"not_picked":["Bullet Time","Die Die Die"],"picked":"Burst"},{"not_picked":["Deadly Poison","Dagger Spray"],"picked":"Calculated Gamble"},{"not_picked":["Dagger Spray","Backstab"],"picked":"Well Laid Plans"},{"not_picked":["Tactician","Corpse Explosion"],"picked":"Adrenaline"},{"not_picked":["Dagger Throw","Glass Knife"],"picked":"Deflect"}],"player_experience":567350,"potions_floor_usage":[24,28,29,44,45,50,50,50],"damage_taken":[{"damage":4,"enemies":"Jaw Worm","floor":1,"turns":4},{"damage":0,"enemies":"2 Louse","floor":3,"turns":4},{"damage":0,"enemies":"Cultist","floor":4,"turns":3},{"damage":11,"enemies":"Gremlin Nob","floor":8,"turns":4},{"damage":0,"enemies":"Large Slime","floor":11,"turns":4},{"damage":0,"enemies":"2 Fungi Beasts","floor":14,"turns":2},{"damage":17,"enemies":"The Guardian","floor":16,"turns":4},{"damage":2,"enemies":"Chosen","floor":18,"turns":4},{"damage":0,"enemies":"Shell Parasite","floor":21,"turns":4},{"damage":23,"enemies":"Sentry and Sphere","floor":22,"turns":6},{"damage":0,"enemies":"3 Cultists","floor":24,"turns":5},{"damage":0,"enemies":"Snecko","floor":27,"turns":3},{"damage":9,"enemies":"Centurion and Healer","floor":28,"turns":6},{"damage":0,"enemies":"Sentry and Sphere","floor":29,"turns":2},{"damage":15,"enemies":"Snake Plant","floor":31,"turns":3},{"damage":0,"enemies":"Champ","floor":33,"turns":5},{"damage":7,"enemies":"3 Darklings","floor":35,"turns":3},{"damage":0,"enemies":"Orb Walker","floor":36,"turns":3},{"damage":6,"enemies":"Maw","floor":39,"turns":3},{"damage":2,"enemies":"4 Shapes","floor":44,"turns":6},{"damage":0,"enemies":"Sphere and 2 Shapes","floor":45,"turns":4},{"damage":26,"enemies":"Donu and Deca","floor":50,"turns":8}],"event_choices":[{"event_name":"Scrap Ooze","player_choice":"success","floor":2,"damage_taken":3},{"event_name":"Liars Game","player_choice":"disagreed","floor":12,"damage_taken":0},{"event_name":"Back to Basics","player_choice":"Simplicity","floor":20,"damage_taken":0},{"event_name":"Match and Keep!","player_choice":"1 cards matched","floor":37,"damage_taken":0},{"event_name":"Accursed Blacksmith","player_choice":"Forge","floor":42,"damage_taken":0},{"event_name":"Tomb of Lord Red Mask","player_choice":"Paid","floor":46,"damage_taken":0},{"event_name":"Mysterious Sphere","player_choice":"Ignore","floor":48,"damage_taken":0}],"boss_relics":[{"not_picked":["Runic Pyramid","Runic Dome"],"picked":"Eternal Feather"},{"not_picked":["Orrery","Velvet Choker"],"picked":"Philosopher\u0027s Stone"}],"potions_floor_spawned":[4,8,14,18,21,24,28,33,44,45],"seed_played":"1448863510247522992","ascension_level":0,"is_trial":false}