{"path_per_floor":["M","M","?","?","?","R","M","R","T","R","M","M","?","$","R","B",null,"M","M","$","?","M","R","$","M","T","M","R","M","?","M","R","B",null,"M","$","?","M","M","R","$","R","T","E","M","?","M","M","R","B"],"character_chosen":"THE_SILENT","items_purchased":["Strength Potion","Footwork","Oddly Smooth Stone","Malaise"],"gold_per_floor":[109,126,126,126,126,126,145,145,191,191,204,227,227,104,104,230,230,243,268,95,95,113,113,113,129,129,146,146,163,163,173,173,276,276,288,163,163,182,196,196,4,4,4,64,74,74,85,99,99,99],"floor_reached":51,"campfire_rested":1,"playtime":10910,"current_hp_per_floor":[69,69,55,38,38,38,38,59,59,59,49,49,80,80,80,50,80,74,68,68,68,72,72,72,68,68,73,73,78,78,75,75,79,80,80,80,70,75,80,80,80,80,80,80,80,80,79,76,76,76],"items_purged":["Strike_G","Defend_G","Envenom"],"gold":99,"play_id":"eb189d23-03b7-4121-be97-b44f38135e2e","is_prod":false,"is_daily":false,"is_ascension_mode":false,"campfire_upgraded":7,"path_taken":["M","M","?","?","?","R","M","R","T","R","M","?","?","$","R","BOSS","M","M","$","?","?","R","$","M","T","?","R","M","?","M","R","BOSS","M","$","?","M","M","R","$","R","T","E","?","?","M","M","R","BOSS"],"build_version":"2018-01-25-PROD3","purchased_purges":3,"victory":true,"master_deck":["Defend_G+1","Defend_G","Survivor+1","Neutralize+1","Well Laid Plans+1","Leg Sweep+1","Deflect","Burst+1","Slice","Footwork+1","Backflip","Blur","Flying Knee+1","Wraith Form+1","After Image+1","Blur+1","Backflip","Madness","Madness","Cloak And Dagger+1","Malaise","Blade Dance+1","Cloak And Dagger+1"],"max_hp_per_floor":[70,70,70,70,70,70,70,70,70,70,70,70,80,80,80,80,80,80,80,80,80,80,80,80,80,80,80,80,80,80,80,80,80,80,80,80,80,80,80,80,80,80,80,80,80,80,80,80,80,80],"relics":["Ring of the Snake","Bloody Idol","Lantern","Lizard Tail","Peace Pipe","Astrolabe","Oddly Smooth Stone","Smiling Mask","Tiny Chest"],"card_choices":[{"not_picked":["Poisoned Stab","Distraction"],"picked":"Leg Sweep"},{"not_picked":["Crippling Poison","Sucker Punch"],"picked":"Deflect"},{"not_picked":["Flechettes","Dagger Throw"],"picked":"Burst"},{"not_picked":["Tactician","Bullet Time"],"picked":"Burst"},{"not_picked":["Poisoned Stab","Backstab"],"picked":"Slice"},{"not_picked":["Deflect","All Out Attack"],"picked":"Backflip"},{"not_picked":["Dodge and Roll","Underhanded Strike"],"picked":"Blur"},{"not_picked":["PiercingWail","Calculated Gamble"],"picked":"Flying Knee"},{"not_picked":["Glass Knife","Tactician"],"picked":"Wraith Form"},{"not_picked":["Setup","Underhanded Strike"],"picked":"Backflip"},{"not_picked":["Prepared","Dagger Throw"],"picked":"Cloak And Dagger"},{"not_picked":["Underhanded Strike","Outmaneuver"],"picked":"Blade Dance"},{"not_picked":["Outmaneuver","Flying Knee"],"picked":"Cloak And Dagger"}],"player_experience":535392,"potions_floor_usage":[16,16,19,27,29,33,47,50,50],"damage_taken":[{"damage":1.0,"enemies":"Jaw Worm","floor":1.0,"turns":7.0},{"damage":0.0,"enemies":"2 Louse","floor":2.0,"turns":3.0},{"damage":0.0,"enemies":"Blue Slaver","floor":7.0,"turns":6.0},{"damage":10.0,"enemies":"Exordium Wildlife","floor":11.0,"turns":11.0},{"damage":0.0,"enemies":"3 Louse","floor":12.0,"turns":5.0},{"damage":30,"enemies":"Slime Boss","floor":16,"turns":29},{"damage":6,"enemies":"3 Byrds","floor":18,"turns":14},{"damage":6,"enemies":"Chosen","floor":19,"turns":13},{"damage":1,"enemies":"Slaver and Parasite","floor":22,"turns":21},{"damage":9,"enemies":"Centurion and Healer","floor":25,"turns":41},{"damage":0,"enemies":"Sentry and Sphere","floor":27,"turns":24},{"damage":0,"enemies":"Snake Plant","floor":29,"turns":16},{"damage":8,"enemies":"Snecko","floor":31,"turns":18},{"damage":1,"enemies":"Automaton","floor":33,"turns":25},{"damage":0,"enemies":"3 Shapes","floor":35,"turns":12},{"damage":0,"enemies":"3 Darklings","floor":38,"turns":12},{"damage":0,"enemies":"4 Shapes","floor":39,"turns":12},{"damage":0,"enemies":"Giant Head","floor":44,"turns":13},{"damage":0,"enemies":"Maw","floor":45,"turns":10},{"damage":6,"enemies":"3 Darklings","floor":47,"turns":8},{"damage":8,"enemies":"4 Shapes","floor":48,"turns":12},{"damage":0,"enemies":"Awakened One","floor":50,"turns":22}],"event_choices":[{"event_name":"Shining Light","player_choice":"Entered Light","floor":3.0,"damage_taken":0.0},{"event_name":"Golden Idol","player_choice":"Take Damage","floor":4.0,"damage_taken":0.0},{"event_name":"Liars Game","player_choice":"disagreed","floor":5.0,"damage_taken":0.0},{"event_name":"Bonfire Elementals","player_choice":"RARE","floor":13.0,"damage_taken":0.0},{"event_name":"Forgotten Altar","player_choice":"Gave Idol","floor":21,"damage_taken":0},{"event_name":"The Mausoleum","player_choice":"No","floor":30,"damage_taken":0},{"event_name":"Winding Halls","player_choice":"Embrace Madness","floor":37,"damage_taken":0},{"event_name":"Mysterious Sphere","player_choice":"Ignore","floor":46,"damage_taken":0}],"boss_relics":[{"not_picked":["Velvet Choker","Orrery"],"picked":"Lizard Tail"},{"not_picked":["White Beast Statue","Tiny House"],"picked":"Astrolabe"}],"potions_floor_spawned":[2,12,16,18,19,22,27,33,39,44,48],"seed_played":"442613815803042345","ascension_level":0,"is_trial":false}