{"path_per_floor":["M","?","M","M","$","R","M","R","T","R","$","E","M","M","R","B",null,"M","?","?","?","M","R","$","M","T","R","$","E","M","E","R","B",null,"M","M","$","M","M","R","M","R","T","R","$","$","M","M","R","B"],"character_chosen":"THE_SILENT","items_purchased":["Infinite Blades","Footwork"],"gold_per_floor":[117,117,137,152,77,77,95,95,122,122,22,51,66,80,80,177,177,196,196,246,146,161,161,36,54,54,54,54,87,101,132,132,235,235,248,265,77,91,110,110,128,128,128,128,53,53,71,83,83,83],"floor_reached":51,"campfire_rested":3,"playtime":3392,"current_hp_per_floor":[70,70,70,70,70,70,65,65,65,65,65,65,63,63,63,46,70,70,70,70,70,67,67,67,64,64,64,64,55,44,33,54,24,70,62,62,62,42,42,63,59,59,59,59,59,59,56,53,70,60],"items_purged":["Injury","Strike_G","Strike_G","Strike_G"],"gold":83,"play_id":"00ae579b-e164-4552-92da-a090b2944e68","is_prod":false,"is_daily":false,"is_ascension_mode":false,"campfire_upgraded":7,"path_taken":["M","?","M","M","$","R","M","R","T","R","?","E","M","M","R","BOSS","M","?","?","?","M","R","$","M","T","R","$","E","M","E","R","BOSS","M","?","$","M","M","R","M","R","T","R","?","$","?","M","R","BOSS"],"build_version":"2018-01-25-PROD3","purchased_purges":4,"victory":true,"master_deck":["Defend_G+1","Defend_G","Defend_G","Defend_G","Defend_G","Survivor","Neutralize+1","Riddle With Holes+1","Blade Dance+1","Accuracy+1","Dash+1","Well Laid Plans+1","Cloak And Dagger+1","Escape Plan","Adrenaline","J.A.X.+1","Blade Dance+1","Outmaneuver+1","After Image","Acrobatics+1","Infinite Blades","Backflip+1","Backflip+1","Footwork","Blade Dance+1"],"max_hp_per_floor":[70,70,70,70,70,70,70,70,70,70,70,70,70,70,70,70,70,70,70,70,70,70,70,70,70,70,70,70,70,70,70,70,70,70,70,70,70,70,70,70,70,70,70,70,70,70,70,70,70,70],"relics":["Ring of the Snake","Happy Flower","Ice Cream","Question Card","Du-Vu Doll","Toxic Egg","Mummified Hand","Sozu","Peace Pipe"],"card_choices":[{"not_picked":["Malaise","Bane"],"picked":"Blade Dance"},{"not_picked":["Slice","Deflect"],"picked":"Accuracy"},{"not_picked":["Skewer","Quick Slash"],"picked":"Dash"},{"not_picked":["Riddle With Holes","All Out Attack"],"picked":"Well Laid Plans"},{"not_picked":["Dash","A Thousand Cuts"],"picked":"Cloak And Dagger"},{"not_picked":["Dagger Spray","Deflect"],"picked":"Escape Plan"},{"not_picked":["A Thousand Cuts","Unload"],"picked":"Adrenaline"},{"not_picked":["Blur","Acrobatics","All Out Attack"],"picked":"Blade Dance"},{"not_picked":["Bane","Glass Knife","Bouncing Flask"],"picked":"Outmaneuver"},{"not_picked":["Die Die Die","A Thousand Cuts","Bullet Time"],"picked":"After Image"},{"not_picked":["Dagger Spray","Slice","Flying Knee"],"picked":"Acrobatics"},{"not_picked":["Slice","Poisoned Stab","Acrobatics"],"picked":"Backflip"},{"not_picked":["Infinite Blades","Catalyst","Quick Slash"],"picked":"Backflip"},{"not_picked":["Concentrate","Heel Hook","Dodge and Roll"],"picked":"Blade Dance"}],"player_experience":546302,"potions_floor_usage":[16,22,31,31,33],"damage_taken":[{"damage":0,"enemies":"Small Slimes","floor":1,"turns":3},{"damage":0,"enemies":"Blue Slaver","floor":3,"turns":5},{"damage":0,"enemies":"Cultist","floor":4,"turns":3},{"damage":5,"enemies":"Exordium Thugs","floor":7,"turns":6},{"damage":0,"enemies":"Lagavulin","floor":12,"turns":7},{"damage":2,"enemies":"Looter","floor":13,"turns":3},{"damage":0,"enemies":"Red Slaver","floor":14,"turns":4},{"damage":17,"enemies":"Hexaghost","floor":16,"turns":7},{"damage":0,"enemies":"3 Byrds","floor":18,"turns":4},{"damage":3,"enemies":"2 Thieves","floor":22,"turns":4},{"damage":3,"enemies":"Snecko","floor":25,"turns":4},{"damage":9,"enemies":"Gremlin Leader","floor":29,"turns":6},{"damage":11,"enemies":"Chosen and Byrds","floor":30,"turns":5},{"damage":11,"enemies":"Slavers","floor":31,"turns":6},{"damage":30,"enemies":"Collector","floor":33,"turns":9},{"damage":8,"enemies":"3 Darklings","floor":35,"turns":6},{"damage":0,"enemies":"Orb Walker","floor":36,"turns":5},{"damage":20,"enemies":"4 Shapes","floor":38,"turns":8},{"damage":0,"enemies":"Sphere and 2 Shapes","floor":39,"turns":5},{"damage":4,"enemies":"Maw","floor":41,"turns":6},{"damage":3,"enemies":"3 Darklings","floor":47,"turns":4},{"damage":3,"enemies":"Sphere and 2 Shapes","floor":48,"turns":4},{"damage":10,"enemies":"Awakened One","floor":50,"turns":9}],"event_choices":[{"event_name":"Accursed Blacksmith","player_choice":"Forge","floor":2,"damage_taken":0},{"event_name":"Vampires","player_choice":"Ignored","floor":19,"damage_taken":0},{"event_name":"The Joust","player_choice":"Bet on Murderer","floor":20,"damage_taken":0},{"event_name":"Drug Dealer","player_choice":"Got JAXXED","floor":21,"damage_taken":0}],"boss_relics":[{"not_picked":["Calling Bell","The Specimen"],"picked":"Question Card"},{"not_picked":["Runic Dome","Lizard Tail"],"picked":"Sozu"}],"potions_floor_spawned":[1,3,12,16,22,30,31,36,38,48],"seed_played":"-7476314176558977397","ascension_level":0,"is_trial":false}