{"path_per_floor":["M","?","?","M","M","R","?","R","T","M","E","$","R","M","R","B",null,"M","?","M","?","?","E","R","$","T","M","?","$","R","M","R","B",null,"M","$","?","M","M","R","M","R","T","?","?","$","M","M","R","B"],"character_chosen":"THE_SILENT","items_purchased":["Block Potion"],"gold_per_floor":[118,118,118,130,144,144,144,144,170,189,218,158,158,169,169,265,265,265,265,220,220,220,220,220,140,140,140,140,40,40,40,40,40,40,40,0,0,0,0,0,0,0,0,0,0,0,0,0,0,0],"floor_reached":51,"campfire_rested":1,"playtime":3083,"current_hp_per_floor":[70,70,70,68,68,68,61,61,61,61,48,48,48,45,45,22,70,70,70,65,65,49,39,39,39,39,37,37,37,37,37,58,58,70,70,70,70,70,70,70,70,70,70,70,70,70,62,62,62,58],"items_purged":["Strike_G","Strike_G","Strike_G"],"gold":0,"play_id":"9b9bf22f-87a4-4ef0-9263-44ae3c36d686","is_prod":false,"is_daily":false,"campfire_rituals":0,"campfire_upgraded":9,"is_hardmode":false,"path_taken":["M","?","?","?","M","R","?","R","T","M","E","$","R","?","R","BOSS","M","?","M","?","?","E","R","$","T","?","?","$","R","M","R","BOSS","M","$","?","M","M","R","M","R","T","?","?","?","M","?","R","BOSS"],"build_version":"2018-01-18-PROD4","purchased_purges":3,"victory":true,"master_deck":["Defend_G","Defend_G","Defend_G","Defend_G","Defend_G","Survivor","Neutralize","Flying Knee","Predator","Deflect","Tactician","Predator","Bullet Time","Acrobatics","Dash","Backflip","Backflip","Backflip"],"max_hp_per_floor":[70,70,70,70,70,70,70,70,70,70,70,70,70,70,70,70,70,70,70,70,70,70,70,70,70,70,70,70,70,70,70,70,70,70,70,70,70,70,70,70,70,70,70,70,70,70,70,70,70,70],"relics":["Ring of the Snake","Ancient Tea Set","The Courier","Ectoplasm","Enchiridion","Ice Cream","Gremlin Horn","Lizard Tail","Red Mask","Old Coin"],"campfire_meditates":0,"card_choices":[{"not_picked":["Blur","Cloak And Dagger"],"picked":"Flying Knee"},{"not_picked":["Dodge and Roll","Prepared"],"picked":"Predator"},{"not_picked":["Cloak And Dagger","PiercingWail"],"picked":"Deflect"},{"not_picked":["Eviscerate","Choke"],"picked":"Tactician"},{"not_picked":["Cloak And Dagger","Concentrate"],"picked":"Predator"},{"not_picked":["A Thousand Cuts","Doppelganger"],"picked":"Bullet Time"},{"not_picked":["Sucker Punch","PiercingWail"],"picked":"Acrobatics"},{"not_picked":["Sucker Punch","Acrobatics"],"picked":"Backflip"},{"not_picked":["Dash","Prepared"],"picked":"Backflip"},{"not_picked":["Wraith Form","PiercingWail"],"picked":"Backflip"}],"player_experience":528669,"potions_floor_usage":[10,11,20,20,33,47,50,50,50],"damage_taken":[{"damage":0,"enemies":"Jaw Worm","floor":1,"turns":3},{"damage":2,"enemies":"Blue Slaver","floor":4,"turns":5},{"damage":0,"enemies":"2 Louse","floor":5,"turns":2},{"damage":0,"enemies":"2 Fungi Beasts","floor":10,"turns":2},{"damage":19,"enemies":"Lagavulin","floor":11,"turns":7},{"damage":3,"enemies":"Red Slaver","floor":14,"turns":4},{"damage":23,"enemies":"Slime Boss","floor":16,"turns":10},{"damage":0,"enemies":"Spheric Guardian","floor":18,"turns":3},{"damage":5,"enemies":"2 Thieves","floor":20,"turns":3},{"damage":10,"enemies":"Gremlin Leader","floor":23,"turns":6},{"damage":2,"enemies":"Slaver and Parasite","floor":27,"turns":5},{"damage":0,"enemies":"Snake Plant","floor":31,"turns":3},{"damage":0,"enemies":"Automaton","floor":33,"turns":8},{"damage":0,"enemies":"3 Shapes","floor":35,"turns":5},{"damage":0,"enemies":"3 Darklings","floor":38,"turns":4},{"damage":0,"enemies":"Sphere and 2 Shapes","floor":39,"turns":4},{"damage":0,"enemies":"Maw","floor":41,"turns":8},{"damage":8,"enemies":"4 Shapes","floor":47,"turns":6},{"damage":0,"enemies":"Sphere and 2 Shapes","floor":48,"turns":4},{"damage":4,"enemies":"Time Eater","floor":50,"turns":14}],"event_choices":[{"event_name":"The Woman in Blue","player_choice":"Bought 0 Potions","floor":2,"damage_taken":0},{"event_name":"The Lab","player_choice":"Got Potions","floor":3,"damage_taken":0},{"event_name":"Golden Wing","player_choice":"Card Removal","floor":7,"damage_taken":0},{"event_name":"The Library","player_choice":"Read","floor":19,"damage_taken":0},{"event_name":"Drug Dealer","player_choice":"Ignored","floor":21,"damage_taken":0},{"event_name":"Cursed Tome","player_choice":"Obtained Book","floor":22,"damage_taken":0},{"event_name":"Bonfire Elementals","player_choice":"BASIC","floor":28,"damage_taken":0},{"event_name":"Tomb of Lord Red Mask","player_choice":"Paid","floor":37,"damage_taken":0},{"event_name":"Wheel of Change","player_choice":"Gold","floor":44,"damage_taken":0},{"event_name":"Mysterious Sphere","player_choice":"Ignore","floor":45,"damage_taken":0}],"boss_relics":[{"not_picked":["Black Star","Pandora\u0027s Box"],"picked":"Ectoplasm"},{"not_picked":["Orrery","The Specimen"],"picked":"Lizard Tail"}],"potions_floor_spawned":[1,11,16,18,33,39,41,47,48],"seed_played":"4690921345141713426","is_trial":false}