{"path_per_floor":["M","?","$","M","M","M","R","M","T","M","M","R","M","M","R","B",null,"M","$","?","M","T","R","$","R","T","M","R","?","M","M","R","B",null,"M","?","?","M","M","R","$","M","T","?","M","?","$","M","R","B"],"character_chosen":"THE_SILENT","items_purchased":["Happy Flower","Paper Crane","Strength Potion","Dexterity Potion","Oddly Smooth Stone"],"gold_per_floor":[115,115,40,53,72,86,86,104,104,114,133,133,150,167,167,265,265,278,30,30,44,344,344,106,106,160,175,175,175,189,203,203,302,302,320,320,320,330,344,344,119,135,159,259,276,276,130,142,142,142],"floor_reached":51,"campfire_rested":2,"playtime":3685,"current_hp_per_floor":[63,56,56,55,55,44,44,37,37,35,35,35,31,35,56,54,70,69,69,69,69,69,69,69,69,69,69,69,69,69,69,69,64,70,70,70,70,70,70,70,70,65,65,65,53,53,53,48,69,60],"items_purged":["Strike_G","Strike_G","Strike_G"],"gold":142,"play_id":"0a66cd78-907a-4cf8-8a1c-6f6bc8d89697","is_prod":false,"is_daily":false,"campfire_rituals":0,"campfire_upgraded":7,"is_hardmode":false,"path_taken":["M","?","?","?","?","M","R","M","T","M","?","R","M","M","R","BOSS","M","?","?","?","?","R","$","R","T","M","R","?","M","M","R","BOSS","M","?","?","M","?","R","$","M","T","?","M","?","?","?","R","BOSS"],"build_version":"2018-01-18-PROD4","purchased_purges":4,"victory":true,"master_deck":["Defend_G","Defend_G","Defend_G","Defend_G","Strike_G","Survivor","Neutralize","Dagger Throw","Backflip","Footwork","Dagger Throw","Underhanded Strike","Dagger Throw","Dash","Predator","Tactician","Sucker Punch","Terror","Adrenaline","Footwork","Skewer"],"max_hp_per_floor":[70,70,70,70,70,70,70,70,70,70,70,70,70,70,70,70,70,70,70,70,70,70,70,70,70,70,70,70,70,70,70,70,70,70,70,70,70,70,70,70,70,70,70,70,70,70,70,70,70,70],"relics":["Ring of the Snake","Ice Cream","Velvet Choker","Happy Flower","Old Coin","Paper Crane","Omamori","Bag of Preparation","Black Star","Orichalcum","Oddly Smooth Stone"],"campfire_meditates":0,"card_choices":[{"not_picked":["Envenom","Acrobatics"],"picked":"Dagger Throw"},{"not_picked":["Quick Slash","Sucker Punch"],"picked":"Backflip"},{"not_picked":["Noxious Fumes","PiercingWail"],"picked":"Footwork"},{"not_picked":["Venomology","Blade Dance"],"picked":"Dagger Throw"},{"not_picked":["Sucker Punch","PiercingWail"],"picked":"Underhanded Strike"},{"not_picked":["Accuracy","Catalyst"],"picked":"Dagger Throw"},{"not_picked":["Quick Slash","Deadly Poison"],"picked":"Predator"},{"not_picked":["Night Terror","Storm of Steel"],"picked":"Tactician"},{"not_picked":["Well Laid Plans","Deflect"],"picked":"Sucker Punch"},{"not_picked":["Prepared","Flying Knee"],"picked":"Terror"},{"not_picked":["Masterful Stab","Heel Hook"],"picked":"Adrenaline"},{"not_picked":["Infinite Blades","Dodge and Roll"],"picked":"Footwork"},{"not_picked":["Prepared","Bane"],"picked":"Skewer"}],"player_experience":348384,"potions_floor_usage":[13,14,18,18,33,50,50,50],"damage_taken":[{"damage":7,"enemies":"Blue Slaver","floor":1,"turns":6},{"damage":1,"enemies":"Small Slimes","floor":4,"turns":4},{"damage":0,"enemies":"Cultist","floor":5,"turns":3},{"damage":11,"enemies":"Exordium Thugs","floor":6,"turns":7},{"damage":7,"enemies":"Gremlin Gang","floor":8,"turns":6},{"damage":2,"enemies":"Lots of Slimes","floor":10,"turns":7},{"damage":0,"enemies":"Large Slime","floor":11,"turns":6},{"damage":4,"enemies":"Gremlin Gang","floor":13,"turns":3},{"damage":8,"enemies":"Lots of Slimes","floor":14,"turns":5},{"damage":2,"enemies":"The Guardian","floor":16,"turns":14},{"damage":1,"enemies":"2 Thieves","floor":18,"turns":4},{"damage":0,"enemies":"Spheric Guardian","floor":21,"turns":3},{"damage":0,"enemies":"3 Cultists","floor":27,"turns":6},{"damage":0,"enemies":"Snecko","floor":30,"turns":3},{"damage":0,"enemies":"Snake Plant","floor":31,"turns":3},{"damage":5,"enemies":"Collector","floor":33,"turns":14},{"damage":0,"enemies":"3 Darklings","floor":35,"turns":5},{"damage":0,"enemies":"Orb Walker","floor":38,"turns":3},{"damage":0,"enemies":"Maw","floor":39,"turns":6},{"damage":5,"enemies":"4 Shapes","floor":42,"turns":5},{"damage":12,"enemies":"Sphere and 2 Shapes","floor":45,"turns":5},{"damage":5,"enemies":"Maw","floor":48,"turns":7},{"damage":9,"enemies":"Time Eater","floor":50,"turns":12}],"event_choices":[{"event_name":"Golden Wing","player_choice":"Card Removal","floor":2,"damage_taken":0},{"event_name":"The Library","player_choice":"Read","floor":20,"damage_taken":0},{"event_name":"The Mausoleum","player_choice":"Yes","floor":29,"damage_taken":0},{"event_name":"Mysterious Sphere","player_choice":"Ignore","floor":36,"damage_taken":0},{"event_name":"Tomb of Lord Red Mask","player_choice":"Ignored","floor":37,"damage_taken":0},{"event_name":"Golden Shrine","player_choice":"Pray","floor":44,"damage_taken":0},{"event_name":"Match and Keep!","player_choice":"0 cards matched","floor":46,"damage_taken":0}],"boss_relics":[{"not_picked":["Runic Dome","Tiny House"],"picked":"Velvet Choker"},{"not_picked":["Snecko Eye","Runic Pyramid"],"picked":"Black Star"}],"potions_floor_spawned":[5,6,10,14,16,21,31,33,39,42,45],"seed_played":"4050102528923573383","is_trial":false}