{"path_per_floor":["M","$","?","?","M","M","M","R","T","?","M","R","M","M","R","B",null,"M","?","?","M","M","R","T","R","T","?","R","M","M","?","R","B",null,"M","M","?","M","?","R","$","R","T","?","M","R","?","$","R","B"],"character_chosen":"THE_SILENT","items_purchased":["Backflip","Dash","Kunai","Whetstone"],"gold_per_floor":[112,37,37,37,61,79,99,99,99,99,123,123,144,168,168,298,298,322,322,322,346,361,361,438,438,491,491,491,511,526,526,526,623,623,640,656,656,674,674,674,470,470,523,523,539,539,539,6,6,6],"floor_reached":51,"campfire_rested":1,"playtime":3640,"current_hp_per_floor":[70,70,53,53,53,53,51,51,51,37,52,52,52,50,50,47,70,49,42,65,65,65,65,65,65,65,49,49,50,33,33,54,67,70,70,70,70,70,70,70,70,70,70,60,67,67,67,67,67,69],"items_purged":["Strike_G","Strike_G","Strike_G"],"gold":6,"play_id":"950fac85-397f-414d-9d5a-4e95d3a3a2c1","is_prod":false,"is_daily":false,"campfire_rituals":0,"campfire_upgraded":10,"is_hardmode":false,"path_taken":["M","$","?","?","M","M","M","R","T","?","?","R","M","M","R","BOSS","M","?","?","M","?","R","?","R","T","?","R","?","M","?","R","BOSS","M","M","?","M","?","R","$","R","T","?","M","R","?","$","R","BOSS"],"build_version":"2018-01-18-PROD4","purchased_purges":3,"victory":true,"master_deck":["Defend_G","Defend_G","Defend_G","Defend_G","Strike_G","Strike_G","Survivor","Neutralize","Well Laid Plans","Predator","Terror","Backflip","Flying Knee","Predator","Bullet Time","Footwork","Backflip","Deflect","Adrenaline","Sucker Punch","Backflip","Dash","Madness","Madness"],"max_hp_per_floor":[70,70,70,70,70,70,70,70,70,70,70,70,70,70,70,70,70,70,70,70,70,70,70,70,70,70,70,70,70,70,70,70,70,70,70,70,70,70,70,70,70,70,70,70,70,70,70,70,70,70],"relics":["Ring of the Snake","Bloody Idol","Sundial","The Specimen","Paper Crane","Blood Vial","Nilry\u0027s Codex","Philosopher\u0027s Stone","Ancient Tea Set","Kunai","Whetstone"],"campfire_meditates":0,"card_choices":[{"not_picked":["Outmaneuver","Quick Slash"],"picked":"Well Laid Plans"},{"not_picked":["PiercingWail","Quick Slash"],"picked":"Predator"},{"not_picked":["Choke","Underhanded Strike"],"picked":"Terror"},{"not_picked":["Escape Plan","Flying Knee"],"picked":"Backflip"},{"not_picked":["Slice","Cloak And Dagger"],"picked":"Flying Knee"},{"not_picked":["Choke","Doppelganger"],"picked":"Predator"},{"not_picked":["Night Terror","Envenom"],"picked":"Bullet Time"},{"not_picked":["Cloak And Dagger","PiercingWail"],"picked":"Footwork"},{"not_picked":["Outmaneuver","Underhanded Strike"],"picked":"Backflip"},{"not_picked":["PiercingWail","Cloak And Dagger"],"picked":"Deflect"},{"not_picked":["Phantasmal Killer","Bullet Time"],"picked":"Adrenaline"},{"not_picked":["Slice","Dodge and Roll"],"picked":"Sucker Punch"}],"player_experience":531752,"potions_floor_usage":[11,13,18,29,30,33,50,50],"damage_taken":[{"damage":0,"enemies":"2 Louse","floor":1,"turns":4},{"damage":0,"enemies":"Small Slimes","floor":5,"turns":3},{"damage":0,"enemies":"Cultist","floor":6,"turns":3},{"damage":2,"enemies":"Looter","floor":7,"turns":3},{"damage":0,"enemies":"Exordium Wildlife","floor":11,"turns":6},{"damage":0,"enemies":"Exordium Thugs","floor":13,"turns":3},{"damage":2,"enemies":"Looter","floor":14,"turns":2},{"damage":3,"enemies":"The Guardian","floor":16,"turns":8},{"damage":21,"enemies":"2 Thieves","floor":18,"turns":4},{"damage":0,"enemies":"Shell Parasite","floor":21,"turns":4},{"damage":0,"enemies":"Centurion and Healer","floor":22,"turns":7},{"damage":1,"enemies":"Snake Plant","floor":29,"turns":3},{"damage":19,"enemies":"Chosen and Byrds","floor":30,"turns":7},{"damage":9,"enemies":"Champ","floor":33,"turns":12},{"damage":3,"enemies":"3 Shapes","floor":35,"turns":4},{"damage":3,"enemies":"Orb Walker","floor":36,"turns":3},{"damage":0,"enemies":"3 Darklings","floor":38,"turns":8},{"damage":0,"enemies":"Maw","floor":45,"turns":7},{"damage":0,"enemies":"Awakened One","floor":50,"turns":13}],"event_choices":[{"event_name":"Golden Idol","player_choice":"Take Damage","floor":3,"damage_taken":0},{"event_name":"Living Wall","player_choice":"Grow","floor":4,"damage_taken":0},{"event_name":"Shining Light","player_choice":"Entered Light","floor":10,"damage_taken":0},{"event_name":"Knowing Skull","player_choice":"","floor":19,"damage_taken":0},{"event_name":"The Library","player_choice":"Heal","floor":20,"damage_taken":0},{"event_name":"Cursed Tome","player_choice":"Obtained Book","floor":27,"damage_taken":0},{"event_name":"Forgotten Altar","player_choice":"Gave Idol","floor":31,"damage_taken":0},{"event_name":"Tomb of Lord Red Mask","player_choice":"Ignored","floor":39,"damage_taken":0},{"event_name":"Winding Halls","player_choice":"Embrace Madness","floor":44,"damage_taken":0},{"event_name":"Mysterious Sphere","player_choice":"Ignore","floor":47,"damage_taken":0}],"boss_relics":[{"not_picked":["Runic Pyramid","Calling Bell"],"picked":"The Specimen"},{"not_picked":["Question Card","Pandora\u0027s Box"],"picked":"Philosopher\u0027s Stone"}],"potions_floor_spawned":[6,7,13,18,29,30,35,38,45],"seed_played":"6024930008511090649","is_trial":false}