{"path_per_floor":["M","M","?","M","$","E","R","$","T","R","?","M","R","M","R","B",null,"M","$","?","M","M","E","R","?","T","M","M","R","E","M","R","B",null,"M","M","$","?","M","R","M","M","T","M","?","M","?","?","R","B"],"character_chosen":"THE_SILENT","items_purchased":["Dexterity Potion","Dexterity Potion","Pen Nib"],"gold_per_floor":[219,238,238,249,174,201,201,101,125,125,125,139,139,153,153,250,250,260,135,135,151,165,200,200,200,200,214,225,225,258,276,276,379,379,396,413,17,17,27,27,46,65,89,102,102,113,113,0,0,0],"floor_reached":51,"campfire_rested":4,"playtime":41955,"current_hp_per_floor":[70,70,70,70,70,40,40,40,40,40,37,30,30,29,50,11,70,48,48,48,48,47,23,44,44,44,50,49,49,18,34,56,28,76,69,68,68,68,67,67,71,60,60,62,62,61,51,51,75,16],"items_purged":["Strike_G","Strike_G","Strike_G","Strike_G"],"gold":0,"play_id":"de6ac036-85cb-47c5-9fbe-37fc7cc404b6","is_prod":false,"is_daily":false,"campfire_rituals":0,"campfire_upgraded":5,"is_hardmode":false,"path_taken":["M","M","?","M","$","E","R","?","T","R","?","M","R","M","R","BOSS","M","$","?","M","?","E","R","?","T","M","M","R","E","M","R","BOSS","M","M","$","?","M","R","M","?","T","M","?","M","?","?","R","BOSS"],"build_version":"2018-01-18-PROD4","purchased_purges":4,"victory":true,"master_deck":["Defend_G","Defend_G","Defend_G","Defend_G","Strike_G","Survivor","Neutralize","Tools of the Trade","Quick Slash","Quick Slash","Tactician","Backflip","Backflip","Burst","Flying Knee","Noxious Fumes","Bane","Dagger Throw","Footwork","Tactician","Deflect","Footwork","Outmaneuver","Prepared","Acrobatics","Madness","Madness"],"max_hp_per_floor":[70,70,70,70,70,70,70,70,70,70,70,70,70,70,70,70,70,70,70,70,70,70,70,70,70,70,72,72,72,74,76,76,76,76,78,78,78,78,78,78,78,78,78,80,80,80,80,80,80,80],"relics":["Ring of the Snake","Frozen Egg","Singing Bowl","Torii","Black Star","Anchor","Ancient Tea Set","Toolbox","Frozen Eye","Unceasing Top","Question Card","Pen Nib","Happy Flower","Red Mask"],"campfire_meditates":0,"card_choices":[{"not_picked":["Dodge and Roll","Setup"],"picked":"Tools of the Trade"},{"not_picked":["Escape Plan","Bane"],"picked":"Quick Slash"},{"not_picked":["Underhanded Strike","Choke"],"picked":"Quick Slash"},{"not_picked":["Slice","Unload"],"picked":"Tactician"},{"not_picked":["Concentrate","Well Laid Plans"],"picked":"Backflip"},{"not_picked":["Slice","Noxious Fumes"],"picked":"Backflip"},{"not_picked":["Corpse Explosion","Wraith Form"],"picked":"Burst"},{"not_picked":["Cloak And Dagger","Acrobatics"],"picked":"Flying Knee"},{"not_picked":["Choke","Infinite Blades"],"picked":"Noxious Fumes"},{"not_picked":["Sucker Punch","Deadly Poison"],"picked":"Bane"},{"not_picked":["Backstab","Leg Sweep"],"picked":"Dagger Throw"},{"not_picked":["Flying Knee","Slice"],"picked":"Footwork"},{"not_picked":["Storm of Steel","After Image"],"picked":"Tactician"},{"not_picked":["Slice","Bouncing Flask","Accuracy"],"picked":"Deflect"},{"not_picked":["Dagger Spray","Deflect","Poisoned Stab"],"picked":"Footwork"},{"not_picked":["Acrobatics","PiercingWail","Well Laid Plans"],"picked":"Outmaneuver"},{"not_picked":["Poisoned Stab","PiercingWail","Slice"],"picked":"Prepared"},{"not_picked":["Cloak And Dagger","Dagger Throw","Dagger Spray"],"picked":"Acrobatics"}],"player_experience":464670,"potions_floor_usage":[6,12,23,28,30,31,50,50,50],"damage_taken":[{"damage":0,"enemies":"Jaw Worm","floor":1,"turns":5},{"damage":0,"enemies":"Blue Slaver","floor":2,"turns":7},{"damage":0,"enemies":"Cultist","floor":4,"turns":3},{"damage":30,"enemies":"Lagavulin","floor":6,"turns":9},{"damage":7,"enemies":"Exordium Thugs","floor":12,"turns":5},{"damage":1,"enemies":"2 Fungi Beasts","floor":14,"turns":4},{"damage":39,"enemies":"Hexaghost","floor":16,"turns":17},{"damage":22,"enemies":"Spheric Guardian","floor":18,"turns":6},{"damage":0,"enemies":"Shell Parasite","floor":21,"turns":7},{"damage":1,"enemies":"Centurion and Healer","floor":22,"turns":6},{"damage":24,"enemies":"Slavers","floor":23,"turns":9},{"damage":0,"enemies":"Snake Plant","floor":27,"turns":4},{"damage":1,"enemies":"3 Cultists","floor":28,"turns":5},{"damage":33,"enemies":"Gremlin Leader","floor":30,"turns":8},{"damage":1,"enemies":"Centurion and Healer","floor":31,"turns":6},{"damage":28,"enemies":"Automaton","floor":33,"turns":12},{"damage":9,"enemies":"3 Darklings","floor":35,"turns":6},{"damage":1,"enemies":"3 Shapes","floor":36,"turns":5},{"damage":1,"enemies":"3 Darklings","floor":39,"turns":5},{"damage":0,"enemies":"Maw","floor":41,"turns":9},{"damage":11,"enemies":"Sphere and 2 Shapes","floor":42,"turns":5},{"damage":0,"enemies":"3 Darklings","floor":44,"turns":6},{"damage":1,"enemies":"Maw","floor":46,"turns":7},{"damage":59,"enemies":"Time Eater","floor":50,"turns":11}],"event_choices":[{"event_name":"The Woman in Blue","player_choice":"Bought 0 Potions","floor":3,"damage_taken":0},{"event_name":"Scrap Ooze","player_choice":"success","floor":11,"damage_taken":3},{"event_name":"Vampires","player_choice":"Ignored","floor":20,"damage_taken":0},{"event_name":"The Mausoleum","player_choice":"No","floor":25,"damage_taken":0},{"event_name":"Mysterious Sphere","player_choice":"Ignore","floor":45,"damage_taken":0},{"event_name":"Winding Halls","player_choice":"Embrace Madness","floor":47,"damage_taken":0},{"event_name":"Tomb of Lord Red Mask","player_choice":"Paid","floor":48,"damage_taken":0}],"boss_relics":[{"not_picked":["White Beast Statue","Velvet Choker"],"picked":"Black Star"},{"not_picked":["Runic Pyramid","Orrery"],"picked":"Question Card"}],"potions_floor_spawned":[1,6,18,21,28,30,31,41,42,44,46],"seed_played":"-4081236932488253249","is_trial":false}