{"path_per_floor":["M","M","?","$","M","R","M","R","T","?","R","E","?","M","R","B",null,"M","$","M","M","?","R","M","T","T","R","M","E","M","M","R","B",null,"M","?","?","$","M","R","M","M","T","$","M","M","$","?","R","B"],"character_chosen":"THE_SILENT","items_purchased":["Accuracy","Calculated Gamble","Shuriken"],"gold_per_floor":[109,127,127,52,69,69,88,88,88,88,88,116,116,136,136,232,232,252,152,168,187,187,187,204,252,252,252,266,299,319,337,337,440,440,455,455,455,215,226,226,245,258,258,20,34,48,48,48,48,48],"floor_reached":51,"campfire_rested":1,"playtime":9208,"current_hp_per_floor":[69,68,68,68,68,68,68,68,68,54,54,38,61,60,60,44,70,69,69,69,61,61,61,60,60,60,60,60,38,38,37,37,18,70,70,70,70,70,62,62,62,50,50,50,22,22,22,22,43,36],"items_purged":["Strike_G","Catalyst","Underhanded Strike"],"gold":48,"play_id":"8e4227f9-0cb6-4e2c-9668-55bad6b2063d","is_prod":false,"is_daily":false,"campfire_rituals":0,"campfire_upgraded":8,"is_hardmode":false,"path_taken":["M","M","?","$","M","R","M","R","T","?","R","E","?","M","R","BOSS","M","$","M","M","?","R","?","?","T","R","?","E","M","M","R","BOSS","M","?","?","$","M","R","M","M","T","?","?","M","?","?","R","BOSS"],"build_version":"2018-01-18-PROD4","purchased_purges":3,"victory":true,"master_deck":["Defend_G","Defend_G","Defend_G","Defend_G","Strike_G","Survivor","Neutralize","Dagger Throw","Deflect","Cloak And Dagger","Die Die Die","Blur","Setup","Terror","Footwork","Prepared","Prepared","Storm of Steel","Accuracy","Calculated Gamble","Blade Dance","Finisher","Outmaneuver","Finisher","Accuracy"],"max_hp_per_floor":[70,70,70,70,70,70,70,70,70,70,70,70,70,70,70,70,70,70,70,70,70,70,70,70,70,70,70,70,70,70,70,70,70,70,70,70,70,70,70,70,70,70,70,70,70,70,70,70,70,70],"relics":["Ring of the Snake","Toxic Egg","Sundial","Astrolabe","Anchor","Unceasing Top","Molten Egg","Sozu","Dream Catcher","Shuriken"],"campfire_meditates":0,"card_choices":[{"not_picked":["Finisher","Deadly Poison"],"picked":"Dagger Throw"},{"not_picked":["Flying Knee","Dagger Throw"],"picked":"Deflect"},{"not_picked":["Eviscerate","Outmaneuver"],"picked":"Cloak And Dagger"},{"not_picked":["Dagger Spray","Malaise"],"picked":"Infinite Blades"},{"not_picked":["Grand Finale","Tools of the Trade"],"picked":"Die Die Die"},{"not_picked":["Blur","Sucker Punch"],"picked":"Terror"},{"not_picked":["Flying Knee","Terror"],"picked":"Prepared"},{"not_picked":["Noxious Fumes","Concentrate"],"picked":"Prepared"},{"not_picked":["Quick Slash","Backstab"],"picked":"Underhanded Strike"},{"not_picked":["Bullet Time","Phantasmal Killer"],"picked":"Storm of Steel"},{"not_picked":["Finisher","Deadly Poison"],"picked":"Blade Dance"},{"not_picked":["Concentrate","Underhanded Strike"],"picked":"Finisher"},{"not_picked":["Dodge and Roll","Quick Slash"],"picked":"Outmaneuver"},{"not_picked":["Deadly Poison","Skewer"],"picked":"Accuracy"}],"player_experience":455462,"potions_floor_usage":[21,29,29,33,33],"damage_taken":[{"damage":1,"enemies":"2 Louse","floor":1,"turns":3},{"damage":1,"enemies":"Cultist","floor":2,"turns":4},{"damage":0,"enemies":"Small Slimes","floor":5,"turns":4},{"damage":0,"enemies":"3 Louse","floor":7,"turns":3},{"damage":16,"enemies":"Gremlin Nob","floor":12,"turns":4},{"damage":1,"enemies":"Gremlin Gang","floor":14,"turns":6},{"damage":16,"enemies":"Slime Boss","floor":16,"turns":15},{"damage":1,"enemies":"Chosen","floor":18,"turns":7},{"damage":0,"enemies":"3 Byrds","floor":20,"turns":7},{"damage":8,"enemies":"Sentry and Sphere","floor":21,"turns":8},{"damage":1,"enemies":"Snake Plant","floor":24,"turns":7},{"damage":0,"enemies":"Centurion and Healer","floor":28,"turns":11},{"damage":22,"enemies":"Gremlin Leader","floor":29,"turns":10},{"damage":0,"enemies":"Snecko","floor":30,"turns":7},{"damage":1,"enemies":"Slaver and Parasite","floor":31,"turns":8},{"damage":19,"enemies":"Collector","floor":33,"turns":17},{"damage":0,"enemies":"Orb Walker","floor":35,"turns":4},{"damage":8,"enemies":"3 Shapes","floor":39,"turns":6},{"damage":0,"enemies":"3 Darklings","floor":41,"turns":8},{"damage":12,"enemies":"Sphere and 2 Shapes","floor":42,"turns":4},{"damage":28,"enemies":"4 Shapes","floor":45,"turns":5},{"damage":0,"enemies":"3 Darklings","floor":46,"turns":4},{"damage":7,"enemies":"Awakened One","floor":50,"turns":10}],"event_choices":[{"event_name":"Upgrade Shrine","player_choice":"Upgraded","floor":3,"damage_taken":0},{"event_name":"Shining Light","player_choice":"Entered Light","floor":10,"damage_taken":0},{"event_name":"Big Fish","player_choice":"Banana","floor":13,"damage_taken":0},{"event_name":"The Library","player_choice":"Read","floor":22,"damage_taken":0},{"event_name":"Tomb of Lord Red Mask","player_choice":"Ignored","floor":36,"damage_taken":0},{"event_name":"Transmorgrifier","player_choice":"Transform","floor":48,"damage_taken":0}],"boss_relics":[{"not_picked":["Runic Pyramid","Orrery"],"picked":"Astrolabe"},{"not_picked":["Snecko Eye","Runic Dome"],"picked":"Sozu"}],"potions_floor_spawned":[1,5,7,16,20,24,29,33,39,42,45],"seed_played":"7022099550025879673","is_trial":false}