{"path_per_floor":["M","M","?","M","?","E","R","$","T","?","M","R","M","$","R","B",null,"M","?","?","M","M","R","?","R","T","E","R","T","M","?","R","B",null,"M","$","M","M","?","R","M","R","T","?","M","E","$","?","R"],"character_chosen":"THE_SILENT","items_purchased":["Flash of Steel","Bag of Marbles","Pear"],"gold_per_floor":[119,130,130,147,147,181,181,6,32,32,44,44,60,60,60,163,163,175,175,175,187,201,201,201,201,224,255,255,325,345,345,345,447,447,461,70,80,91,91,91,108,108,158,158,175,202,102,102,102],"floor_reached":50,"campfire_rested":2,"playtime":3614,"current_hp_per_floor":[70,70,70,70,77,58,58,58,58,43,43,66,64,64,64,31,77,75,75,53,49,41,41,41,41,41,39,39,39,24,24,24,14,53,53,63,61,49,49,49,41,59,59,59,63,35,35,35,35],"items_purged":["Defend_G","Regret"],"gold":102,"play_id":"2c128057-2417-4208-a53a-ea1c930427be","is_prod":false,"is_daily":false,"campfire_rituals":0,"campfire_upgraded":7,"is_hardmode":false,"path_taken":["M","M","?","?","?","E","R","$","T","?","M","R","M","?","R","BOSS","M","?","?","M","M","R","?","R","T","E","R","?","M","?","R","BOSS","M","$","M","M","?","R","?","R","T","?","M","E","$","?","R","BOSS"],"build_version":"2018-01-11-PROD2","purchased_purges":2,"victory":false,"master_deck":["Defend_G","Defend_G","Defend_G","Survivor","Neutralize","Backstab","Dagger Throw","Tools of the Trade","Flash of Steel","Backflip","Deflect","Bite_G","Bite_G","Bite_G","Bite_G","Bite_G","Quick Slash","Outmaneuver","Quick Slash","Underhanded Strike","Writhe","Acrobatics","Flash of Steel","Escape Plan","Dagger Throw"],"max_hp_per_floor":[70,70,70,70,77,77,77,77,77,77,77,77,77,77,77,77,77,77,77,53,53,53,53,53,53,53,53,53,53,53,53,53,53,53,53,63,63,63,63,63,63,63,63,63,63,63,63,63,63],"relics":["Ring of the Snake","Strawberry","Shuriken","Lantern","Philosopher\u0027s Stone","Snake Skull","Ninja Scroll","Pantograph","Oddly Smooth Stone","Sozu","Bag of Marbles","Pear","Dream Catcher","Shovel","Sundial"],"campfire_meditates":0,"card_choices":[{"not_picked":["Cloak And Dagger","Quick Slash"],"picked":"Backstab"},{"not_picked":["Reflex","Tactician"],"picked":"Dagger Throw"},{"not_picked":["Malaise","Deadly Poison"],"picked":"Tools of the Trade"},{"not_picked":["Outmaneuver","Dodge and Roll"],"picked":"Backflip"},{"not_picked":["Cloak And Dagger","Dagger Throw"],"picked":"Quick Slash"},{"not_picked":["Riddle With Holes","Quick Slash"],"picked":"Outmaneuver"},{"not_picked":["Deflect","Glass Knife"],"picked":"Quick Slash"},{"not_picked":["Poisoned Stab","Catalyst"],"picked":"Underhanded Strike"},{"not_picked":["Noxious Fumes","Finisher"],"picked":"Acrobatics"},{"not_picked":["Cloak And Dagger","Outmaneuver"],"picked":"Escape Plan"},{"not_picked":["Distraction","Cloak And Dagger"],"picked":"Dagger Throw"}],"player_experience":66105,"potions_floor_usage":[6,16,27,27,33],"damage_taken":[{"damage":0,"enemies":"2 Louse","floor":1,"turns":3},{"damage":0,"enemies":"Blue Slaver","floor":2,"turns":5},{"damage":0,"enemies":"Jaw Worm","floor":4,"turns":4},{"damage":19,"enemies":"3 Sentries","floor":6,"turns":11},{"damage":0,"enemies":"Looter","floor":11,"turns":2},{"damage":2,"enemies":"Large Slime","floor":13,"turns":4},{"damage":33,"enemies":"Slime Boss","floor":16,"turns":11},{"damage":2,"enemies":"Chosen","floor":18,"turns":4},{"damage":10,"enemies":"Shell Parasite","floor":21,"turns":5},{"damage":20,"enemies":"3 Cultists","floor":22,"turns":6},{"damage":24,"enemies":"Book of Stabbing","floor":27,"turns":6},{"damage":27,"enemies":"Snake Plant","floor":30,"turns":4},{"damage":67,"enemies":"Champ","floor":33,"turns":9},{"damage":0,"enemies":"3 Shapes","floor":35,"turns":3},{"damage":12,"enemies":"3 Darklings","floor":37,"turns":4},{"damage":21,"enemies":"Sphere and 2 Shapes","floor":38,"turns":4},{"damage":16,"enemies":"4 Shapes","floor":41,"turns":3},{"damage":7,"enemies":"Maw","floor":45,"turns":6},{"damage":35,"enemies":"Giant Head","floor":46,"turns":7},{"damage":98,"enemies":"Donu and Deca","floor":50,"turns":5}],"event_choices":[{"event_name":"The Woman in Blue","player_choice":"Bought 0 Potions","floor":3,"damage_taken":0},{"event_name":"Big Fish","player_choice":"Box","floor":5,"damage_taken":0},{"event_name":"Shining Light","player_choice":"Entered Light","floor":10,"damage_taken":0},{"event_name":"Match and Keep!","player_choice":"1 cards matched","floor":19,"damage_taken":0},{"event_name":"Vampires","player_choice":"Became a vampire","floor":20,"damage_taken":0},{"event_name":"Drug Dealer","player_choice":"Ignored","floor":24,"damage_taken":0},{"event_name":"The Mausoleum","player_choice":"Yes","floor":31,"damage_taken":0},{"event_name":"Duplicator","player_choice":"One dupe","floor":39,"damage_taken":0},{"event_name":"Mysterious Sphere","player_choice":"Ignore","floor":48,"damage_taken":0}],"boss_relics":[{"not_picked":["Tiny House","Orrery"],"picked":"Philosopher\u0027s Stone"},{"not_picked":["The Specimen","Snecko Eye"],"picked":"Sozu"}],"potions_floor_spawned":[2,11,13,16,21,27,30,35,45],"seed_played":"7931863519831281173","killed_by":"Donu and Deca","is_trial":false}