{"path_per_floor":["M","?","?","$","?","R","M","R","T","M","R","M","M","E","R","B",null,"M","?","M","$","M","R","M","R","T","T","R","$","M","M","R","B",null,"M","M","M","?","?","R","$","M","T","R","M","T","R","?","R","B"],"character_chosen":"THE_SILENT","items_purchased":["Ice Cream"],"gold_per_floor":[111,111,111,36,36,36,57,57,105,125,125,139,157,197,197,318,318,339,339,315,215,239,239,259,259,308,332,332,207,228,243,243,372,372,387,403,419,419,419,419,133,151,205,205,221,221,221,221,221,221],"floor_reached":51,"campfire_rested":3,"playtime":48664,"current_hp_per_floor":[77,70,51,51,76,76,76,76,76,76,76,72,72,42,68,32,87,69,69,58,58,51,51,46,46,46,46,46,46,40,33,59,46,87,77,59,45,45,35,35,35,50,50,50,50,50,50,50,76,41],"items_purged":["Defend_G","Defend_G","Strike_G"],"gold":221,"play_id":"175affbe-31f6-470f-8d15-4f2af118375c","is_prod":false,"is_daily":false,"campfire_rituals":0,"campfire_upgraded":9,"is_hardmode":false,"path_taken":["M","?","?","$","?","R","?","R","T","M","R","M","M","E","R","BOSS","M","?","M","$","?","R","M","R","T","?","R","?","M","M","R","BOSS","M","M","M","?","?","R","$","M","T","R","?","?","R","?","R","BOSS"],"build_version":"2018-01-11-PROD2","purchased_purges":3,"victory":true,"master_deck":["Defend_G","Defend_G","Survivor","Neutralize","Backflip","Backflip","Slice","Outmaneuver","Deflect","Flying Knee","Burst","Envenom","Predator","Setup","Outmaneuver","Quick Slash","Escape Plan","Predator","Calculated Gamble","Backflip","Burst","Madness","Madness","Malaise"],"max_hp_per_floor":[77,77,77,77,77,77,77,77,77,77,77,77,77,87,87,87,87,87,87,87,87,87,87,87,87,87,87,87,87,87,87,87,87,87,87,87,87,87,87,87,87,87,87,87,87,87,87,87,87,87],"relics":["Ring of the Snake","Strawberry","Golden Idol","Art of War","Pear","Astrolabe","Bag of Preparation","Molten Egg","White Beast Statue","Ice Cream","Oddly Smooth Stone","Dream Catcher"],"campfire_meditates":0,"card_choices":[{"not_picked":["Flying Knee","Calculated Gamble"],"picked":"Backflip"},{"not_picked":["Dagger Spray","Wraith Form"],"picked":"Backflip"},{"not_picked":["Poisoned Stab","PiercingWail"],"picked":"Slice"},{"not_picked":["Dodge and Roll","Backstab"],"picked":"Outmaneuver"},{"not_picked":["Slice","Choke"],"picked":"Deflect"},{"not_picked":["Acrobatics","Heel Hook"],"picked":"Flying Knee"},{"not_picked":["Unload","Envenom"],"picked":"Burst"},{"not_picked":["Dagger Spray","Bane"],"picked":"Outmaneuver"},{"not_picked":["Heel Hook","Underhanded Strike"],"picked":"Quick Slash"},{"not_picked":["Poisoned Stab","Riddle With Holes"],"picked":"Escape Plan"},{"not_picked":["Choke","Acrobatics"],"picked":"Predator"},{"not_picked":["Poisoned Stab","Caltrops"],"picked":"Calculated Gamble"},{"not_picked":["Dash","Leg Sweep"],"picked":"Backflip"},{"not_picked":["Heel Hook","Dodge and Roll"],"picked":"Malaise"}],"player_experience":267545,"potions_floor_usage":[16,20,22,22,31,36,42,42,45,50,50],"damage_taken":[{"damage":0,"enemies":"Cultist","floor":1,"turns":4},{"damage":0,"enemies":"Jaw Worm","floor":7,"turns":4},{"damage":0,"enemies":"Small Slimes","floor":10,"turns":4},{"damage":4,"enemies":"Looter","floor":12,"turns":5},{"damage":0,"enemies":"3 Louse","floor":13,"turns":4},{"damage":40,"enemies":"Gremlin Nob","floor":14,"turns":7},{"damage":36,"enemies":"The Guardian","floor":16,"turns":20},{"damage":18,"enemies":"Spheric Guardian","floor":18,"turns":8},{"damage":11,"enemies":"2 Thieves","floor":20,"turns":5},{"damage":7,"enemies":"3 Cultists","floor":22,"turns":6},{"damage":5,"enemies":"Snecko","floor":24,"turns":6},{"damage":6,"enemies":"Snake Plant","floor":30,"turns":6},{"damage":7,"enemies":"Sentry and Sphere","floor":31,"turns":6},{"damage":13,"enemies":"Collector","floor":33,"turns":13},{"damage":10,"enemies":"Orb Walker","floor":35,"turns":5},{"damage":18,"enemies":"3 Darklings","floor":36,"turns":5},{"damage":14,"enemies":"4 Shapes","floor":37,"turns":7},{"damage":0,"enemies":"Maw","floor":42,"turns":6},{"damage":0,"enemies":"3 Darklings","floor":45,"turns":4},{"damage":35,"enemies":"Time Eater","floor":50,"turns":15}],"event_choices":[{"event_name":"Golden Wing","player_choice":"Card Removal","floor":2,"damage_taken":0},{"event_name":"Golden Idol","player_choice":"Take Damage","floor":3,"damage_taken":0},{"event_name":"Big Fish","player_choice":"Banana","floor":5,"damage_taken":0},{"event_name":"Purifier","player_choice":"One Purge","floor":19,"damage_taken":0},{"event_name":"Match and Keep!","player_choice":"1 cards matched","floor":38,"damage_taken":0},{"event_name":"Winding Halls","player_choice":"Embrace Madness","floor":39,"damage_taken":0},{"event_name":"Mysterious Sphere","player_choice":"Ignore","floor":48,"damage_taken":0}],"boss_relics":[{"not_picked":["Pandora\u0027s Box","Black Star"],"picked":"Astrolabe"},{"not_picked":["Runic Pyramid","Tiny House"],"picked":"White Beast Statue"}],"potions_floor_spawned":[7,12,16,18,20,30,33,35,36,37,42,45],"seed_played":"8354413623756809106","is_trial":false}