{"path_per_floor":["M","?","M","M","$","R","M","M","T","R","M","?","R","T","R","B",null,"M","$","?","?","M","R","$","E","T","$","M","R","T","M","R","B",null,"M","M","$","M","$","R","M","M","T","M","R","M","M","M","R","B"],"character_chosen":"THE_SILENT","items_purchased":["Paper Crane","Backflip"],"gold_per_floor":[111,111,126,144,69,69,94,107,107,107,130,130,130,130,130,258,258,272,20,20,20,36,36,36,67,97,97,110,110,110,131,131,257,257,277,296,196,216,43,43,59,74,100,119,119,143,166,179,179,179],"floor_reached":51,"campfire_rested":0,"playtime":4262,"current_hp_per_floor":[70,53,53,53,53,53,53,53,53,53,53,46,46,46,46,14,70,70,70,70,70,70,70,70,70,70,70,70,70,70,70,70,69,70,70,70,70,70,70,70,68,68,68,68,68,68,68,67,67,70],"items_purged":["Strike_G","Caltrops","Outmaneuver"],"gold":179,"play_id":"cc81c975-5e61-4977-8f63-bba4ca303b81","is_prod":false,"is_daily":false,"campfire_rituals":0,"campfire_upgraded":5,"is_hardmode":false,"path_taken":["M","?","?","M","$","R","M","?","T","R","M","?","R","?","R","BOSS","M","$","?","?","?","R","?","E","T","$","M","R","?","M","R","BOSS","M","M","$","M","$","R","M","M","T","M","R","M","M","M","R","BOSS"],"build_version":"2018-01-18-PROD4","purchased_purges":3,"victory":true,"master_deck":["Survivor","Neutralize","Dash","Well Laid Plans","Leg Sweep","Adrenaline","Predator","Malaise","Sucker Punch","Malaise","Backflip","Bouncing Flask"],"max_hp_per_floor":[70,70,70,70,70,70,70,70,70,70,70,70,70,70,70,70,70,70,70,70,70,70,70,70,70,70,70,70,70,70,70,70,70,70,70,70,70,70,70,70,70,70,70,70,70,70,70,70,70,70],"relics":["Ring of the Snake","Golden Idol","Whetstone","Peace Pipe","Snecko Eye","Paper Crane","Kunai","Tiny Chest","Mercury Hourglass","Pandora\u0027s Box","Orichalcum"],"campfire_meditates":0,"card_choices":[{"not_picked":["Well Laid Plans","PiercingWail"],"picked":"Dash"},{"not_picked":["Infinite Blades","Bouncing Flask"],"picked":"Well Laid Plans"},{"not_picked":["Acrobatics","Deadly Poison"],"picked":"Leg Sweep"},{"not_picked":["Burst","Phantasmal Killer"],"picked":"Adrenaline"},{"not_picked":["Bane","Well Laid Plans"],"picked":"Predator"},{"not_picked":["Outmaneuver","Deadly Poison"],"picked":"Malaise"},{"not_picked":["Deadly Poison","Sucker Punch"],"picked":"Malaise"},{"not_picked":["Bane","Cloak And Dagger"],"picked":"Bouncing Flask"}],"player_experience":352069,"potions_floor_usage":[7,16,25,50,50],"damage_taken":[{"damage":0,"enemies":"Jaw Worm","floor":1,"turns":5},{"damage":0,"enemies":"Small Slimes","floor":3,"turns":3},{"damage":0,"enemies":"Blue Slaver","floor":4,"turns":4},{"damage":0,"enemies":"Gremlin Gang","floor":7,"turns":4},{"damage":0,"enemies":"Large Slime","floor":8,"turns":7},{"damage":0,"enemies":"Looter","floor":11,"turns":3},{"damage":32,"enemies":"Slime Boss","floor":16,"turns":15},{"damage":0,"enemies":"Shell Parasite","floor":18,"turns":4},{"damage":0,"enemies":"2 Thieves","floor":22,"turns":3},{"damage":0,"enemies":"Gremlin Leader","floor":25,"turns":5},{"damage":0,"enemies":"Snake Plant","floor":28,"turns":3},{"damage":0,"enemies":"Centurion and Healer","floor":31,"turns":4},{"damage":1,"enemies":"Automaton","floor":33,"turns":10},{"damage":0,"enemies":"Orb Walker","floor":35,"turns":3},{"damage":0,"enemies":"3 Darklings","floor":36,"turns":4},{"damage":0,"enemies":"4 Shapes","floor":38,"turns":4},{"damage":2,"enemies":"Sphere and 2 Shapes","floor":41,"turns":5},{"damage":0,"enemies":"3 Darklings","floor":42,"turns":4},{"damage":0,"enemies":"Maw","floor":44,"turns":9},{"damage":0,"enemies":"4 Shapes","floor":46,"turns":4},{"damage":0,"enemies":"Sphere and 2 Shapes","floor":47,"turns":4},{"damage":1,"enemies":"Maw","floor":48,"turns":6},{"damage":4,"enemies":"Donu and Deca","floor":50,"turns":12}],"event_choices":[{"event_name":"Golden Idol","player_choice":"Take Damage","floor":2,"damage_taken":0},{"event_name":"Golden Wing","player_choice":"Card Removal","floor":12,"damage_taken":0},{"event_name":"Beggar","player_choice":"Ignored","floor":20,"damage_taken":0},{"event_name":"Upgrade Shrine","player_choice":"Upgraded","floor":21,"damage_taken":0}],"boss_relics":[{"not_picked":["Runic Dome","Eternal Feather"],"picked":"Snecko Eye"},{"not_picked":["Calling Bell","The Specimen"],"picked":"Pandora\u0027s Box"}],"potions_floor_spawned":[1,8,16,22,25,33,38,44,46,47,48],"seed_played":"1422648722794394363","is_trial":false}