{"path_per_floor":["M","M","?","M","$","R","M","R","T","M","E","R","?","?","R","B",null,"M","$","M","?","M","R","E","R","T","?","M","R","$","E","R","B",null,"M","?","?","M","M","R","$","R","T","M","?","M","R","$","R","B"],"character_chosen":"THE_SILENT","items_purchased":["Vajra","Paper Crane","Footwork","Lantern","Block Potion"],"gold_per_floor":[209,219,169,180,32,32,47,47,95,114,149,149,149,224,224,322,322,332,6,22,22,33,33,65,65,65,65,84,84,2,32,32,136,136,146,246,246,264,276,276,32,32,78,96,96,114,114,66,66,66],"floor_reached":51,"campfire_rested":3,"playtime":5468,"current_hp_per_floor":[66,65,65,64,64,64,63,63,63,60,59,59,59,48,48,27,70,54,54,44,28,21,42,57,57,57,48,48,48,48,39,61,70,75,75,75,75,75,74,74,74,74,74,74,74,49,49,49,71,75],"items_purged":["Strike_G","Strike_G"],"gold":66,"play_id":"0b3b2ee2-012e-4544-aa3f-4351c9489bab","is_prod":false,"is_daily":false,"campfire_rituals":0,"campfire_upgraded":9,"is_hardmode":false,"path_taken":["M","?","?","M","$","R","M","R","T","M","E","R","?","?","R","BOSS","M","$","M","?","M","R","E","R","T","?","M","R","?","E","R","BOSS","M","?","?","M","M","R","?","R","T","M","?","M","R","$","R","BOSS"],"build_version":"2018-01-18-PROD4","purchased_purges":2,"victory":true,"master_deck":["Defend_G","Defend_G","Defend_G","Defend_G","Defend_G","Strike_G","Survivor","Neutralize","Flying Knee","Dagger Spray","Deflect","Dash","Noxious Fumes","Backflip","Adrenaline","Acrobatics","Sucker Punch","Backflip","Escape Plan","Footwork","Footwork","Leg Sweep","Backflip"],"max_hp_per_floor":[70,70,70,70,70,70,70,70,70,70,70,70,70,70,70,70,70,70,70,70,70,70,70,70,70,70,75,75,75,75,75,75,75,75,75,75,75,75,75,75,75,75,75,75,75,75,75,75,75,75],"relics":["Ring of the Snake","Vajra","Prayer Wheel","Bronze Scales","Black Star","Paper Crane","Enchiridion","Pantograph","Letter Opener","Unceasing Top","Art of War","Happy Flower","Philosopher\u0027s Stone","Lantern","Omamori","Calipers"],"campfire_meditates":0,"card_choices":[{"not_picked":["Prepared","Outmaneuver"],"picked":"Flying Knee"},{"not_picked":["Sucker Punch","Masterful Stab"],"picked":"Dagger Spray"},{"not_picked":["Slice","Acrobatics"],"picked":"Deflect"},{"not_picked":["Dagger Throw","Endless Agony"],"picked":"Dash"},{"not_picked":["Prepared","Finisher"],"picked":"Noxious Fumes"},{"not_picked":["Cloak And Dagger","Poisoned Stab"],"picked":"Backflip"},{"not_picked":["Burst","After Image"],"picked":"Adrenaline"},{"not_picked":["Finisher","Underhanded Strike"],"picked":"Acrobatics"},{"not_picked":["Underhanded Strike","Riddle With Holes"],"picked":"Sucker Punch"},{"not_picked":["Blur","Escape Plan"],"picked":"Backflip"},{"not_picked":["Prepared","Dodge and Roll"],"picked":"Escape Plan"},{"not_picked":["Flying Knee","Deflect"],"picked":"Footwork"},{"not_picked":["Cloak And Dagger","Escape Plan"],"picked":"Leg Sweep"},{"not_picked":["Prepared","Dodge and Roll"],"picked":"Backflip"}],"player_experience":510605,"potions_floor_usage":[11,16,24,33,46,50],"damage_taken":[{"damage":4,"enemies":"Blue Slaver","floor":1,"turns":7},{"damage":1,"enemies":"Cultist","floor":2,"turns":4},{"damage":1,"enemies":"Small Slimes","floor":4,"turns":3},{"damage":1,"enemies":"3 Louse","floor":7,"turns":3},{"damage":3,"enemies":"Red Slaver","floor":10,"turns":4},{"damage":1,"enemies":"Lagavulin","floor":11,"turns":5},{"damage":21,"enemies":"Slime Boss","floor":16,"turns":6},{"damage":16,"enemies":"Spheric Guardian","floor":18,"turns":5},{"damage":10,"enemies":"2 Thieves","floor":20,"turns":4},{"damage":7,"enemies":"Sentry and Sphere","floor":22,"turns":4},{"damage":0,"enemies":"Book of Stabbing","floor":24,"turns":6},{"damage":0,"enemies":"Snecko","floor":28,"turns":5},{"damage":9,"enemies":"Gremlin Leader","floor":31,"turns":7},{"damage":5,"enemies":"Automaton","floor":33,"turns":11},{"damage":0,"enemies":"3 Darklings","floor":35,"turns":4},{"damage":0,"enemies":"Orb Walker","floor":38,"turns":3},{"damage":1,"enemies":"Sphere and 2 Shapes","floor":39,"turns":5},{"damage":0,"enemies":"Maw","floor":44,"turns":7},{"damage":25,"enemies":"4 Shapes","floor":46,"turns":5},{"damage":0,"enemies":"Time Eater","floor":50,"turns":19}],"event_choices":[{"event_name":"The Cleric","player_choice":"Card Removal","floor":3,"damage_taken":0},{"event_name":"Bonfire Elementals","player_choice":"BASIC","floor":13,"damage_taken":0},{"event_name":"World of Goop","player_choice":"Gather Gold","floor":14,"damage_taken":0},{"event_name":"Cursed Tome","player_choice":"Obtained Book","floor":21,"damage_taken":0},{"event_name":"Forgotten Altar","player_choice":"Shed Blood","floor":27,"damage_taken":0},{"event_name":"Golden Shrine","player_choice":"Pray","floor":36,"damage_taken":0},{"event_name":"Tomb of Lord Red Mask","player_choice":"Ignored","floor":37,"damage_taken":0},{"event_name":"Accursed Blacksmith","player_choice":"Rummage","floor":45,"damage_taken":0}],"boss_relics":[{"not_picked":["Runic Pyramid","Velvet Choker"],"picked":"Black Star"},{"not_picked":["White Beast Statue","Cursed Key"],"picked":"Philosopher\u0027s Stone"}],"potions_floor_spawned":[2,7,22,31,33,38,44],"seed_played":"7094587335720961633","is_trial":false}