{"path_per_floor":["M","?","M","$","?","R","E","R","T","R","M","?","M","M","R","B",null,"M","?","M","M","?","R","$","R","T","?","M","$","R","M","R","B",null,"M","M","M","?","$","?","T","R","T","R","M","$","?","M","R","B"],"character_chosen":"THE_SILENT","items_purchased":["Kunai","Backflip","Madness","Dexterity Potion","Strength Potion","Strength Potion"],"gold_per_floor":[219,319,331,35,35,35,62,62,86,86,103,103,113,132,132,227,227,238,238,221,238,238,238,68,68,68,68,87,87,87,105,105,200,200,214,230,243,243,44,44,67,67,90,90,107,57,57,72,72,72],"floor_reached":51,"campfire_rested":2,"playtime":5246,"current_hp_per_floor":[70,70,68,68,73,73,49,49,49,49,49,49,45,45,45,27,75,75,66,56,53,79,79,79,79,79,79,79,79,79,79,79,78,80,74,73,51,51,51,51,51,75,82,82,66,66,66,66,87,79],"items_purged":["Strike_G","Strike_G"],"gold":72,"play_id":"0f3138b5-8fe7-4ed8-a352-62b2ec6c28df","is_prod":false,"is_daily":false,"campfire_rituals":0,"campfire_upgraded":9,"is_hardmode":false,"path_taken":["M","?","M","$","?","R","E","R","T","R","?","?","?","M","R","BOSS","M","?","M","?","?","R","?","R","T","?","?","$","R","M","R","BOSS","M","M","M","?","$","?","?","R","T","R","?","?","?","M","R","BOSS"],"build_version":"2018-01-18-PROD4","purchased_purges":2,"victory":true,"master_deck":["Defend_G","Defend_G","Defend_G","Defend_G","Survivor","Neutralize","Leg Sweep","Blade Dance","Backflip","Backflip","Backflip","Infinite Blades","Storm of Steel","Sucker Punch","Night Terror","Noxious Fumes","Noxious Fumes","Backflip","Deflect","Madness","Cloak And Dagger","After Image","Cloak And Dagger"],"max_hp_per_floor":[70,70,70,70,75,75,75,75,75,75,75,75,75,75,75,75,75,75,80,80,80,80,80,80,80,80,80,80,80,80,80,80,80,80,80,80,80,80,80,80,80,80,87,87,87,87,87,87,87,87],"relics":["Ring of the Snake","Kunai","Orichalcum","Oddly Smooth Stone","Astrolabe","Torii","Philosopher\u0027s Stone","Toxic Egg","Strawberry"],"campfire_meditates":0,"card_choices":[{"not_picked":["Masterful Stab","Dagger Spray"],"picked":"Leg Sweep"},{"not_picked":["Blur","Eviscerate"],"picked":"Blade Dance"},{"not_picked":["Slice","Malaise"],"picked":"Backflip"},{"not_picked":["Eviscerate","Bane"],"picked":"Backflip"},{"not_picked":["PiercingWail","Tools of the Trade"],"picked":"Slice"},{"not_picked":["Sucker Punch","Quick Slash"],"picked":"Infinite Blades"},{"not_picked":["Glass Knife","Venomology"],"picked":"Storm of Steel"},{"not_picked":["Slice","Deflect"],"picked":"Noxious Fumes"},{"not_picked":["Masterful Stab","Outmaneuver"],"picked":"Backflip"},{"not_picked":["Skewer","Deadly Poison"],"picked":"Deflect"},{"not_picked":["Predator","Dagger Spray"],"picked":"Cloak And Dagger"},{"not_picked":["Doppelganger","Venomology"],"picked":"After Image"},{"not_picked":["Backstab","All Out Attack"],"picked":"Cloak And Dagger"}],"player_experience":356331,"potions_floor_usage":[7,13,20,31,50,50,50],"damage_taken":[{"damage":0,"enemies":"Small Slimes","floor":1,"turns":3},{"damage":2,"enemies":"Blue Slaver","floor":3,"turns":6},{"damage":24,"enemies":"Gremlin Nob","floor":7,"turns":7},{"damage":0,"enemies":"Jaw Worm","floor":11,"turns":6},{"damage":4,"enemies":"Exordium Thugs","floor":13,"turns":5},{"damage":0,"enemies":"2 Fungi Beasts","floor":14,"turns":4},{"damage":18,"enemies":"Slime Boss","floor":16,"turns":17},{"damage":0,"enemies":"Chosen","floor":18,"turns":6},{"damage":10,"enemies":"2 Thieves","floor":20,"turns":4},{"damage":3,"enemies":"Centurion and Healer","floor":21,"turns":8},{"damage":0,"enemies":"Snake Plant","floor":28,"turns":6},{"damage":0,"enemies":"Slaver and Parasite","floor":31,"turns":7},{"damage":1,"enemies":"Collector","floor":33,"turns":12},{"damage":6,"enemies":"Orb Walker","floor":35,"turns":4},{"damage":1,"enemies":"3 Shapes","floor":36,"turns":5},{"damage":22,"enemies":"3 Darklings","floor":37,"turns":7},{"damage":16,"enemies":"4 Shapes","floor":45,"turns":6},{"damage":0,"enemies":"Maw","floor":48,"turns":7},{"damage":8,"enemies":"Time Eater","floor":50,"turns":14}],"event_choices":[{"event_name":"Golden Shrine","player_choice":"Pray","floor":2,"damage_taken":0},{"event_name":"Big Fish","player_choice":"Donut","floor":5,"damage_taken":0},{"event_name":"Bonfire Elementals","player_choice":"BASIC","floor":12,"damage_taken":0},{"event_name":"Forgotten Altar","player_choice":"Shed Blood","floor":19,"damage_taken":0},{"event_name":"The Library","player_choice":"Heal","floor":22,"damage_taken":0},{"event_name":"Drug Dealer","player_choice":"Ignored","floor":27,"damage_taken":0},{"event_name":"Upgrade Shrine","player_choice":"Upgraded","floor":40,"damage_taken":0},{"event_name":"Mysterious Sphere","player_choice":"Ignore","floor":47,"damage_taken":0}],"boss_relics":[{"not_picked":["Question Card","Lizard Tail"],"picked":"Astrolabe"},{"not_picked":["Runic Dome","Tiny House"],"picked":"Philosopher\u0027s Stone"}],"potions_floor_spawned":[1,7,11,18,20,35,45],"seed_played":"8013747959972518896","is_trial":false}