{"path_per_floor":["M","?","M","M","M","E","R","M","T","M","R","M","$","E","R","B",null,"M","?","?","M","?","R","M","R","T","M","R","?","M","?","R","B",null,"M","?","M","T","M","R","M","R","T","R","$","M","?","?","R","B"],"character_chosen":"THE_SILENT","items_purchased":["Bag of Preparation"],"gold_per_floor":[111,111,130,143,160,194,194,208,261,278,278,293,72,104,104,206,206,206,206,206,206,206,206,206,206,206,206,206,131,131,131,131,131,131,131,0,0,0,0,0,0,0,0,0,0,0,0,0,0,0],"floor_reached":51,"campfire_rested":3,"playtime":20104,"current_hp_per_floor":[70,63,63,63,63,39,60,52,52,52,52,45,45,11,32,18,70,70,49,33,49,49,49,49,49,63,63,63,63,63,63,63,61,63,63,63,63,63,63,63,63,63,63,63,63,33,33,23,56,63],"items_purged":["Strike_G"],"gold":0,"play_id":"c862851c-6296-4351-89f2-9b74ecee5059","is_prod":false,"is_daily":false,"campfire_rituals":0,"campfire_upgraded":8,"is_hardmode":false,"path_taken":["M","?","M","?","M","E","R","M","T","M","R","M","?","E","R","BOSS","M","?","?","M","?","R","?","R","T","M","R","?","?","?","R","BOSS","M","?","M","?","M","R","M","R","T","R","$","M","?","?","R","BOSS"],"build_version":"2018-01-11-PROD2","purchased_purges":1,"victory":true,"master_deck":["Defend_G","Defend_G","Defend_G","Survivor","Neutralize","Acrobatics","Sucker Punch","Burst","Adrenaline","Malaise","Adrenaline","Bite_G","Bite_G","Bite_G","Bite_G","Deflect","Dash","Adrenaline","Backflip","Backflip","Flying Knee","Leg Sweep","Madness","Madness"],"max_hp_per_floor":[70,70,70,70,70,70,70,70,70,70,70,70,70,70,70,70,70,70,49,49,49,49,49,49,49,63,63,63,63,63,63,63,63,63,63,63,63,63,63,63,63,63,63,63,63,63,63,63,63,63],"relics":["Ring of the Snake","Whetstone","Torii","Art of War","Bag of Preparation","Ancient Tea Set","Ectoplasm","Nilry\u0027s Codex","Mango","Philosopher\u0027s Stone","Red Mask","Tingsha","Regal Pillow"],"campfire_meditates":0,"card_choices":[{"not_picked":["Acrobatics","Venomology"],"picked":"Footwork"},{"not_picked":["Outmaneuver","PiercingWail"],"picked":"Acrobatics"},{"not_picked":["Underhanded Strike","Prepared"],"picked":"Sucker Punch"},{"not_picked":["Dodge and Roll","Dagger Spray"],"picked":"Burst"},{"not_picked":["Flying Knee","Finisher"],"picked":"Adrenaline"},{"not_picked":["PiercingWail","Sucker Punch"],"picked":"Malaise"},{"not_picked":["Envenom","A Thousand Cuts"],"picked":"Adrenaline"},{"not_picked":["Choke","Cloak And Dagger"],"picked":"Deflect"},{"not_picked":["Storm of Steel","Phantasmal Killer"],"picked":"Adrenaline"},{"not_picked":["Poisoned Stab","Eviscerate"],"picked":"Backflip"},{"not_picked":["Prepared","Acrobatics"],"picked":"Backflip"},{"not_picked":["Dagger Throw","Prepared"],"picked":"Flying Knee"},{"not_picked":["Predator","Dash"],"picked":"Leg Sweep"}],"player_experience":231173,"potions_floor_usage":[5,14,16,50,50,50],"damage_taken":[{"damage":0,"enemies":"Cultist","floor":1,"turns":3},{"damage":0,"enemies":"Jaw Worm","floor":3,"turns":3},{"damage":0,"enemies":"Blue Slaver","floor":4,"turns":4},{"damage":0,"enemies":"Large Slime","floor":5,"turns":7},{"damage":24,"enemies":"Gremlin Nob","floor":6,"turns":5},{"damage":8,"enemies":"Exordium Thugs","floor":8,"turns":6},{"damage":0,"enemies":"3 Louse","floor":10,"turns":5},{"damage":7,"enemies":"Looter","floor":12,"turns":3},{"damage":34,"enemies":"Lagavulin","floor":14,"turns":7},{"damage":14,"enemies":"The Guardian","floor":16,"turns":19},{"damage":0,"enemies":"3 Byrds","floor":18,"turns":10},{"damage":0,"enemies":"Shell Parasite","floor":21,"turns":9},{"damage":0,"enemies":"Snake Plant","floor":24,"turns":7},{"damage":1,"enemies":"Snecko","floor":27,"turns":11},{"damage":1,"enemies":"3 Cultists","floor":30,"turns":7},{"damage":16,"enemies":"Champ","floor":33,"turns":26},{"damage":9,"enemies":"3 Darklings","floor":35,"turns":9},{"damage":3,"enemies":"3 Shapes","floor":37,"turns":8},{"damage":1,"enemies":"Maw","floor":39,"turns":13},{"damage":0,"enemies":"Sphere and 2 Shapes","floor":41,"turns":5},{"damage":31,"enemies":"3 Darklings","floor":46,"turns":9},{"damage":1,"enemies":"Time Eater","floor":50,"turns":20}],"event_choices":[{"event_name":"Golden Wing","player_choice":"Card Removal","floor":2,"damage_taken":0},{"event_name":"Vampires","player_choice":"Became a vampire","floor":19,"damage_taken":0},{"event_name":"Cursed Tome","player_choice":"Obtained Book","floor":20,"damage_taken":0},{"event_name":"Back to Basics","player_choice":"Elegance","floor":22,"damage_taken":0},{"event_name":"Beggar","player_choice":"Gave Gold","floor":29,"damage_taken":0},{"event_name":"Transmorgrifier","player_choice":"Transform","floor":31,"damage_taken":0},{"event_name":"Tomb of Lord Red Mask","player_choice":"Paid","floor":36,"damage_taken":0},{"event_name":"Mysterious Sphere","player_choice":"Ignore","floor":47,"damage_taken":0},{"event_name":"Winding Halls","player_choice":"Embrace Madness","floor":48,"damage_taken":0}],"boss_relics":[{"not_picked":["Lizard Tail","The Specimen"],"picked":"Ectoplasm"},{"not_picked":["Velvet Choker","Calling Bell"],"picked":"Philosopher\u0027s Stone"}],"potions_floor_spawned":[3,5,6,14,16,21,24,27,35,37,46],"seed_played":"3276017724607469621","is_trial":false}