{"path_per_floor":["M","M","?","M","M","R","?","M","T","R","M","M","M","M","R","B",null,"M","M","?","M","$","R","E","R","T","?","R","M","R","M","R","B",null,"M","$","M","?","M","R","$","$","T","R","M","M","M","M","R"],"character_chosen":"THE_SILENT","items_purchased":["Whetstone","Footwork","Footwork","Strength Potion","Deflect"],"gold_per_floor":[114,130,205,220,233,233,233,252,252,252,265,281,301,314,314,415,415,429,448,373,384,60,60,95,95,95,95,95,113,113,132,132,228,228,241,161,176,176,189,189,14,14,14,14,30,44,64,84,84],"floor_reached":50,"campfire_rested":4,"playtime":4571,"current_hp_per_floor":[62,62,51,50,24,45,68,64,64,64,64,62,56,54,54,16,57,49,41,41,25,25,46,46,46,46,46,46,41,41,37,58,43,63,63,63,63,63,63,63,63,63,63,63,50,50,50,41,62],"items_purged":["Strike_G","Strike_G","Strike_G"],"gold":84,"play_id":"64c324e0-5f0c-417e-a064-c0488806d582","is_prod":false,"is_daily":false,"is_ascension_mode":true,"campfire_upgraded":7,"path_taken":["M","?","?","M","M","R","?","M","T","R","M","M","?","M","R","BOSS","M","M","?","?","$","R","E","R","T","?","R","M","R","M","R","BOSS","M","$","M","?","M","R","?","$","T","R","M","M","M","M","R","BOSS"],"build_version":"2018-01-25-PROD3","purchased_purges":3,"victory":false,"master_deck":["Defend_G","Defend_G","Defend_G","Defend_G","Defend_G","Strike_G+1","Survivor","Neutralize+1","Quick Slash","Backflip+1","Dagger Throw+1","Cloak And Dagger+1","Flying Knee","Cloak And Dagger","Finisher+1","Terror+1","Backflip+1","Escape Plan","Footwork+1","Footwork+1","Dodge and Roll+1","Backflip+1","Dagger Throw+1","Deflect","Calculated Gamble+1","Deflect","Clumsy","Reflex+1","Blur+1"],"max_hp_per_floor":[70,70,70,70,70,70,70,70,70,70,70,70,70,70,70,70,70,70,70,70,70,70,70,70,70,70,70,70,70,70,70,70,70,70,70,70,70,70,70,70,70,70,70,70,70,70,70,70,70],"relics":["Ring of the Snake","The Courier","Philosopher\u0027s Stone","Whetstone","Mercury Hourglass","Tingsha","Cursed Key","Ginger"],"card_choices":[{"not_picked":["Bane","Dagger Throw"],"picked":"Quick Slash"},{"not_picked":["Prepared","Acrobatics"],"picked":"Backflip"},{"not_picked":["Outmaneuver","Bane"],"picked":"Dagger Throw"},{"not_picked":["Corpse Explosion","Underhanded Strike"],"picked":"Cloak And Dagger"},{"not_picked":["Underhanded Strike","Sucker Punch"],"picked":"Flying Knee"},{"not_picked":["PiercingWail","Reflex"],"picked":"Cloak And Dagger"},{"not_picked":["Endless Agony","All Out Attack"],"picked":"Finisher"},{"not_picked":["Distraction","Blade Dance"],"picked":"Terror"},{"not_picked":["Underhanded Strike","Caltrops"],"picked":"Backflip"},{"not_picked":["Dodge and Roll","Bane"],"picked":"Escape Plan"},{"not_picked":["Sucker Punch","Unload"],"picked":"Dodge and Roll"},{"not_picked":["Dagger Spray","Bane"],"picked":"Backflip"},{"not_picked":["Bane","Dagger Spray"],"picked":"Dagger Throw"},{"not_picked":["Underhanded Strike","Bane"],"picked":"Deflect"},{"not_picked":["Choke","Leg Sweep"],"picked":"Calculated Gamble"},{"not_picked":["Blur","A Thousand Cuts"],"picked":"Reflex"},{"not_picked":["Blade Dance","Flechettes"],"picked":"Blur"}],"player_experience":678704,"potions_floor_usage":[12,13,16,16,21,33,39,50,50,50],"damage_taken":[{"damage":1,"enemies":"Blue Slaver","floor":1,"turns":6},{"damage":0,"enemies":"Cultist","floor":2,"turns":4},{"damage":1,"enemies":"Small Slimes","floor":4,"turns":4},{"damage":26,"enemies":"Exordium Thugs","floor":5,"turns":9},{"damage":4,"enemies":"3 Louse","floor":8,"turns":4},{"damage":0,"enemies":"Looter","floor":11,"turns":4},{"damage":2,"enemies":"Exordium Thugs","floor":12,"turns":3},{"damage":6,"enemies":"Gremlin Gang","floor":13,"turns":4},{"damage":2,"enemies":"Looter","floor":14,"turns":2},{"damage":38,"enemies":"The Guardian","floor":16,"turns":11},{"damage":8,"enemies":"Chosen","floor":18,"turns":5},{"damage":8,"enemies":"Shell Parasite","floor":19,"turns":6},{"damage":16,"enemies":"Centurion and Healer","floor":21,"turns":6},{"damage":0,"enemies":"Book of Stabbing","floor":24,"turns":8},{"damage":5,"enemies":"Chosen and Byrds","floor":29,"turns":4},{"damage":4,"enemies":"Snake Plant","floor":31,"turns":4},{"damage":15,"enemies":"Automaton","floor":33,"turns":18},{"damage":0,"enemies":"Orb Walker","floor":35,"turns":3},{"damage":0,"enemies":"3 Darklings","floor":37,"turns":5},{"damage":0,"enemies":"4 Shapes","floor":39,"turns":4},{"damage":13,"enemies":"Maw","floor":45,"turns":7},{"damage":0,"enemies":"3 Darklings","floor":46,"turns":6},{"damage":0,"enemies":"4 Shapes","floor":47,"turns":5},{"damage":9,"enemies":"Sphere and 2 Shapes","floor":48,"turns":7},{"damage":65,"enemies":"Time Eater","floor":50,"turns":16}],"event_choices":[{"event_name":"World of Goop","player_choice":"Gather Gold","floor":3,"damage_taken":0},{"event_name":"Big Fish","player_choice":"Banana","floor":7,"damage_taken":0},{"event_name":"Beggar","player_choice":"Gave Gold","floor":20,"damage_taken":0},{"event_name":"Drug Dealer","player_choice":"Ignored","floor":27,"damage_taken":0},{"event_name":"The Lab","player_choice":"Got Potions","floor":38,"damage_taken":0}],"boss_relics":[{"not_picked":["Runic Pyramid","Eternal Feather"],"picked":"Philosopher\u0027s Stone"},{"not_picked":["The Specimen","Snecko Eye"],"picked":"Cursed Key"}],"potions_floor_spawned":[2,11,12,13,19,24,33,39,46,47],"seed_played":"-5555319438613700702","killed_by":"Time Eater","ascension_level":6,"is_trial":false}