{"path_per_floor":["M","$","T","M","M","R","E","M","T","R","M","M","M","M","R","B",null,"M","?","M","?","M","R","M","M","T","R","M","M","R","M","R","B",null,"M","M","$","?"],"character_chosen":"THE_SILENT","items_purchased":[],"gold_per_floor":[117,42,118,136,151,151,180,194,194,194,214,226,242,254,254,351,351,351,266,266,266,266,266,266,266,266,266,266,266,266,266,266,266,266,266,266,186,186],"floor_reached":39,"campfire_rested":2,"playtime":2437,"current_hp_per_floor":[49,49,49,49,49,49,40,40,40,40,40,36,36,36,70,39,62,62,62,62,46,38,38,38,34,34,70,70,70,70,69,69,14,56,55,55,55,45],"items_purged":["Strike_G","Strike_G"],"gold":186,"play_id":"b488414d-2b93-4d1b-856a-d12d04159141","is_prod":false,"is_daily":false,"is_ascension_mode":true,"campfire_upgraded":5,"path_taken":["M","$","?","M","M","R","E","?","T","R","M","M","M","M","R","BOSS","M","?","M","?","?","R","M","M","T","R","M","M","R","M","R","BOSS","M","M","?","?","?"],"build_version":"2018-01-25-PROD3","purchased_purges":2,"victory":false,"master_deck":["Defend_G","Defend_G","Defend_G","Defend_G","Defend_G","Strike_G","Strike_G","Strike_G","Survivor","Neutralize+1","Dagger Throw","Dagger Spray","Backflip+1","Cloak And Dagger","Dash+1","Unload","Tactician+1","Escape Plan+1","Necronomicurse","Backflip+1","Quick Slash+1","Calculated Gamble+1","Madness","Madness"],"max_hp_per_floor":[70,70,70,70,70,70,70,70,70,70,70,70,70,70,70,70,70,70,70,70,70,70,70,70,70,70,70,70,70,70,70,70,70,70,70,70,70,70],"relics":["Ring of the Snake","Regal Pillow","Mercury Hourglass","Tough Bandages","Gremlin Horn","Ectoplasm","Tiny Chest","Necronomicon","The Courier","Eternal Feather"],"card_choices":[{"not_picked":["Dodge and Roll","Deflect"],"picked":"Dagger Throw"},{"not_picked":["Acrobatics","Outmaneuver"],"picked":"Dagger Spray"},{"not_picked":["Slice","Prepared"],"picked":"Backflip"},{"not_picked":["Outmaneuver","Dodge and Roll"],"picked":"Cloak And Dagger"},{"not_picked":["Deflect","Cloak And Dagger"],"picked":"Dash"},{"not_picked":["Caltrops","Cloak And Dagger"],"picked":"Unload"},{"not_picked":["Night Terror","Bullet Time"],"picked":"Tactician"},{"not_picked":["Underhanded Strike","Sucker Punch"],"picked":"Escape Plan"},{"not_picked":["Dagger Spray","Bane"],"picked":"Backflip"},{"not_picked":["Prepared","Infinite Blades"],"picked":"Quick Slash"},{"not_picked":["Cloak And Dagger","Caltrops"],"picked":"Calculated Gamble"}],"player_experience":683275,"potions_floor_usage":[12,16,20,22,33],"damage_taken":[{"damage":14,"enemies":"Blue Slaver","floor":1,"turns":6},{"damage":0,"enemies":"2 Louse","floor":4,"turns":2},{"damage":0,"enemies":"Small Slimes","floor":5,"turns":2},{"damage":9,"enemies":"Gremlin Nob","floor":7,"turns":4},{"damage":0,"enemies":"3 Louse","floor":8,"turns":2},{"damage":0,"enemies":"Looter","floor":11,"turns":3},{"damage":4,"enemies":"Gremlin Gang","floor":12,"turns":2},{"damage":0,"enemies":"Lots of Slimes","floor":13,"turns":2},{"damage":0,"enemies":"Looter","floor":14,"turns":2},{"damage":46,"enemies":"Hexaghost","floor":16,"turns":14},{"damage":0,"enemies":"Spheric Guardian","floor":18,"turns":4},{"damage":0,"enemies":"3 Byrds","floor":20,"turns":3},{"damage":8,"enemies":"Centurion and Healer","floor":22,"turns":5},{"damage":0,"enemies":"Snake Plant","floor":24,"turns":4},{"damage":4,"enemies":"Chosen and Byrds","floor":25,"turns":4},{"damage":0,"enemies":"3 Cultists","floor":28,"turns":4},{"damage":0,"enemies":"Snake Plant","floor":29,"turns":4},{"damage":1,"enemies":"Centurion and Healer","floor":31,"turns":5},{"damage":55,"enemies":"Collector","floor":33,"turns":14},{"damage":1,"enemies":"3 Shapes","floor":35,"turns":4},{"damage":0,"enemies":"3 Darklings","floor":36,"turns":4},{"damage":51,"enemies":"Maw","floor":39,"turns":8}],"event_choices":[{"event_name":"Addict","player_choice":"Obtained Relic","floor":19,"damage_taken":0},{"event_name":"Cursed Tome","player_choice":"Obtained Book","floor":21,"damage_taken":0},{"event_name":"Winding Halls","player_choice":"Embrace Madness","floor":38,"damage_taken":0}],"boss_relics":[{"not_picked":["Runic Pyramid","Lizard Tail"],"picked":"Ectoplasm"},{"not_picked":["Velvet Choker","Snecko Eye"],"picked":"Eternal Feather"}],"potions_floor_spawned":[7,8,11,13,14,22,25,31,33,35],"seed_played":"-730412819152533122","killed_by":"Maw","ascension_level":6,"is_trial":false}