{"path_per_floor":["M","$","M","M","?","R","$","R","T","E","M","?","R","M","R","B",null,"M","?","$","?","$","R","E","M","T","M","R","?","R","M","R","B",null,"M","$","M","$","M","R","M","R","T","R","T","E","?","M","R","B"],"character_chosen":"THE_SILENT","items_purchased":["Footwork","Footwork","Footwork"],"gold_per_floor":[117,42,61,71,171,171,89,89,143,169,187,187,187,201,201,302,302,312,312,143,143,74,74,104,121,121,136,136,136,136,146,146,251,251,266,141,152,2,20,20,40,40,40,40,64,89,89,101,101,101],"floor_reached":51,"campfire_rested":3,"playtime":5217,"current_hp_per_floor":[56,56,56,54,54,54,54,54,54,50,49,49,49,41,41,24,63,61,61,61,61,61,61,48,47,47,47,47,38,38,38,58,51,68,68,68,61,61,61,61,41,61,61,61,61,18,18,18,38,25],"items_purged":["Strike_G","Dagger Spray","Distraction","Defend_G"],"gold":101,"play_id":"a241cfc0-315d-4677-80b4-dc0122eb73ed","is_prod":false,"is_daily":false,"is_ascension_mode":false,"campfire_upgraded":8,"path_taken":["M","$","?","M","?","R","$","R","T","E","M","?","R","M","R","BOSS","M","?","$","?","$","R","E","M","T","M","R","?","R","M","R","BOSS","M","$","M","$","M","R","M","R","T","R","?","E","?","M","R","BOSS"],"build_version":"2018-01-25-PROD3","purchased_purges":6,"victory":true,"master_deck":["Defend_G","Defend_G","Defend_G","Defend_G","Survivor","Neutralize+1","Predator+1","Flying Knee+1","Footwork+1","Well Laid Plans+1","Backflip","Glass Knife+1","Well Laid Plans+1","Deadly Poison+1","Deflect","Footwork+1","Footwork","A Thousand Cuts+1","Storm of Steel","Flying Knee+1","Noxious Fumes+1","Deflect+1","Doubt","Dash"],"max_hp_per_floor":[63,63,63,63,63,63,63,63,63,63,63,63,63,63,63,63,63,63,63,63,63,63,63,63,63,63,63,63,68,68,68,68,68,68,68,68,68,68,68,68,68,68,68,68,68,68,68,68,68,68],"relics":["Ring of the Snake","Du-Vu Doll","Oddly Smooth Stone","Bottled Flame","Astrolabe","Pen Nib","Lantern","Peace Pipe","Cursed Key","Prayer Wheel","Whetstone","Sundial"],"card_choices":[{"not_picked":["Dodge and Roll","Backstab"],"picked":"Predator"},{"not_picked":["Bane","Blade Dance"],"picked":"Dagger Spray"},{"not_picked":["Caltrops","Storm of Steel"],"picked":"Flying Knee"},{"not_picked":["Underhanded Strike","Reflex"],"picked":"Well Laid Plans"},{"not_picked":["Slice","Predator"],"picked":"Backflip"},{"not_picked":["Tools of the Trade","Storm of Steel"],"picked":"Glass Knife"},{"not_picked":["Concentrate","Bane"],"picked":"A Thousand Cuts"},{"not_picked":["Corpse Explosion","Night Terror"],"picked":"Storm of Steel"},{"not_picked":["Dodge and Roll","Escape Plan"],"picked":"Flying Knee"},{"not_picked":["Malaise","Predator"],"picked":"Noxious Fumes"},{"not_picked":["Deadly Poison","Escape Plan"],"picked":"Deflect"},{"not_picked":["Poisoned Stab","Heel Hook"],"picked":"Dash"}],"player_experience":827941,"potions_floor_usage":[10,16,24,46,50,50,50],"damage_taken":[{"damage":7,"enemies":"Blue Slaver","floor":1,"turns":6},{"damage":0,"enemies":"Cultist","floor":3,"turns":3},{"damage":2,"enemies":"2 Louse","floor":4,"turns":2},{"damage":4,"enemies":"Gremlin Nob","floor":10,"turns":4},{"damage":1,"enemies":"Large Slime","floor":11,"turns":6},{"damage":8,"enemies":"Lots of Slimes","floor":14,"turns":4},{"damage":17,"enemies":"Hexaghost","floor":16,"turns":11},{"damage":2,"enemies":"Spheric Guardian","floor":18,"turns":4},{"damage":13,"enemies":"Slavers","floor":24,"turns":7},{"damage":1,"enemies":"2 Thieves","floor":25,"turns":4},{"damage":0,"enemies":"Centurion and Healer","floor":27,"turns":5},{"damage":0,"enemies":"Slaver and Parasite","floor":31,"turns":6},{"damage":7,"enemies":"Champ","floor":33,"turns":14},{"damage":0,"enemies":"Orb Walker","floor":35,"turns":4},{"damage":7,"enemies":"3 Darklings","floor":37,"turns":6},{"damage":0,"enemies":"4 Shapes","floor":39,"turns":7},{"damage":20,"enemies":"Sphere and 2 Shapes","floor":41,"turns":7},{"damage":43,"enemies":"2 Orb Walkers","floor":46,"turns":6},{"damage":0,"enemies":"Maw","floor":48,"turns":7},{"damage":28,"enemies":"Awakened One","floor":50,"turns":14}],"event_choices":[{"event_name":"Golden Shrine","player_choice":"Pray","floor":5,"damage_taken":0},{"event_name":"Purifier","player_choice":"One Purge","floor":12,"damage_taken":0},{"event_name":"The Library","player_choice":"Read","floor":19,"damage_taken":0},{"event_name":"The Mausoleum","player_choice":"Yes","floor":21,"damage_taken":0},{"event_name":"Forgotten Altar","player_choice":"Shed Blood","floor":29,"damage_taken":0},{"event_name":"Accursed Blacksmith","player_choice":"Forge","floor":47,"damage_taken":0}],"boss_relics":[{"not_picked":["The Specimen","Calling Bell"],"picked":"Astrolabe"},{"not_picked":["Snecko Eye","Eternal Feather"],"picked":"Cursed Key"}],"potions_floor_spawned":[3,4,10,16,18,27,39,48],"seed_played":"1253245568065451153","ascension_level":0,"is_trial":false}