{"path_per_floor":["M","?","M","?","M","R","E","R","T","M","$","R","M","?","R","B",null,"M","M","M","M","?","R","E","M","T","R","?","M","R","$","R","B",null,"M","?","?","M","?","R","?","M","T","R","M","R","?","$","R","B"],"character_chosen":"THE_SILENT","items_purchased":["Footwork","Happy Flower","Pear"],"gold_per_floor":[110,110,123,123,141,141,173,173,173,189,38,38,48,13,13,115,115,134,151,169,183,183,183,215,234,259,259,259,274,274,174,174,273,273,287,287,341,360,360,360,360,370,450,450,462,462,562,19,19,19],"floor_reached":51,"campfire_rested":2,"playtime":6252,"current_hp_per_floor":[77,82,82,75,75,75,58,58,58,55,55,55,53,73,73,73,82,72,72,72,69,53,53,50,50,50,50,50,41,80,80,80,59,82,82,72,71,71,71,71,71,71,71,71,68,82,82,92,92,82],"items_purged":["Strike_G","Grand Finale","Survivor"],"gold":19,"play_id":"4480a12c-25c0-4983-a00b-73f6e5f7d754","is_prod":false,"is_daily":false,"is_ascension_mode":false,"campfire_upgraded":10,"path_taken":["M","?","?","?","M","R","E","R","T","M","$","R","?","?","R","BOSS","M","?","M","M","?","R","E","M","T","R","?","M","R","$","R","BOSS","M","?","?","M","?","R","?","?","T","R","?","R","?","$","R","BOSS"],"build_version":"2018-01-25-PROD3","purchased_purges":3,"victory":true,"master_deck":["Defend_G+1","Defend_G+1","Defend_G+1","Defend_G+1","Defend_G+1","Neutralize+1","Leg Sweep+1","Calculated Gamble","Backflip+1","Footwork+1","Cloak And Dagger+1","After Image","Finisher+1","Wraith Form+1","Infinite Blades","Deflect","Cloak And Dagger+1","Backflip+1","Infinite Blades+1","A Thousand Cuts+1","Madness+1","Madness+1","Deflect"],"max_hp_per_floor":[77,82,82,82,82,82,82,82,82,82,82,82,82,82,82,82,82,82,82,82,82,82,82,82,82,82,82,82,82,82,82,82,82,82,82,82,82,82,82,82,82,82,82,82,82,82,82,92,92,92],"relics":["Ring of the Snake","Regal Pillow","Gambling Chip","Astrolabe","Enchiridion","Snake Skull","Art of War","Philosopher\u0027s Stone","Ice Cream","Paper Crane","Happy Flower","Pear"],"card_choices":[{"not_picked":["Acrobatics","Corpse Explosion"],"picked":"Quick Slash"},{"not_picked":["Bane","Sucker Punch"],"picked":"Leg Sweep"},{"not_picked":["Outmaneuver","Prepared"],"picked":"Calculated Gamble"},{"not_picked":["Endless Agony","Dagger Throw"],"picked":"Backflip"},{"not_picked":["Quick Slash","Acrobatics"],"picked":"Cloak And Dagger"},{"not_picked":["Grand Finale","Storm of Steel"],"picked":"After Image"},{"not_picked":["Escape Plan","Dagger Spray"],"picked":"Infinite Blades"},{"not_picked":["Reflex","Noxious Fumes"],"picked":"Deflect"},{"not_picked":["Caltrops","Quick Slash"],"picked":"Cloak And Dagger"},{"not_picked":["Concentrate","Slice"],"picked":"Backflip"},{"not_picked":["Quick Slash","Choke"],"picked":"Infinite Blades"},{"not_picked":["Phantasmal Killer","Night Terror"],"picked":"A Thousand Cuts"},{"not_picked":["Backflip","Dagger Throw"],"picked":"Deflect"}],"player_experience":793639,"potions_floor_usage":[19,24,25,50,50,50],"damage_taken":[{"damage":0,"enemies":"Jaw Worm","floor":1,"turns":6},{"damage":0,"enemies":"2 Louse","floor":3,"turns":2},{"damage":0,"enemies":"Blue Slaver","floor":5,"turns":7},{"damage":17,"enemies":"Lagavulin","floor":7,"turns":11},{"damage":3,"enemies":"Large Slime","floor":10,"turns":5},{"damage":2,"enemies":"Looter","floor":13,"turns":3},{"damage":0,"enemies":"The Guardian","floor":16,"turns":20},{"damage":10,"enemies":"3 Byrds","floor":18,"turns":5},{"damage":0,"enemies":"Spheric Guardian","floor":19,"turns":7},{"damage":0,"enemies":"Centurion and Healer","floor":20,"turns":6},{"damage":3,"enemies":"Snecko","floor":21,"turns":9},{"damage":3,"enemies":"Book of Stabbing","floor":24,"turns":7},{"damage":0,"enemies":"3 Cultists","floor":25,"turns":8},{"damage":9,"enemies":"Sentry and Sphere","floor":29,"turns":7},{"damage":21,"enemies":"Collector","floor":33,"turns":14},{"damage":0,"enemies":"3 Shapes","floor":35,"turns":5},{"damage":1,"enemies":"Mysterious Sphere","floor":37,"turns":6},{"damage":0,"enemies":"3 Darklings","floor":38,"turns":7},{"damage":0,"enemies":"Sphere and 2 Shapes","floor":42,"turns":5},{"damage":3,"enemies":"4 Shapes","floor":45,"turns":7},{"damage":25,"enemies":"Awakened One","floor":50,"turns":10}],"event_choices":[{"event_name":"Big Fish","player_choice":"Donut","floor":2,"damage_taken":0},{"event_name":"Golden Wing","player_choice":"Card Removal","floor":4,"damage_taken":0},{"event_name":"The Cleric","player_choice":"Healed","floor":14,"damage_taken":0},{"event_name":"Cursed Tome","player_choice":"Obtained Book","floor":22,"damage_taken":0},{"event_name":"Back to Basics","player_choice":"Simplicity","floor":28,"damage_taken":0},{"event_name":"Winding Halls","player_choice":"Embrace Madness","floor":36,"damage_taken":0},{"event_name":"Mysterious Sphere","player_choice":"Fight","floor":37,"damage_taken":0},{"event_name":"Tomb of Lord Red Mask","player_choice":"Ignored","floor":39,"damage_taken":0},{"event_name":"Golden Shrine","player_choice":"Pray","floor":47,"damage_taken":0}],"boss_relics":[{"not_picked":["Snecko Eye","Velvet Choker"],"picked":"Astrolabe"},{"not_picked":["Pandora\u0027s Box","Orrery"],"picked":"Philosopher\u0027s Stone"}],"potions_floor_spawned":[5,10,16,19,20,33,42,45],"seed_played":"4791293368185031237","ascension_level":0,"is_trial":false}