{"path_per_floor":["M","M","?","?","$","R","E","R","T","M","R","E","R","M","R","B",null,"M","?","?","?","M","R","M","M","T","T","R","?","R","E","R","B",null,"M","$","M","M","?","R","M","M","T","R","M","M","$","M","R","B"],"character_chosen":"THE_SILENT","items_purchased":["Footwork","Footwork","Poison Potion","Lantern","Toxic Egg","Backflip","Dexterity Potion","Energy Potion"],"gold_per_floor":[116,126,126,126,44,44,70,70,70,90,90,123,123,138,138,233,233,244,244,244,244,259,259,273,290,320,620,620,620,620,653,653,751,751,766,569,580,593,593,593,606,618,618,618,631,651,131,147,147,147],"floor_reached":51,"campfire_rested":4,"playtime":4143,"current_hp_per_floor":[69,67,67,53,53,53,58,58,58,58,58,48,48,48,48,42,80,67,67,67,51,36,36,31,16,16,16,40,40,64,56,56,53,80,65,65,65,43,43,67,67,60,60,60,48,48,48,48,72,62],"items_purged":["Choke","Strike_G"],"gold":147,"play_id":"016a317e-f37c-445e-ad47-c0e375ca7f77","is_prod":false,"is_daily":false,"is_ascension_mode":false,"campfire_upgraded":8,"path_taken":["M","M","?","?","$","R","E","R","T","M","R","E","R","?","R","BOSS","M","?","?","?","M","R","M","M","T","?","R","?","R","E","R","BOSS","M","$","M","M","?","R","M","?","T","R","?","M","$","M","R","BOSS"],"build_version":"2018-01-25-PROD3","purchased_purges":2,"victory":true,"master_deck":["Defend_G","Defend_G","Defend_G","Defend_G+1","Defend_G","Survivor+1","Neutralize","Glass Knife+1","Poisoned Stab","Footwork+1","Noxious Fumes+1","Envenom+1","Catalyst+1","Corpse Explosion+1","Tools of the Trade+1","Burst+1","Leg Sweep+1","Prepared+1","Bouncing Flask+1","Footwork+1","Footwork+1","Dodge and Roll+1","Backflip","Footwork+1"],"max_hp_per_floor":[70,70,70,70,70,70,80,80,80,80,80,80,80,80,80,80,80,80,80,80,80,80,80,80,80,80,80,80,80,80,80,80,80,80,80,80,80,80,80,80,80,80,80,80,80,80,80,80,80,80],"relics":["Ring of the Snake","Snake Skull","Pear","Sundial","Centennial Puzzle","The Specimen","Enchiridion","Tiny Chest","Old Coin","Girya","Astrolabe","Du-Vu Doll","Lantern","Toxic Egg"],"card_choices":[{"not_picked":["Malaise","Sucker Punch"],"picked":"Glass Knife"},{"not_picked":["Cloak And Dagger","Dagger Throw"],"picked":"Poisoned Stab"},{"not_picked":["Blur","Quick Slash"],"picked":"Noxious Fumes"},{"not_picked":["Dash","Cloak And Dagger"],"picked":"Envenom"},{"not_picked":["Dodge and Roll","Bane"],"picked":"Catalyst"},{"not_picked":["Doppelganger","Grand Finale"],"picked":"Corpse Explosion"},{"not_picked":["Quick Slash","Setup"],"picked":"Tools of the Trade"},{"not_picked":["A Thousand Cuts","Phantasmal Killer"],"picked":"Burst"},{"not_picked":["Cloak And Dagger","Slice"],"picked":"Bouncing Flask"},{"not_picked":["Eviscerate","Night Terror"],"picked":"Footwork"},{"not_picked":["Poisoned Stab","Flying Knee"],"picked":"Dodge and Roll"},{"not_picked":["Endless Agony","Cloak And Dagger"],"picked":"Footwork"}],"player_experience":799891,"potions_floor_usage":[7,12,25,25,38,38,45,50,50,50],"damage_taken":[{"damage":1,"enemies":"Jaw Worm","floor":1,"turns":8},{"damage":2,"enemies":"Blue Slaver","floor":2,"turns":3},{"damage":5,"enemies":"3 Sentries","floor":7,"turns":8},{"damage":0,"enemies":"Small Slimes","floor":10,"turns":2},{"damage":10,"enemies":"Gremlin Nob","floor":12,"turns":4},{"damage":0,"enemies":"2 Fungi Beasts","floor":14,"turns":3},{"damage":6,"enemies":"The Guardian","floor":16,"turns":6},{"damage":13,"enemies":"Chosen","floor":18,"turns":5},{"damage":15,"enemies":"2 Thieves","floor":22,"turns":4},{"damage":5,"enemies":"Centurion and Healer","floor":24,"turns":4},{"damage":15,"enemies":"Slaver and Parasite","floor":25,"turns":5},{"damage":8,"enemies":"Gremlin Leader","floor":31,"turns":6},{"damage":3,"enemies":"Automaton","floor":33,"turns":6},{"damage":15,"enemies":"3 Darklings","floor":35,"turns":4},{"damage":0,"enemies":"3 Shapes","floor":37,"turns":6},{"damage":22,"enemies":"Sphere and 2 Shapes","floor":38,"turns":7},{"damage":0,"enemies":"Maw","floor":41,"turns":6},{"damage":7,"enemies":"4 Shapes","floor":42,"turns":7},{"damage":12,"enemies":"3 Darklings","floor":45,"turns":3},{"damage":0,"enemies":"Maw","floor":46,"turns":5},{"damage":0,"enemies":"4 Shapes","floor":48,"turns":7},{"damage":10,"enemies":"Donu and Deca","floor":50,"turns":8}],"event_choices":[{"event_name":"Liars Game","player_choice":"disagreed","floor":3,"damage_taken":0},{"event_name":"Shining Light","player_choice":"Entered Light","floor":4,"damage_taken":0},{"event_name":"The Woman in Blue","player_choice":"Bought 0 Potions","floor":19,"damage_taken":0},{"event_name":"Back to Basics","player_choice":"Elegance","floor":20,"damage_taken":0},{"event_name":"Cursed Tome","player_choice":"Obtained Book","floor":21,"damage_taken":0},{"event_name":"Vampires","player_choice":"Ignored","floor":29,"damage_taken":0},{"event_name":"Accursed Blacksmith","player_choice":"Forge","floor":39,"damage_taken":0}],"boss_relics":[{"not_picked":["Eternal Feather","White Beast Statue"],"picked":"The Specimen"},{"not_picked":["Orrery","Runic Pyramid"],"picked":"Astrolabe"}],"potions_floor_spawned":[1,2,16,22,25,31,38,41,48],"seed_played":"-2448655624531772281","ascension_level":0,"is_trial":false}