{"path_per_floor":["M","?","?","?","M","R","M","R","T","T","E","M","R","$","R","B",null,"M","?","M","M","?","R","E","R","T","T","M","E","$","M","R","B",null,"M","M","?","M","M","M","R","$","T","M","M","M","$","M","R","B"],"character_chosen":"THE_SILENT","items_purchased":["Dash","Anchor","Madness","Footwork","Oddly Smooth Stone","Thread and Needle","Block Potion"],"gold_per_floor":[214,214,214,214,232,232,247,247,322,322,353,365,365,220,220,321,321,337,367,386,405,405,405,432,432,732,758,776,805,461,478,478,580,580,592,607,607,618,636,652,652,301,326,346,361,380,39,57,57,57],"floor_reached":51,"campfire_rested":1,"playtime":3778,"current_hp_per_floor":[70,70,70,70,70,70,70,70,70,70,50,50,50,50,50,34,70,70,76,73,69,69,69,69,69,69,69,55,48,48,30,52,22,76,69,71,71,62,60,66,66,66,72,74,73,72,72,73,73,67],"items_purged":["Strike_G","Injury","Strike_G"],"gold":57,"play_id":"898e6bcc-900d-4704-9e8e-4741b8fbe51f","is_prod":false,"is_daily":false,"is_ascension_mode":false,"campfire_upgraded":8,"path_taken":["M","?","?","?","M","R","M","R","T","?","E","M","R","?","R","BOSS","M","?","?","?","?","R","E","R","T","?","M","E","$","?","R","BOSS","M","M","?","?","M","M","R","$","T","M","M","?","$","M","R","BOSS"],"build_version":"2018-02-01-PROD3","purchased_purges":3,"victory":true,"master_deck":["Defend_G","Defend_G","Defend_G","Defend_G","Defend_G","Strike_G","Strike_G","Survivor+1","Neutralize+1","Cloak And Dagger+1","Unload","Caltrops+1","Noxious Fumes+1","Cloak And Dagger+1","Dash+1","Venomology+1","PiercingWail","Noxious Fumes+1","PiercingWail","Blur","Backflip","Noxious Fumes+1","Madness","Adrenaline","Outmaneuver+1","Malaise","Footwork+1","Regret","PiercingWail+1","Skewer+1"],"max_hp_per_floor":[70,70,70,70,70,70,70,70,70,70,70,70,70,70,70,70,70,70,76,76,76,76,76,76,76,76,76,76,76,76,76,76,76,76,76,76,76,76,76,76,76,76,82,82,82,82,82,82,82,82],"relics":["Ring of the Snake","Dodecahedron","Ice Cream","Darkstone Periapt","Black Star","Tiny Chest","Blood Vial","Prayer Wheel","Old Coin","Bag of Preparation","Vajra","Snake Skull","Anchor","Cursed Key","Spirit Poop","Oddly Smooth Stone","Ancient Tea Set","Thread and Needle"],"card_choices":[{"not_picked":["Dodge and Roll","Envenom"],"picked":"Cloak And Dagger"},{"not_picked":["Reflex","Masterful Stab"],"picked":"Caltrops"},{"not_picked":["Sucker Punch","Underhanded Strike"],"picked":"Noxious Fumes"},{"not_picked":["Quick Slash","Bane"],"picked":"Cloak And Dagger"},{"not_picked":["Grand Finale","Tools of the Trade"],"picked":"Venomology"},{"not_picked":["Sucker Punch","Blade Dance"],"picked":"PiercingWail"},{"not_picked":["All Out Attack","Sucker Punch"],"picked":"Noxious Fumes"},{"not_picked":["Dash","Predator"],"picked":"PiercingWail"},{"not_picked":["Poisoned Stab","Noxious Fumes"],"picked":"Blur"},{"not_picked":["Deadly Poison","Slice"],"picked":"Backflip"},{"not_picked":["Deadly Poison","A Thousand Cuts"],"picked":"Noxious Fumes"},{"not_picked":["Night Terror","Glass Knife"],"picked":"Adrenaline"},{"not_picked":["Quick Slash","Masterful Stab"],"picked":"Outmaneuver"},{"not_picked":["Flying Knee","PiercingWail"],"picked":"Malaise"},{"not_picked":["Quick Slash","Masterful Stab"],"picked":"PiercingWail"},{"not_picked":["A Thousand Cuts","Deadly Poison"],"picked":"Skewer"}],"player_experience":924571,"potions_floor_usage":[16,18,18,21,24,24,24,28,29,29,35,35,36,38,40,44,45,45,46,46,48,50,50,50,50],"damage_taken":[{"damage":0,"enemies":"Small Slimes","floor":1,"turns":3},{"damage":0,"enemies":"Cultist","floor":5,"turns":3},{"damage":0,"enemies":"Jaw Worm","floor":7,"turns":3},{"damage":20,"enemies":"Gremlin Nob","floor":11,"turns":4},{"damage":0,"enemies":"Large Slime","floor":12,"turns":5},{"damage":16,"enemies":"Slime Boss","floor":16,"turns":9},{"damage":0,"enemies":"Spheric Guardian","floor":18,"turns":5},{"damage":3,"enemies":"3 Byrds","floor":20,"turns":3},{"damage":4,"enemies":"Centurion and Healer","floor":21,"turns":7},{"damage":0,"enemies":"Book of Stabbing","floor":24,"turns":5},{"damage":16,"enemies":"3 Cultists","floor":28,"turns":6},{"damage":9,"enemies":"Slavers","floor":29,"turns":6},{"damage":20,"enemies":"Cultist and Chosen","floor":31,"turns":7},{"damage":32,"enemies":"Champ","floor":33,"turns":12},{"damage":7,"enemies":"Orb Walker","floor":35,"turns":4},{"damage":0,"enemies":"3 Darklings","floor":36,"turns":5},{"damage":11,"enemies":"Sphere and 2 Shapes","floor":38,"turns":5},{"damage":4,"enemies":"4 Shapes","floor":39,"turns":6},{"damage":11,"enemies":"Maw","floor":40,"turns":8},{"damage":0,"enemies":"3 Darklings","floor":44,"turns":5},{"damage":3,"enemies":"4 Shapes","floor":45,"turns":7},{"damage":3,"enemies":"Sphere and 2 Shapes","floor":46,"turns":4},{"damage":1,"enemies":"Maw","floor":48,"turns":9},{"damage":8,"enemies":"Time Eater","floor":50,"turns":8}],"event_choices":[{"event_name":"Transmorgrifier","player_choice":"Transform","floor":2,"damage_taken":0},{"event_name":"Accursed Blacksmith","player_choice":"Forge","floor":3,"damage_taken":0},{"event_name":"Upgrade Shrine","player_choice":"Upgraded","floor":4,"damage_taken":0},{"event_name":"The Mausoleum","player_choice":"Yes","floor":19,"damage_taken":0},{"event_name":"Vampires","player_choice":"Ignored","floor":22,"damage_taken":0},{"event_name":"Bonfire Elementals","player_choice":"CURSE","floor":37,"damage_taken":0}],"boss_relics":[{"not_picked":["The Specimen","Velvet Choker"],"picked":"Black Star"},{"not_picked":["Runic Dome","Orrery"],"picked":"Cursed Key"}],"potions_floor_spawned":[5,11,12,20,21,24,39,44,45,46],"seed_played":"1562106530053488083","ascension_level":0,"is_trial":false}