{"path_per_floor":["M","?","M","$","?","R","M","R","T","M","R","M","M","M","R","B",null,"M","M","M","?","$","R","E","R","T","M","M","R","$","?","R"],"character_chosen":"THE_SILENT","items_purchased":["Footwork","War Paint"],"gold_per_floor":[112,112,137,62,62,62,85,85,85,110,110,133,158,179,179,309,309,324,340,365,290,65,65,99,99,99,123,139,139,39,39,39],"floor_reached":33,"campfire_rested":1,"playtime":2869,"current_hp_per_floor":[70,53,53,53,53,53,55,55,55,57,57,50,50,48,48,33,80,78,80,82,82,82,82,28,53,53,53,52,52,52,52,52],"items_purged":["Strike_G","Strike_G"],"gold":39,"play_id":"b15c23ea-e513-412a-9373-36336e374508","is_prod":false,"is_daily":false,"is_ascension_mode":false,"campfire_upgraded":7,"path_taken":["M","?","M","?","?","R","M","R","T","M","R","M","M","M","R","BOSS","M","M","M","?","$","R","E","R","T","M","M","R","$","?","R","BOSS"],"build_version":"2018-01-25-PROD3","purchased_purges":3,"victory":false,"master_deck":["Defend_G","Defend_G","Defend_G+1","Defend_G","Defend_G","Strike_G","Strike_G","Survivor+1","Neutralize+1","Dagger Throw+1","Deflect","Well Laid Plans+1","Outmaneuver","Dagger Throw+1","Adrenaline","Predator+1","Leg Sweep+1","Infinite Blades","Footwork+1","Bouncing Flask+1","Backflip"],"max_hp_per_floor":[70,70,70,70,70,70,72,72,72,74,74,74,74,74,74,74,80,80,82,84,84,84,84,86,86,86,86,86,86,86,86,86],"relics":["Ring of the Snake","Singing Bowl","Golden Idol","Unceasing Top","Orrery","War Paint","Juzu Bracelet","Bottled Flame"],"card_choices":[{"not_picked":["Sucker Punch","Grand Finale"],"picked":"Dagger Throw"},{"not_picked":["Prepared","Finisher"],"picked":"Deflect"},{"not_picked":["Underhanded Strike","Dodge and Roll"],"picked":"Well Laid Plans"},{"not_picked":["Acrobatics","Poisoned Stab"],"picked":"Outmaneuver"},{"not_picked":["Distraction","Masterful Stab"],"picked":"Dagger Throw"},{"not_picked":["Phantasmal Killer","A Thousand Cuts"],"picked":"Adrenaline"},{"not_picked":["Outmaneuver","Poisoned Stab"],"picked":"Predator"},{"not_picked":["Outmaneuver","Dagger Throw"],"picked":"Leg Sweep"},{"not_picked":["Dodge and Roll","Deflect"],"picked":"Infinite Blades"},{"not_picked":["PiercingWail","Underhanded Strike"],"picked":"Bouncing Flask"},{"not_picked":["Night Terror","Well Laid Plans"],"picked":"Backflip"}],"player_experience":841591,"potions_floor_usage":[10,18,20,24,24,33,33],"damage_taken":[{"damage":0,"enemies":"Blue Slaver","floor":1,"turns":7},{"damage":0,"enemies":"Jaw Worm","floor":3,"turns":4},{"damage":0,"enemies":"2 Louse","floor":7,"turns":3},{"damage":0,"enemies":"Exordium Thugs","floor":10,"turns":3},{"damage":7,"enemies":"3 Louse","floor":12,"turns":5},{"damage":0,"enemies":"Lots of Slimes","floor":13,"turns":6},{"damage":2,"enemies":"Looter","floor":14,"turns":4},{"damage":15,"enemies":"The Guardian","floor":16,"turns":15},{"damage":2,"enemies":"3 Byrds","floor":18,"turns":5},{"damage":0,"enemies":"Chosen","floor":19,"turns":6},{"damage":0,"enemies":"Snecko","floor":20,"turns":5},{"damage":71,"enemies":"Gremlin Leader","floor":24,"turns":14},{"damage":0,"enemies":"Snake Plant","floor":27,"turns":7},{"damage":1,"enemies":"Centurion and Healer","floor":28,"turns":8},{"damage":67,"enemies":"Champ","floor":33,"turns":14}],"event_choices":[{"event_name":"Golden Idol","player_choice":"Take Damage","floor":2,"damage_taken":0},{"event_name":"The Woman in Blue","player_choice":"Bought 0 Potions","floor":5,"damage_taken":0},{"event_name":"Beggar","player_choice":"Gave Gold","floor":21,"damage_taken":0},{"event_name":"Vampires","player_choice":"Ignored","floor":31,"damage_taken":0}],"boss_relics":[{"not_picked":["Calling Bell","Black Star"],"picked":"Orrery"}],"potions_floor_spawned":[7,10,13,16,18,19,24,28],"seed_played":"-2117319601347724498","killed_by":"Champ","ascension_level":0,"is_trial":false}