{"path_per_floor":["M","$","?","?","M","R","$","R","T","R","?","E","M","?","R","B",null,"M","$","M","M","?","R","M","R","T","M","M","?","R","?","R","B",null,"M","M","M","$","?","R","M","M","T","M","R","?","?","M","R","B"],"character_chosen":"THE_SILENT","items_purchased":["Dexterity Potion","Strength Potion"],"gold_per_floor":[117,42,42,42,58,58,58,58,58,58,58,98,112,112,112,240,240,240,140,110,110,110,110,110,110,110,110,110,110,110,110,110,110,110,110,110,110,10,10,10,10,10,10,10,10,10,10,10,10,10],"floor_reached":51,"campfire_rested":1,"playtime":5135,"current_hp_per_floor":[70,70,53,58,57,57,57,57,57,57,57,58,58,58,58,58,75,75,75,75,75,75,75,75,75,75,75,75,59,59,59,59,59,75,75,75,75,75,75,75,75,75,75,75,75,75,65,65,75,74],"items_purged":["Strike_G","Strike_G"],"gold":10,"play_id":"83b34493-a728-4392-a0d8-65bceccfefc5","is_prod":false,"is_daily":false,"is_ascension_mode":true,"campfire_upgraded":10,"path_taken":["M","$","?","?","M","R","$","R","T","R","?","E","?","?","R","BOSS","M","$","?","M","?","R","M","R","T","M","M","?","R","?","R","BOSS","M","?","M","$","?","R","M","?","T","M","R","?","?","M","R","BOSS"],"build_version":"2018-01-25-PROD3","purchased_purges":2,"victory":true,"master_deck":["Defend_G","Defend_G","Defend_G","Defend_G","Defend_G","Strike_G","Strike_G","Survivor+1","Neutralize+1","Backflip+1","Quick Slash+1","Neutralize+1","Predator+1","Terror+1","Dash+1","Footwork+1","Backflip+1","Slice+1","Backflip+1","Necronomicurse","Choke+1","Jack Of All Trades","Injury","Madness","Madness"],"max_hp_per_floor":[70,70,70,75,75,75,75,75,75,75,75,75,75,75,75,75,75,75,75,75,75,75,75,75,75,75,75,75,75,75,75,75,75,75,75,75,75,75,75,75,75,75,75,75,75,75,75,75,75,75],"relics":["Ring of the Snake","Bag of Marbles","Bloody Idol","Thread and Needle","Mercury Hourglass","Ectoplasm","Torii","Necronomicon","Cursed Key","Orichalcum"],"card_choices":[{"not_picked":["Deadly Poison","Catalyst"],"picked":"Backflip"},{"not_picked":["Deflect","Riddle With Holes"],"picked":"Quick Slash"},{"not_picked":["Dagger Throw","After Image"],"picked":"Predator"},{"not_picked":["Slice","Sucker Punch"],"picked":"Terror"},{"not_picked":["Catalyst","Backflip"],"picked":"Dash"},{"not_picked":["Eviscerate","Acrobatics"],"picked":"Footwork"},{"not_picked":["PiercingWail","Cloak And Dagger"],"picked":"Backflip"},{"not_picked":["PiercingWail","Leg Sweep"],"picked":"Slice"},{"not_picked":["Poisoned Stab","Caltrops"],"picked":"Backflip"},{"not_picked":["Reflex","Bouncing Flask"],"picked":"Choke"}],"player_experience":598927,"potions_floor_usage":[12,20,28,50,50,50],"damage_taken":[{"damage":0,"enemies":"2 Louse","floor":1,"turns":2},{"damage":1,"enemies":"Jaw Worm","floor":5,"turns":4},{"damage":8,"enemies":"Gremlin Nob","floor":12,"turns":4},{"damage":0,"enemies":"Cultist","floor":13,"turns":1},{"damage":0,"enemies":"Slime Boss","floor":16,"turns":7},{"damage":0,"enemies":"Shell Parasite","floor":18,"turns":4},{"damage":0,"enemies":"2 Thieves","floor":20,"turns":3},{"damage":0,"enemies":"Snecko","floor":21,"turns":4},{"damage":0,"enemies":"Snake Plant","floor":24,"turns":3},{"damage":0,"enemies":"Centurion and Healer","floor":27,"turns":4},{"damage":0,"enemies":"3 Cultists","floor":28,"turns":4},{"damage":0,"enemies":"Collector","floor":33,"turns":10},{"damage":0,"enemies":"3 Shapes","floor":35,"turns":3},{"damage":0,"enemies":"Orb Walker","floor":36,"turns":1},{"damage":0,"enemies":"Maw","floor":37,"turns":6},{"damage":0,"enemies":"4 Shapes","floor":41,"turns":5},{"damage":0,"enemies":"Sphere and 2 Shapes","floor":42,"turns":6},{"damage":0,"enemies":"Maw","floor":44,"turns":5},{"damage":0,"enemies":"3 Darklings","floor":48,"turns":4},{"damage":1,"enemies":"Time Eater","floor":50,"turns":8}],"event_choices":[{"event_name":"Golden Idol","player_choice":"Take Damage","floor":3,"damage_taken":0},{"event_name":"Big Fish","player_choice":"Donut","floor":4,"damage_taken":0},{"event_name":"Match and Keep!","player_choice":"1 cards matched","floor":11,"damage_taken":0},{"event_name":"Bonfire Elementals","player_choice":"BASIC","floor":14,"damage_taken":0},{"event_name":"Forgotten Altar","player_choice":"Gave Idol","floor":22,"damage_taken":0},{"event_name":"Cursed Tome","player_choice":"Obtained Book","floor":29,"damage_taken":0},{"event_name":"Wheel of Change","player_choice":"Gold","floor":31,"damage_taken":0},{"event_name":"Match and Keep!","player_choice":"1 cards matched","floor":39,"damage_taken":0},{"event_name":"Mysterious Sphere","player_choice":"Ignore","floor":46,"damage_taken":0},{"event_name":"Winding Halls","player_choice":"Embrace Madness","floor":47,"damage_taken":0}],"boss_relics":[{"not_picked":["Eternal Feather","White Beast Statue"],"picked":"Ectoplasm"},{"not_picked":["Pandora\u0027s Box","Orrery"],"picked":"Cursed Key"}],"potions_floor_spawned":[5,13,21,24,28,33,37,41,48],"seed_played":"-2280572001267804173","ascension_level":3,"is_trial":false}