{"path_per_floor":["M","M","$","?","M","R","M","R","T","$","?","?","?","M","R","B",null,"M","?","M","M","M","R","?","E","T","M","$","M","R","?","R","B",null,"M","M","M","?","$","R","M","R","T","$","?","R","E","?","R","B"],"character_chosen":"THE_SILENT","items_purchased":["Well Laid Plans","Footwork","Accuracy","Noxious Fumes"],"gold_per_floor":[115,127,17,17,34,34,16,16,64,64,64,123,123,143,143,247,247,262,262,277,291,310,310,235,268,268,278,156,170,170,170,170,268,268,284,299,316,316,197,197,214,214,214,129,129,129,154,154,154,154],"floor_reached":51,"campfire_rested":2,"playtime":5799,"current_hp_per_floor":[61,61,61,61,61,61,57,57,57,57,57,41,41,41,41,1,53,50,50,50,35,35,56,56,53,53,53,53,47,47,47,47,23,58,62,62,62,62,62,62,56,56,56,56,56,56,54,44,65,31],"items_purged":["Strike_G","Strike_G","Defend_G","Defend_G"],"gold":154,"play_id":"00d8617f-b0a7-49f1-8382-577c207154b8","is_prod":false,"is_daily":false,"is_ascension_mode":true,"campfire_upgraded":8,"path_taken":["M","M","$","?","?","R","M","R","T","$","?","?","?","M","R","BOSS","M","?","M","?","M","R","?","E","T","?","$","M","R","?","R","BOSS","M","M","M","?","$","R","M","R","T","$","?","R","E","?","R","BOSS"],"build_version":"2018-01-25-PROD3","purchased_purges":4,"victory":true,"master_deck":["Defend_G","Survivor","Neutralize+1","Dash+1","Footwork+1","Well Laid Plans+1","Terror+1","Backflip","Escape Plan","Deflect","Cloak And Dagger+1","Cloak And Dagger+1","Footwork+1","Footwork+1","Backflip","Tools of the Trade","Terror+1","Endless Agony+1","Accuracy+1","Noxious Fumes+1","Madness","Madness"],"max_hp_per_floor":[70,70,70,70,70,70,70,70,70,70,70,70,70,70,70,70,70,70,70,70,70,70,70,70,70,70,70,70,70,70,70,70,70,70,70,70,70,70,70,70,70,70,70,70,70,70,70,70,70,70],"relics":["Ring of the Snake","Bag of Preparation","Smiling Mask","Orrery","Sundial","Toxic Egg","Astrolabe","Kunai"],"card_choices":[{"not_picked":["Dagger Spray","Flying Knee"],"picked":"Dash"},{"not_picked":["Deflect","Dash"],"picked":"Footwork"},{"not_picked":["Blade Dance","Underhanded Strike"],"picked":"Terror"},{"not_picked":["Infinite Blades","Phantasmal Killer"],"picked":"Backflip"},{"not_picked":["Bane","Deadly Poison"],"picked":"Escape Plan"},{"not_picked":["Caltrops","Slice"],"picked":"Deflect"},{"not_picked":["Crippling Poison","Bane"],"picked":"Cloak And Dagger"},{"not_picked":["Riddle With Holes","Deadly Poison"],"picked":"Cloak And Dagger"},{"not_picked":["Cloak And Dagger","Bane"],"picked":"Backflip"},{"not_picked":["Corpse Explosion","Storm of Steel"],"picked":"Tools of the Trade"}],"player_experience":737304,"potions_floor_usage":[12,16,16,25,29,33,35,41,50,50],"damage_taken":[{"damage":2,"enemies":"Cultist","floor":1,"turns":5},{"damage":0,"enemies":"Blue Slaver","floor":2,"turns":5},{"damage":0,"enemies":"Small Slimes","floor":5,"turns":3},{"damage":4,"enemies":"Exordium Thugs","floor":7,"turns":6},{"damage":16,"enemies":"Lagavulin Event","floor":12,"turns":7},{"damage":0,"enemies":"Looter","floor":14,"turns":4},{"damage":40,"enemies":"Slime Boss","floor":16,"turns":25},{"damage":3,"enemies":"Chosen","floor":18,"turns":8},{"damage":0,"enemies":"Spheric Guardian","floor":20,"turns":10},{"damage":15,"enemies":"Snake Plant","floor":21,"turns":7},{"damage":0,"enemies":"Snecko","floor":22,"turns":7},{"damage":3,"enemies":"Book of Stabbing","floor":25,"turns":8},{"damage":0,"enemies":"Centurion and Healer","floor":27,"turns":14},{"damage":6,"enemies":"Slaver and Parasite","floor":29,"turns":14},{"damage":24,"enemies":"Automaton","floor":33,"turns":33},{"damage":11,"enemies":"3 Darklings","floor":35,"turns":10},{"damage":0,"enemies":"Orb Walker","floor":36,"turns":5},{"damage":0,"enemies":"4 Shapes","floor":37,"turns":10},{"damage":21,"enemies":"3 Darklings","floor":41,"turns":8},{"damage":2,"enemies":"Nemesis","floor":47,"turns":10},{"damage":34,"enemies":"Awakened One","floor":50,"turns":16}],"event_choices":[{"event_name":"Match and Keep!","player_choice":"0 cards matched","floor":4,"damage_taken":0},{"event_name":"Living Wall","player_choice":"Forget","floor":11,"damage_taken":0},{"event_name":"Dead Adventurer","player_choice":"Searched \u00272\u0027 times","floor":12,"damage_taken":0},{"event_name":"Liars Game","player_choice":"disagreed","floor":13,"damage_taken":0},{"event_name":"Duplicator","player_choice":"One dupe","floor":19,"damage_taken":0},{"event_name":"Beggar","player_choice":"Gave Gold","floor":24,"damage_taken":0},{"event_name":"Accursed Blacksmith","player_choice":"Forge","floor":31,"damage_taken":0},{"event_name":"Tomb of Lord Red Mask","player_choice":"Ignored","floor":38,"damage_taken":0},{"event_name":"Winding Halls","player_choice":"Embrace Madness","floor":48,"damage_taken":0}],"boss_relics":[{"not_picked":["The Specimen","Velvet Choker"],"picked":"Orrery"},{"not_picked":["White Beast Statue","Runic Dome"],"picked":"Astrolabe"}],"potions_floor_spawned":[2,12,14,20,22,27,29,33,36,37],"seed_played":"361412290439325430","ascension_level":9,"is_trial":false}