{"path_per_floor":["M","M","M","M","M","R","M","R","T","E","?","R","M","?","R","B",null,"M","?","?","M","M","R","$","R","T","R","M","E","M","M","R","B",null,"M","?","?","M","M","R","$","M","T","M","R","E","M","M","R","B"],"character_chosen":"THE_SILENT","items_purchased":["Ornamental Fan","Singing Bowl","Infinite Blades"],"gold_per_floor":[111,121,135,145,160,160,173,173,246,277,352,352,363,363,363,467,467,477,477,477,487,503,503,28,28,28,28,42,72,84,101,101,200,200,215,215,215,234,253,253,84,104,158,174,174,204,215,225,225,225],"floor_reached":51,"campfire_rested":1,"playtime":5890,"current_hp_per_floor":[70,68,68,64,62,62,62,62,62,46,35,35,35,35,35,18,70,70,70,61,60,52,52,52,52,52,52,51,51,48,50,79,28,81,81,81,81,81,82,82,82,82,82,79,79,95,97,96,96,77],"items_purged":["Prepared","Acrobatics"],"gold":225,"play_id":"da09af7e-bb5d-417b-a848-cb032b499364","is_prod":false,"is_daily":false,"is_ascension_mode":false,"campfire_upgraded":10,"path_taken":["M","M","?","M","M","R","M","R","T","E","?","R","M","?","R","BOSS","M","?","?","M","M","R","?","R","T","R","M","E","M","M","R","BOSS","M","?","?","M","?","R","$","M","T","M","R","E","?","?","R","BOSS"],"build_version":"2018-01-25-PROD3","purchased_purges":2,"victory":true,"master_deck":["Survivor+1","Neutralize+1","Dagger Spray+1","Calculated Gamble","Infinite Blades","Quick Slash+1","Escape Plan","Envenom+1","Blade Dance","Deflect","Dash+1","Dodge and Roll","Acrobatics","Backflip+1","Infinite Blades","Backflip","Well Laid Plans+1","Riddle With Holes+1","Slice+1","Infinite Blades","Tactician+1","Backflip"],"max_hp_per_floor":[70,70,70,70,70,70,70,70,70,70,70,70,70,70,70,70,70,70,70,75,75,75,75,75,75,75,75,77,77,77,79,79,81,81,81,81,81,81,83,83,83,83,83,85,85,101,103,103,103,103],"relics":["Ring of the Snake","Lantern","Mummified Hand","Orichalcum","Pandora\u0027s Box","Ornamental Fan","Singing Bowl","Frozen Eye","Regal Pillow","The Specimen","Prayer Wheel","Mango"],"card_choices":[{"not_picked":["Distraction","Setup"],"picked":"Dagger Spray"},{"not_picked":["Acrobatics","Reflex"],"picked":"Calculated Gamble"},{"not_picked":["Dodge and Roll","Flechettes"],"picked":"Infinite Blades"},{"not_picked":["Underhanded Strike","Poisoned Stab"],"picked":"Quick Slash"},{"not_picked":["Skewer","Dagger Spray"],"picked":"Escape Plan"},{"not_picked":["Wraith Form","Grand Finale"],"picked":"Envenom"},{"not_picked":["Dagger Spray","Slice"],"picked":"Infinite Blades"},{"not_picked":["Leg Sweep","Flechettes"],"picked":"Backflip"},{"not_picked":["Escape Plan","Prepared"],"picked":"Well Laid Plans"},{"not_picked":["Deadly Poison","Poisoned Stab"],"picked":"Riddle With Holes"},{"not_picked":["Dodge and Roll","Bane"],"picked":"Slice"},{"not_picked":["Prepared","Caltrops"],"picked":"Tactician"},{"not_picked":["Dodge and Roll","Underhanded Strike"],"picked":"Backflip"}],"player_experience":754153,"potions_floor_usage":[16,16,29,46,50,50,50],"damage_taken":[{"damage":0,"enemies":"Blue Slaver","floor":1,"turns":4},{"damage":2,"enemies":"2 Louse","floor":2,"turns":4},{"damage":0,"enemies":"Small Slimes","floor":3,"turns":4},{"damage":4,"enemies":"3 Louse","floor":4,"turns":3},{"damage":2,"enemies":"2 Fungi Beasts","floor":5,"turns":4},{"damage":0,"enemies":"Large Slime","floor":7,"turns":6},{"damage":16,"enemies":"3 Sentries","floor":10,"turns":5},{"damage":0,"enemies":"3 Louse","floor":13,"turns":1},{"damage":17,"enemies":"Slime Boss","floor":16,"turns":10},{"damage":0,"enemies":"Shell Parasite","floor":18,"turns":4},{"damage":1,"enemies":"Spheric Guardian","floor":21,"turns":4},{"damage":8,"enemies":"3 Cultists","floor":22,"turns":4},{"damage":3,"enemies":"Snecko","floor":28,"turns":4},{"damage":0,"enemies":"Gremlin Leader","floor":29,"turns":4},{"damage":3,"enemies":"Snake Plant","floor":30,"turns":4},{"damage":0,"enemies":"Chosen and Byrds","floor":31,"turns":4},{"damage":53,"enemies":"Champ","floor":33,"turns":11},{"damage":0,"enemies":"3 Shapes","floor":35,"turns":5},{"damage":0,"enemies":"3 Darklings","floor":38,"turns":4},{"damage":1,"enemies":"Maw","floor":39,"turns":7},{"damage":0,"enemies":"Sphere and 2 Shapes","floor":42,"turns":4},{"damage":5,"enemies":"4 Shapes","floor":44,"turns":5},{"damage":0,"enemies":"Nemesis","floor":46,"turns":7},{"damage":0,"enemies":"Maw","floor":47,"turns":7},{"damage":1,"enemies":"Sphere and 2 Shapes","floor":48,"turns":3},{"damage":19,"enemies":"Donu and Deca","floor":50,"turns":10}],"event_choices":[{"event_name":"World of Goop","player_choice":"Gather Gold","floor":11,"damage_taken":0},{"event_name":"Living Wall","player_choice":"Forget","floor":14,"damage_taken":0},{"event_name":"Vampires","player_choice":"Ignored","floor":19,"damage_taken":0},{"event_name":"Forgotten Altar","player_choice":"Shed Blood","floor":20,"damage_taken":0},{"event_name":"Mysterious Sphere","player_choice":"Ignore","floor":37,"damage_taken":0}],"boss_relics":[{"not_picked":["Philosopher\u0027s Stone","Runic Pyramid"],"picked":"Pandora\u0027s Box"},{"not_picked":["Velvet Choker","Black Star"],"picked":"The Specimen"}],"potions_floor_spawned":[2,5,10,21,22,30,31,33,39,42,46],"seed_played":"4738735672328267267","ascension_level":0,"is_trial":false}