{"path_per_floor":["M","?","M","$","M","R","M","R","T","R","E","M","R","?","R","B",null,"M","?","M","?","M","R","M","E","T","R","?","M","R","E","R","B",null,"M","?","$","M","M","$","R","?","T","M","M","M","R","M","R","B"],"character_chosen":"THE_SILENT","items_purchased":["Noxious Fumes","Frozen Egg","Well Laid Plans","Dexterity Potion"],"gold_per_floor":[19,119,130,55,73,73,83,83,134,134,168,178,178,178,178,280,280,295,295,306,306,322,322,336,371,396,396,396,409,409,440,440,536,536,548,548,413,424,443,49,49,49,49,62,80,92,92,103,103,103],"floor_reached":51,"campfire_rested":5,"playtime":4932,"current_hp_per_floor":[70,70,70,70,70,70,70,70,70,70,62,55,55,55,55,33,70,68,68,68,61,61,61,60,16,16,37,37,35,56,38,59,26,70,69,69,69,62,55,55,55,45,45,26,26,34,55,48,69,54],"items_purged":["Grand Finale","Defend_G","Defend_G"],"gold":103,"play_id":"e4e894ac-6dbf-4ad9-bc41-7f284ca6129f","is_prod":false,"is_daily":false,"is_ascension_mode":false,"campfire_upgraded":7,"path_taken":["M","?","M","$","M","R","?","R","T","R","E","M","R","?","R","BOSS","M","?","M","?","M","R","M","E","T","R","?","M","R","E","R","BOSS","M","?","$","M","M","$","R","?","T","M","M","M","R","M","R","BOSS"],"build_version":"2018-01-25-PROD3","purchased_purges":3,"victory":true,"master_deck":["Defend_G","Defend_G","Defend_G","Survivor+1","Neutralize+1","Quick Slash+1","Escape Plan","Poisoned Stab+1","Dagger Throw+1","Noxious Fumes+1","Leg Sweep+1","PiercingWail","Tools of the Trade+1","Backflip","Dash","Dash","Footwork+1","Deflect","Footwork+1","Deflect+1","Tactician+1","Leg Sweep+1","All Out Attack+1","Predator+1","Noxious Fumes","Backflip","Well Laid Plans","Madness","Madness","Noxious Fumes+1","Well Laid Plans+1"],"max_hp_per_floor":[70,70,70,70,70,70,70,70,70,70,70,70,70,70,70,70,70,70,70,70,70,70,70,70,70,70,70,70,70,70,70,70,70,70,70,70,70,70,70,70,70,70,70,70,70,70,70,70,70,70],"relics":["Ring of the Snake","Molten Egg","Letter Opener","Orrery","Orichalcum","Dream Catcher","Omamori","Astrolabe","Frozen Egg","Snake Skull"],"card_choices":[{"not_picked":["Dodge and Roll","Backstab"],"picked":"Escape Plan"},{"not_picked":["Bullet Time","Catalyst"],"picked":"Poisoned Stab"},{"not_picked":["Caltrops","Slice"],"picked":"Dagger Throw"},{"not_picked":["Distraction","Underhanded Strike"],"picked":"Noxious Fumes"},{"not_picked":["Poisoned Stab","Caltrops"],"picked":"Leg Sweep"},{"not_picked":["Prepared","Outmaneuver"],"picked":"PiercingWail"},{"not_picked":["Envenom","Grand Finale"],"picked":"Tools of the Trade"},{"not_picked":["Outmaneuver","Endless Agony"],"picked":"Backflip"},{"not_picked":["Choke","Eviscerate"],"picked":"Dash"},{"not_picked":["Outmaneuver","Skewer"],"picked":"Dash"},{"not_picked":["Endless Agony","Deadly Poison"],"picked":"Deflect"},{"not_picked":["Masterful Stab","A Thousand Cuts"],"picked":"Deflect"},{"not_picked":["Corpse Explosion","Wraith Form"],"picked":"Tactician"},{"not_picked":["Distraction","Choke"],"picked":"Predator"},{"not_picked":["Acrobatics","All Out Attack"],"picked":"Backflip"},{"not_picked":["Tactician","Backstab"],"picked":"Noxious Fumes"},{"not_picked":["Sucker Punch","Acrobatics"],"picked":"Well Laid Plans"}],"player_experience":813218,"potions_floor_usage":[7,18,25,25,46,48,50,50],"damage_taken":[{"damage":0,"enemies":"2 Louse","floor":1,"turns":4},{"damage":0,"enemies":"Cultist","floor":3,"turns":4},{"damage":0,"enemies":"Jaw Worm","floor":5,"turns":4},{"damage":0,"enemies":"Gremlin Gang","floor":7,"turns":4},{"damage":8,"enemies":"Gremlin Nob","floor":11,"turns":4},{"damage":7,"enemies":"Looter","floor":12,"turns":3},{"damage":22,"enemies":"The Guardian","floor":16,"turns":8},{"damage":2,"enemies":"Chosen","floor":18,"turns":5},{"damage":0,"enemies":"Shell Parasite","floor":20,"turns":7},{"damage":0,"enemies":"Snecko","floor":22,"turns":7},{"damage":1,"enemies":"3 Cultists","floor":24,"turns":6},{"damage":44,"enemies":"Gremlin Leader","floor":25,"turns":10},{"damage":2,"enemies":"Centurion and Healer","floor":29,"turns":9},{"damage":18,"enemies":"Slavers","floor":31,"turns":13},{"damage":33,"enemies":"Automaton","floor":33,"turns":15},{"damage":1,"enemies":"3 Shapes","floor":35,"turns":10},{"damage":7,"enemies":"3 Darklings","floor":38,"turns":7},{"damage":7,"enemies":"4 Shapes","floor":39,"turns":6},{"damage":19,"enemies":"Sphere and 2 Shapes","floor":44,"turns":9},{"damage":0,"enemies":"Maw","floor":45,"turns":10},{"damage":7,"enemies":"4 Shapes","floor":46,"turns":5},{"damage":7,"enemies":"3 Darklings","floor":48,"turns":5},{"damage":15,"enemies":"Time Eater","floor":50,"turns":13}],"event_choices":[{"event_name":"Wheel of Change","player_choice":"Gold","floor":2,"damage_taken":0},{"event_name":"Upgrade Shrine","player_choice":"Upgraded","floor":14,"damage_taken":0},{"event_name":"The Library","player_choice":"Read","floor":19,"damage_taken":0},{"event_name":"Knowing Skull","player_choice":"","floor":21,"damage_taken":0},{"event_name":"Duplicator","player_choice":"One dupe","floor":28,"damage_taken":0},{"event_name":"Winding Halls","player_choice":"Embrace Madness","floor":42,"damage_taken":0}],"boss_relics":[{"not_picked":["Velvet Choker","Calling Bell"],"picked":"Orrery"},{"not_picked":["Runic Pyramid","Eternal Feather"],"picked":"Astrolabe"}],"potions_floor_spawned":[3,5,12,16,20,24,31,35,38,45,46],"seed_played":"-516119001425926548","ascension_level":0,"is_trial":false}