{"path_per_floor":["M","M","M","?","?","E","R","M","T","R","M","M","?","?","R","B",null,"M","M","M","?","M","R","M","M","T","R","M","R","?","M","R","B",null,"M","M","$","M","$","R","?","M","T","M","M","?","?","M","R","B"],"character_chosen":"THE_SILENT","items_purchased":["Shuriken","Dexterity Potion","Trip"],"gold_per_floor":[116,132,146,146,221,253,253,272,299,299,316,336,336,336,336,460,460,485,498,519,519,542,542,556,570,570,570,583,583,583,598,598,698,728,745,760,685,698,196,196,196,213,213,226,246,246,246,256,256,256],"floor_reached":51,"campfire_rested":3,"playtime":4868,"current_hp_per_floor":[68,68,68,68,57,10,31,31,31,31,33,35,23,23,42,12,65,65,65,65,65,65,65,65,65,65,65,63,63,63,65,65,8,70,70,70,70,70,70,70,70,70,70,68,70,70,60,64,70,70],"items_purged":["Regret","Strike_G"],"gold":256,"play_id":"cdbbf84b-07bc-40ac-b1b4-854d4baa5f08","is_prod":false,"is_daily":false,"is_ascension_mode":false,"campfire_upgraded":6,"path_taken":["M","M","M","?","?","E","R","M","T","R","M","M","?","?","R","BOSS","M","M","?","?","M","R","M","M","T","R","M","R","?","?","R","BOSS","M","M","$","M","$","R","?","M","T","M","M","?","?","M","R","BOSS"],"build_version":"2018-01-25-PROD3","purchased_purges":2,"victory":true,"master_deck":["Defend_G+1","Defend_G+1","Defend_G+1","Defend_G+1","Defend_G+1","Strike_G+1","Strike_G+1","Strike_G+1","Survivor","Neutralize+1","Sucker Punch+1","Dagger Spray+1","Heel Hook","Blur","Backflip","Dodge and Roll+1","Flying Knee+1","Predator+1","Dash+1","Backflip","Well Laid Plans+1","Dash+1","Trip","Regret","Madness","Madness"],"max_hp_per_floor":[70,70,70,70,70,70,70,70,70,70,70,70,70,65,65,65,65,65,65,65,65,65,65,65,65,65,65,65,65,65,65,65,65,70,70,70,70,70,70,70,70,70,70,70,70,70,70,70,70,70],"relics":["Ring of the Snake","Thread and Needle","Blood Vial","Dodecahedron","Bloody Idol","Cursed Key","Bird Faced Urn","Tiny House","Shuriken"],"card_choices":[{"not_picked":["Bane","Masterful Stab"],"picked":"Sucker Punch"},{"not_picked":["Deflect","Quick Slash"],"picked":"Dagger Spray"},{"not_picked":["Backstab","Caltrops"],"picked":"Heel Hook"},{"not_picked":["Dagger Throw","Masterful Stab"],"picked":"Blur"},{"not_picked":["Envenom","Slice"],"picked":"Backflip"},{"not_picked":["Reflex","Dagger Spray"],"picked":"Dodge and Roll"},{"not_picked":["Cloak And Dagger","Leg Sweep"],"picked":"Flying Knee"},{"not_picked":["Poisoned Stab","Dagger Throw"],"picked":"Predator"},{"not_picked":["Acrobatics","Sucker Punch"],"picked":"Dash"},{"not_picked":["PiercingWail","Slice"],"picked":"Backflip"},{"not_picked":["Infinite Blades","PiercingWail"],"picked":"Well Laid Plans"},{"not_picked":["Poisoned Stab","Deflect"],"picked":"Dash"}],"player_experience":804034,"potions_floor_usage":[16,18,33,36,50,50],"damage_taken":[{"damage":2,"enemies":"Jaw Worm","floor":1,"turns":5},{"damage":0,"enemies":"Small Slimes","floor":2,"turns":4},{"damage":0,"enemies":"2 Louse","floor":3,"turns":3},{"damage":47,"enemies":"Lagavulin","floor":6,"turns":10},{"damage":0,"enemies":"Looter","floor":8,"turns":3},{"damage":0,"enemies":"3 Louse","floor":11,"turns":4},{"damage":0,"enemies":"2 Fungi Beasts","floor":12,"turns":4},{"damage":32,"enemies":"Slime Boss","floor":16,"turns":15},{"damage":0,"enemies":"Spheric Guardian","floor":18,"turns":5},{"damage":0,"enemies":"Shell Parasite","floor":19,"turns":9},{"damage":0,"enemies":"Snecko","floor":20,"turns":8},{"damage":0,"enemies":"Snake Plant","floor":22,"turns":5},{"damage":0,"enemies":"Chosen and Byrds","floor":24,"turns":6},{"damage":0,"enemies":"Centurion and Healer","floor":25,"turns":6},{"damage":2,"enemies":"Slaver and Parasite","floor":28,"turns":6},{"damage":3,"enemies":"Snecko","floor":31,"turns":4},{"damage":62,"enemies":"Automaton","floor":33,"turns":17},{"damage":4,"enemies":"3 Shapes","floor":35,"turns":9},{"damage":2,"enemies":"3 Darklings","floor":36,"turns":8},{"damage":0,"enemies":"Maw","floor":38,"turns":10},{"damage":0,"enemies":"4 Shapes","floor":42,"turns":6},{"damage":7,"enemies":"Sphere and 2 Shapes","floor":44,"turns":7},{"damage":7,"enemies":"3 Darklings","floor":45,"turns":8},{"damage":5,"enemies":"Maw","floor":48,"turns":9},{"damage":6,"enemies":"Awakened One","floor":50,"turns":13}],"event_choices":[{"event_name":"Living Wall","player_choice":"Forget","floor":4,"damage_taken":0},{"event_name":"World of Goop","player_choice":"Gather Gold","floor":5,"damage_taken":0},{"event_name":"Scrap Ooze","player_choice":"success","floor":13,"damage_taken":12},{"event_name":"Golden Idol","player_choice":"Lose Max HP","floor":14,"damage_taken":0},{"event_name":"Back to Basics","player_choice":"Simplicity","floor":21,"damage_taken":0},{"event_name":"Forgotten Altar","player_choice":"Gave Idol","floor":30,"damage_taken":0},{"event_name":"Tomb of Lord Red Mask","player_choice":"Ignored","floor":41,"damage_taken":0},{"event_name":"Mysterious Sphere","player_choice":"Ignore","floor":46,"damage_taken":0},{"event_name":"Winding Halls","player_choice":"Embrace Madness","floor":47,"damage_taken":0}],"boss_relics":[{"not_picked":["Velvet Choker","Lizard Tail"],"picked":"Cursed Key"},{"not_picked":["Runic Dome","Calling Bell"],"picked":"Tiny House"}],"potions_floor_spawned":[1,11,16,19,20,22,31,33,35,38,44,48],"seed_played":"-3609550712689574585","ascension_level":0,"is_trial":false}