{"path_per_floor":["M","?","?","$","T","M","R","E","T","R","E","R","?","M","R","B",null,"M","M","?","?","$","R","M","M","T","?","R","M","M","$","R","B",null,"M","?","?","M","M","R","?","M","T","M","?","M","R","M","R","B"],"character_chosen":"THE_SILENT","items_purchased":["Footwork","Backflip"],"gold_per_floor":[112,112,112,37,67,81,81,115,193,193,222,222,222,235,235,337,337,354,371,371,286,111,111,125,143,198,123,123,136,155,7,7,103,133,152,252,252,272,289,289,289,304,331,346,346,357,357,376,376,376],"floor_reached":51,"campfire_rested":3,"playtime":4382,"current_hp_per_floor":[70,56,61,61,61,61,61,49,49,49,44,44,37,39,62,49,79,53,53,44,44,44,44,44,44,44,44,69,66,65,65,65,64,93,93,93,83,85,95,95,95,97,97,96,96,95,95,95,103,102],"items_purged":["Strike_G","Strike_G","Strike_G"],"gold":376,"play_id":"15d03573-8926-432e-9e64-cf52c1b63640","is_prod":false,"is_daily":false,"is_ascension_mode":false,"campfire_upgraded":7,"path_taken":["M","?","?","$","?","M","R","E","T","R","E","R","?","?","R","BOSS","M","?","?","?","$","R","M","M","T","?","R","M","M","?","R","BOSS","M","?","?","M","M","R","?","M","T","?","?","M","R","M","R","BOSS"],"build_version":"2018-01-25-PROD3","purchased_purges":3,"victory":true,"master_deck":["Defend_G","Defend_G+1","Defend_G+1","Defend_G","Defend_G","Survivor","Neutralize+1","Deadly Poison+1","PiercingWail","Burst+1","Deadly Poison+1","Catalyst+1","Footwork+1","Catalyst+1","Deflect","Well Laid Plans+1","Backflip","Adrenaline","Escape Plan","Madness","Madness","Deadly Poison+1"],"max_hp_per_floor":[70,70,75,75,75,75,75,75,75,75,75,75,75,77,77,79,79,79,79,84,84,84,84,84,84,84,84,84,86,86,86,86,86,93,93,93,93,95,95,95,95,97,97,99,99,101,101,103,103,103],"relics":["Ring of the Snake","Tiny Chest","Ancient Tea Set","Toolbox","Orichalcum","Singing Bowl","Philosopher\u0027s Stone","Mummified Hand","Bag of Preparation","Tiny House","Molten Egg"],"card_choices":[{"not_picked":["Concentrate","Bane"],"picked":"Deadly Poison"},{"not_picked":["Sucker Punch","Eviscerate"],"picked":"PiercingWail"},{"not_picked":["Sucker Punch","Storm of Steel"],"picked":"Burst"},{"not_picked":["Blade Dance","Caltrops"],"picked":"Deadly Poison"},{"not_picked":["Cloak And Dagger","Masterful Stab"],"picked":"Catalyst"},{"not_picked":["Quick Slash","Terror"],"picked":"Catalyst"},{"not_picked":["Quick Slash","Sucker Punch"],"picked":"Deflect"},{"not_picked":["Escape Plan","PiercingWail"],"picked":"Well Laid Plans"},{"not_picked":["Storm of Steel","Burst"],"picked":"Adrenaline"},{"not_picked":["Caltrops","Sucker Punch"],"picked":"Escape Plan"},{"not_picked":["Distraction","PiercingWail"],"picked":"Deadly Poison"}],"player_experience":837209,"potions_floor_usage":[11,11,18,25,39,46,46],"damage_taken":[{"damage":0,"enemies":"Cultist","floor":1,"turns":4},{"damage":0,"enemies":"2 Louse","floor":6,"turns":3},{"damage":12,"enemies":"Lagavulin","floor":8,"turns":8},{"damage":5,"enemies":"Gremlin Nob","floor":11,"turns":4},{"damage":0,"enemies":"Small Slimes","floor":14,"turns":2},{"damage":15,"enemies":"Hexaghost","floor":16,"turns":13},{"damage":26,"enemies":"3 Byrds","floor":18,"turns":6},{"damage":0,"enemies":"Spheric Guardian","floor":19,"turns":2},{"damage":0,"enemies":"Snake Plant","floor":24,"turns":4},{"damage":0,"enemies":"3 Cultists","floor":25,"turns":5},{"damage":5,"enemies":"Slaver and Parasite","floor":29,"turns":7},{"damage":1,"enemies":"Snecko","floor":30,"turns":3},{"damage":1,"enemies":"Champ","floor":33,"turns":6},{"damage":0,"enemies":"3 Darklings","floor":35,"turns":10},{"damage":0,"enemies":"Orb Walker","floor":38,"turns":2},{"damage":4,"enemies":"3 Darklings","floor":39,"turns":6},{"damage":0,"enemies":"Maw","floor":42,"turns":2},{"damage":3,"enemies":"4 Shapes","floor":44,"turns":6},{"damage":3,"enemies":"Sphere and 2 Shapes","floor":46,"turns":7},{"damage":2,"enemies":"Maw","floor":48,"turns":4},{"damage":1,"enemies":"Awakened One","floor":50,"turns":12}],"event_choices":[{"event_name":"Shining Light","player_choice":"Entered Light","floor":2,"damage_taken":0},{"event_name":"Big Fish","player_choice":"Donut","floor":3,"damage_taken":0},{"event_name":"Scrap Ooze","player_choice":"success","floor":13,"damage_taken":7},{"event_name":"Forgotten Altar","player_choice":"Shed Blood","floor":20,"damage_taken":0},{"event_name":"Addict","player_choice":"Obtained Relic","floor":21,"damage_taken":0},{"event_name":"Beggar","player_choice":"Gave Gold","floor":27,"damage_taken":0},{"event_name":"Golden Shrine","player_choice":"Pray","floor":36,"damage_taken":0},{"event_name":"Winding Halls","player_choice":"Embrace Madness","floor":37,"damage_taken":0},{"event_name":"Mysterious Sphere","player_choice":"Ignore","floor":41,"damage_taken":0}],"boss_relics":[{"not_picked":["Runic Pyramid","Runic Dome"],"picked":"Philosopher\u0027s Stone"},{"not_picked":["Calling Bell","Orrery"],"picked":"Tiny House"}],"potions_floor_spawned":[1,6,8,18,30,33,35,38,42,44],"seed_played":"-625647848105891453","ascension_level":0,"is_trial":false}