{"path_per_floor":["M","?","?","M","?","R","M","R","T","R","?","M","$","M","R","B",null,"M","M","?","?","M","R","?","R","T","R","M","?","M","M","R","B",null,"M","M","?","?","M","R","?","R","T","$","T","$","M","M","R","B"],"character_chosen":"THE_SILENT","items_purchased":["Snake Skull","Footwork","Block Potion","Deflect","Regen Potion"],"gold_per_floor":[219,169,169,183,258,258,269,269,293,293,293,304,74,86,86,181,181,195,215,215,215,228,228,228,228,228,228,244,159,177,197,197,301,301,319,332,332,332,345,345,345,345,370,39,39,39,51,63,63,63],"floor_reached":51,"campfire_rested":2,"playtime":3276,"current_hp_per_floor":[70,70,63,62,51,51,48,48,48,48,48,46,46,46,46,42,63,59,51,51,70,70,70,54,54,54,54,54,54,58,55,55,58,67,70,56,56,56,55,55,55,70,70,70,70,70,68,40,61,22],"items_purged":["Strike_G","Poisoned Stab"],"gold":63,"play_id":"454a3e4a-897a-476e-b9f8-ba973ba0ad6b","is_prod":false,"is_daily":false,"is_ascension_mode":true,"campfire_upgraded":9,"path_taken":["M","?","?","M","?","R","?","R","T","R","?","M","$","M","R","BOSS","M","M","?","?","?","R","?","R","T","R","M","?","M","M","R","BOSS","M","M","?","?","M","R","?","R","T","?","?","?","M","M","R","BOSS"],"build_version":"2018-01-25-PROD3","purchased_purges":2,"victory":true,"master_deck":["Defend_G+1","Defend_G+1","Defend_G+1","Defend_G+1","Defend_G+1","Survivor+1","Neutralize+1","Noxious Fumes+1","Catalyst+1","Deadly Poison","Dash+1","Corpse Explosion+1","Bouncing Flask+1","Well Laid Plans+1","Backflip+1","After Image+1","Escape Plan","Footwork","Deflect"],"max_hp_per_floor":[70,70,70,70,70,70,70,70,70,70,70,70,70,70,70,70,70,70,70,70,70,70,70,70,70,70,70,70,70,70,70,70,70,70,70,70,70,70,70,70,70,70,70,70,70,70,70,70,70,70],"relics":["Ring of the Snake","Bag of Marbles","Snake Skull","Orrery","Nilry\u0027s Codex","Bird Faced Urn","Juzu Bracelet","The Specimen","Frozen Egg","Peace Pipe"],"card_choices":[{"not_picked":["Dodge and Roll","Skewer"],"picked":"Noxious Fumes"},{"not_picked":["Dodge and Roll","Masterful Stab"],"picked":"Catalyst"},{"not_picked":["PiercingWail","Concentrate"],"picked":"Deadly Poison"},{"not_picked":["Cloak And Dagger","Reflex"],"picked":"Dash"},{"not_picked":["Dagger Spray","Deadly Poison"],"picked":"Poisoned Stab"},{"not_picked":["Bane","Poisoned Stab"],"picked":"Corpse Explosion"},{"not_picked":["Poisoned Stab","Deadly Poison"],"picked":"Bouncing Flask"},{"not_picked":["Underhanded Strike","Acrobatics"],"picked":"Well Laid Plans"},{"not_picked":["Deflect","Riddle With Holes"],"picked":"Backflip"},{"not_picked":["Venomology","Night Terror"],"picked":"After Image"},{"not_picked":["Backstab","Flying Knee"],"picked":"Escape Plan"}],"player_experience":675428,"potions_floor_usage":[12,16,19,35,47,50,50,50],"damage_taken":[{"damage":0,"enemies":"2 Louse","floor":1,"turns":4},{"damage":1,"enemies":"Small Slimes","floor":4,"turns":5},{"damage":3,"enemies":"Jaw Worm","floor":7,"turns":5},{"damage":2,"enemies":"Exordium Thugs","floor":12,"turns":4},{"damage":0,"enemies":"Large Slime","floor":14,"turns":6},{"damage":4,"enemies":"Slime Boss","floor":16,"turns":7},{"damage":4,"enemies":"Shell Parasite","floor":18,"turns":4},{"damage":8,"enemies":"2 Thieves","floor":19,"turns":5},{"damage":0,"enemies":"Snake Plant","floor":22,"turns":5},{"damage":0,"enemies":"Snecko","floor":28,"turns":3},{"damage":0,"enemies":"3 Cultists","floor":30,"turns":2},{"damage":9,"enemies":"Sentry and Sphere","floor":31,"turns":3},{"damage":5,"enemies":"Champ","floor":33,"turns":7},{"damage":0,"enemies":"3 Darklings","floor":35,"turns":4},{"damage":16,"enemies":"Orb Walker","floor":36,"turns":3},{"damage":7,"enemies":"Maw","floor":39,"turns":6},{"damage":8,"enemies":"4 Shapes","floor":47,"turns":9},{"damage":30,"enemies":"Sphere and 2 Shapes","floor":48,"turns":4},{"damage":55,"enemies":"Donu and Deca","floor":50,"turns":9}],"event_choices":[{"event_name":"The Cleric","player_choice":"Card Removal","floor":2,"damage_taken":0},{"event_name":"Golden Wing","player_choice":"Card Removal","floor":3,"damage_taken":0},{"event_name":"World of Goop","player_choice":"Gather Gold","floor":5,"damage_taken":0},{"event_name":"Living Wall","player_choice":"Forget","floor":11,"damage_taken":0},{"event_name":"Back to Basics","player_choice":"Simplicity","floor":20,"damage_taken":0},{"event_name":"The Library","player_choice":"Heal","floor":21,"damage_taken":0},{"event_name":"Cursed Tome","player_choice":"Obtained Book","floor":24,"damage_taken":0},{"event_name":"Addict","player_choice":"Obtained Relic","floor":29,"damage_taken":0},{"event_name":"Transmorgrifier","player_choice":"Skipped","floor":38,"damage_taken":0},{"event_name":"Tomb of Lord Red Mask","player_choice":"Ignored","floor":41,"damage_taken":0}],"boss_relics":[{"not_picked":["Pandora\u0027s Box","Calling Bell"],"picked":"Orrery"},{"not_picked":["Lizard Tail","Question Card"],"picked":"The Specimen"}],"potions_floor_spawned":[1,12,14,18,28,33,36,47,48],"seed_played":"5287096259526278113","ascension_level":5,"is_trial":false}