{"path_per_floor":["M","?","$","M","M","M","M","R","T","R","M","?","$","M","R","B",null,"M","?","$","M","M","R","E","M","T","R","$","R","M","M","R","B",null,"M","M","?","$","M","R","E","R","T","E","R","M","?","$","R","B"],"character_chosen":"THE_SILENT","items_purchased":["Footwork","Calculated Gamble","Backflip","Swift Potion","Oddly Smooth Stone"],"gold_per_floor":[111,111,36,54,73,89,99,99,99,99,113,113,13,28,28,151,151,175,100,28,44,59,59,99,119,119,119,29,29,50,64,64,194,194,213,229,229,56,79,79,113,113,113,156,156,169,169,25,25,25],"floor_reached":51,"campfire_rested":3,"playtime":5121,"current_hp_per_floor":[69,62,62,62,62,39,37,37,37,37,34,17,17,22,43,35,70,69,69,69,53,52,52,52,41,41,41,41,41,41,37,58,58,70,70,62,62,62,62,70,69,70,70,37,47,47,47,47,70,67],"items_purged":["Strike_G","Defend_G","Strike_G"],"gold":25,"play_id":"9ac803d9-0a12-4836-974b-2d8861afcf0e","is_prod":false,"is_daily":false,"is_ascension_mode":true,"campfire_upgraded":8,"path_taken":["M","?","$","M","M","M","?","R","T","R","M","?","?","?","R","BOSS","M","?","$","M","M","R","E","M","T","R","$","R","M","M","R","BOSS","M","M","?","$","M","R","E","R","T","E","R","M","?","?","R","BOSS"],"build_version":"2018-01-25-PROD3","purchased_purges":3,"victory":true,"master_deck":["Defend_G","Defend_G+1","Defend_G","Defend_G+1","Strike_G","Survivor","Neutralize+1","Deflect","Deflect","Slice","Quick Slash+1","Backflip+1","Well Laid Plans+1","After Image","Dagger Throw","Footwork+1","Quick Slash+1","Cloak And Dagger+1","Prepared+1","Calculated Gamble+1","Backflip","Calculated Gamble+1","A Thousand Cuts+1","Underhanded Strike","Backflip+1","Reflex+1","Adrenaline","Calculated Gamble+1"],"max_hp_per_floor":[70,70,70,70,70,70,70,70,70,70,70,70,70,70,70,70,70,70,70,70,70,70,70,70,70,70,70,70,70,70,70,70,70,70,70,70,70,70,70,70,70,70,70,70,70,70,70,70,70,70],"relics":["Ring of the Snake","War Paint","Tingsha","Golden Idol","Philosopher\u0027s Stone","Bottled Flame","Ice Cream","Eternal Feather","Pen Nib","Girya","Darkstone Periapt","Oddly Smooth Stone"],"card_choices":[{"not_picked":["PiercingWail","Dodge and Roll"],"picked":"Deflect"},{"not_picked":["Sucker Punch","Acrobatics"],"picked":"Deflect"},{"not_picked":["Distraction","Malaise"],"picked":"Slice"},{"not_picked":["Cloak And Dagger","Blade Dance"],"picked":"Quick Slash"},{"not_picked":["Deflect","Storm of Steel"],"picked":"Backflip"},{"not_picked":["Backstab","Slice"],"picked":"Well Laid Plans"},{"not_picked":["Glass Knife","Wraith Form"],"picked":"After Image"},{"not_picked":["Concentrate","Flying Knee"],"picked":"Dagger Throw"},{"not_picked":["Calculated Gamble","Dagger Throw"],"picked":"Quick Slash"},{"not_picked":["Flechettes","Distraction"],"picked":"Cloak And Dagger"},{"not_picked":["Cloak And Dagger","Endless Agony"],"picked":"Prepared"},{"not_picked":["Blade Dance","Prepared"],"picked":"Calculated Gamble"},{"not_picked":["Storm of Steel","Die Die Die"],"picked":"A Thousand Cuts"},{"not_picked":["Blur","Finisher"],"picked":"Underhanded Strike"},{"not_picked":["Heel Hook","Slice"],"picked":"Backflip"},{"not_picked":["Deflect","Dodge and Roll"],"picked":"Reflex"},{"not_picked":["Deflect","Storm of Steel"],"picked":"Adrenaline"}],"player_experience":593806,"potions_floor_usage":[14,16,16,22,24,25,31,33,39,44,50,50],"damage_taken":[{"damage":1,"enemies":"Jaw Worm","floor":1,"turns":4},{"damage":0,"enemies":"Small Slimes","floor":4,"turns":4},{"damage":0,"enemies":"Blue Slaver","floor":5,"turns":7},{"damage":23,"enemies":"Exordium Wildlife","floor":6,"turns":13},{"damage":2,"enemies":"2 Fungi Beasts","floor":7,"turns":5},{"damage":3,"enemies":"Gremlin Gang","floor":11,"turns":6},{"damage":1,"enemies":"Exordium Wildlife","floor":14,"turns":3},{"damage":8,"enemies":"Hexaghost","floor":16,"turns":13},{"damage":1,"enemies":"Spheric Guardian","floor":18,"turns":5},{"damage":16,"enemies":"Chosen","floor":21,"turns":7},{"damage":1,"enemies":"Centurion and Healer","floor":22,"turns":6},{"damage":0,"enemies":"Gremlin Leader","floor":24,"turns":12},{"damage":11,"enemies":"Chosen and Byrds","floor":25,"turns":7},{"damage":0,"enemies":"3 Cultists","floor":30,"turns":4},{"damage":4,"enemies":"Slaver and Parasite","floor":31,"turns":4},{"damage":0,"enemies":"Champ","floor":33,"turns":8},{"damage":0,"enemies":"3 Shapes","floor":35,"turns":4},{"damage":8,"enemies":"3 Darklings","floor":36,"turns":5},{"damage":0,"enemies":"Maw","floor":39,"turns":6},{"damage":1,"enemies":"Nemesis","floor":41,"turns":5},{"damage":33,"enemies":"2 Orb Walkers","floor":44,"turns":3},{"damage":0,"enemies":"4 Shapes","floor":46,"turns":4},{"damage":3,"enemies":"Awakened One","floor":50,"turns":7}],"event_choices":[{"event_name":"Golden Wing","player_choice":"Card Removal","floor":2,"damage_taken":0},{"event_name":"Golden Idol","player_choice":"Take Damage","floor":12,"damage_taken":0},{"event_name":"Beggar","player_choice":"Gave Gold","floor":19,"damage_taken":0},{"event_name":"Mysterious Sphere","player_choice":"Ignore","floor":37,"damage_taken":0},{"event_name":"Duplicator","player_choice":"One dupe","floor":47,"damage_taken":0}],"boss_relics":[{"not_picked":["White Beast Statue","Lizard Tail"],"picked":"Philosopher\u0027s Stone"},{"not_picked":["Calling Bell","Pandora\u0027s Box"],"picked":"Eternal Feather"}],"potions_floor_spawned":[6,7,11,14,16,18,24,25,35,36,44],"seed_played":"6890533139324771328","ascension_level":2,"is_trial":false}