{"path_per_floor":["M","M","M","?","M","R","M","M","T","M","R","M","R","?","R","B",null,"M","$","M","M","?","R","E","M","T","M","$","M","R","$","R","B",null,"M","M","$","T","M","R","$","R","T","?","M","M","M","M","R","B"],"character_chosen":"THE_SILENT","items_purchased":["Footwork","Predator","Lee\u0027s Waffle"],"gold_per_floor":[119,133,152,227,247,247,267,282,282,301,301,311,311,341,341,445,445,445,232,232,232,232,232,232,232,232,232,30,30,30,30,30,30,30,30,30,30,30,30,30,30,30,30,0,0,0,0,0,0,0],"floor_reached":51,"campfire_rested":1,"playtime":2853,"current_hp_per_floor":[75,72,72,61,57,57,46,45,45,45,45,45,45,35,35,12,77,52,52,52,28,53,53,27,23,23,19,84,83,83,83,83,83,84,78,78,78,78,78,78,78,78,78,78,77,77,75,63,84,50],"items_purged":["Strike_G"],"gold":0,"score":567,"play_id":"23732302-e139-4833-8a54-a6cb39f40364","is_prod":false,"is_daily":false,"is_ascension_mode":false,"campfire_upgraded":9,"path_taken":["M","M","?","?","M","R","M","M","T","?","R","?","R","?","R","BOSS","M","?","M","?","?","R","E","M","T","M","$","M","R","$","R","BOSS","M","?","?","?","M","R","$","R","T","?","M","M","M","M","R","BOSS"],"build_version":"2018-02-12-PROD1","purchased_purges":1,"victory":true,"master_deck":["Defend_G","Defend_G","Defend_G","Defend_G","Defend_G","Strike_G","Strike_G","Strike_G","Strike_G","Survivor","Neutralize+1","Flying Knee+1","Expertise+1","Outmaneuver+1","Burst+1","PiercingWail","Choke+1","Venomology","Acrobatics","Footwork+1","Predator+1","Dagger Throw+1","Concentrate+1","Predator+1","Footwork+1","Adrenaline","Outmaneuver+1"],"max_hp_per_floor":[77,77,77,77,77,77,77,77,77,77,77,77,77,77,77,77,77,77,77,77,77,77,77,77,77,77,77,84,84,84,84,84,84,84,84,84,84,84,84,84,84,84,84,84,84,84,84,84,84,84],"relics":["Ring of the Snake","Strawberry","Regal Pillow","Odd Mushroom","Ectoplasm","Orichalcum","Unceasing Top","Lee\u0027s Waffle","Sozu","Omamori","Bag of Marbles","Red Mask"],"card_choices":[{"not_picked":["Reflex","Bane"],"picked":"Flying Knee"},{"not_picked":["Masterful Stab","Caltrops"],"picked":"Expertise"},{"not_picked":["Slice","Cloak And Dagger"],"picked":"Outmaneuver"},{"not_picked":["Expertise","Setup"],"picked":"Burst"},{"not_picked":["Prepared","Deflect"],"picked":"PiercingWail"},{"not_picked":["Outmaneuver","Poisoned Stab"],"picked":"Choke"},{"not_picked":["Die Die Die","Tactician"],"picked":"Venomology"},{"not_picked":["Underhanded Strike","Catalyst"],"picked":"Acrobatics"},{"not_picked":["Outmaneuver","Infinite Blades"],"picked":"Dagger Throw"},{"not_picked":["All Out Attack","Cloak And Dagger"],"picked":"Concentrate"},{"not_picked":["Riddle With Holes","Sucker Punch"],"picked":"Predator"},{"not_picked":["Tactician","Slice"],"picked":"Footwork"},{"not_picked":["Wraith Form","Unload"],"picked":"Adrenaline"},{"not_picked":["Deadly Poison","Skewer"],"picked":"Outmaneuver"}],"player_experience":1176794,"potions_floor_usage":[7,12,14,16,16,18,21,24,24,25,27,33,33,33,33],"damage_taken":[{"damage":2,"enemies":"Blue Slaver","floor":1,"turns":5},{"damage":3,"enemies":"2 Louse","floor":2,"turns":3},{"damage":0,"enemies":"Small Slimes","floor":3,"turns":3},{"damage":4,"enemies":"Red Slaver","floor":5,"turns":6},{"damage":11,"enemies":"Gremlin Gang","floor":7,"turns":5},{"damage":1,"enemies":"3 Louse","floor":8,"turns":6},{"damage":0,"enemies":"2 Fungi Beasts","floor":10,"turns":4},{"damage":0,"enemies":"Lots of Slimes","floor":12,"turns":1},{"damage":10,"enemies":"The Mushroom Lair","floor":14,"turns":4},{"damage":23,"enemies":"Hexaghost","floor":16,"turns":14},{"damage":25,"enemies":"Spheric Guardian","floor":18,"turns":6},{"damage":0,"enemies":"Chosen","floor":20,"turns":4},{"damage":24,"enemies":"Snake Plant","floor":21,"turns":6},{"damage":26,"enemies":"Gremlin Leader","floor":24,"turns":7},{"damage":4,"enemies":"Sentry and Sphere","floor":25,"turns":5},{"damage":4,"enemies":"Slaver and Parasite","floor":27,"turns":5},{"damage":1,"enemies":"3 Cultists","floor":29,"turns":5},{"damage":0,"enemies":"Champ","floor":33,"turns":11},{"damage":6,"enemies":"3 Shapes","floor":35,"turns":5},{"damage":0,"enemies":"Orb Walker","floor":36,"turns":3},{"damage":0,"enemies":"3 Darklings","floor":39,"turns":4},{"damage":1,"enemies":"4 Shapes","floor":45,"turns":5},{"damage":0,"enemies":"Sphere and 2 Shapes","floor":46,"turns":4},{"damage":2,"enemies":"3 Darklings","floor":47,"turns":3},{"damage":12,"enemies":"Maw","floor":48,"turns":5},{"damage":34,"enemies":"Donu and Deca","floor":50,"turns":8}],"event_choices":[{"event_name":"World of Goop","player_choice":"Gather Gold","floor":4,"damage_taken":0},{"event_name":"Mushrooms","player_choice":"Fought Mushrooms","floor":14,"damage_taken":0},{"event_name":"The Library","player_choice":"Heal","floor":22,"damage_taken":0},{"event_name":"Tomb of Lord Red Mask","player_choice":"Paid","floor":44,"damage_taken":0}],"boss_relics":[{"not_picked":["Pandora\u0027s Box","Runic Dome"],"picked":"Ectoplasm"},{"not_picked":["Tiny House","Cursed Key"],"picked":"Sozu"}],"potions_floor_spawned":[1,7,8,10,14,21,24,29,33,35,39,45,46,48],"seed_played":"-4761538771052857592","ascension_level":0,"is_trial":false}