{"path_per_floor":["M","M","?","M","$","R","M","M","T","M","R","M","R","?","R","B",null,"M","?","$","M","M","R","E","R","T","M","M","R","$","E","R","B",null,"M","$","M","M","?","R","M","R","T","M","?","M","R","M","R","B"],"character_chosen":"THE_SILENT","items_purchased":["Well Laid Plans","Catalyst"],"gold_per_floor":[109,121,121,131,21,21,33,52,52,70,70,80,80,180,180,275,275,275,275,134,134,134,134,134,134,134,134,134,134,9,9,9,9,9,9,9,9,9,9,9,9,9,9,9,9,9,9,9,9,9],"floor_reached":51,"campfire_rested":1,"playtime":2413,"current_hp_per_floor":[65,64,57,57,57,57,55,51,51,51,51,51,51,51,51,37,70,68,68,68,68,68,68,68,68,78,69,66,66,66,66,66,61,80,79,79,79,79,79,79,79,79,79,76,66,68,68,70,86,82],"items_purged":["Strike_G","Strike_G","Strike_G"],"gold":9,"score":633,"play_id":"cfebcef1-ba9e-491b-adfb-5df838e3deb1","is_prod":false,"is_daily":false,"is_ascension_mode":false,"campfire_upgraded":11,"path_taken":["M","M","?","M","$","R","M","M","T","M","R","M","R","?","R","BOSS","M","?","$","M","M","R","E","R","T","M","M","R","$","E","R","BOSS","M","$","?","M","?","R","M","R","T","M","?","M","R","?","R","BOSS"],"build_version":"2018-02-08-PROD1","purchased_purges":3,"victory":true,"master_deck":["Defend_G","Defend_G","Defend_G","Defend_G","Defend_G","Survivor+1","Neutralize+1","Backflip+1","Well Laid Plans+1","Poisoned Stab","Backstab","Deadly Poison+1","PiercingWail","Burst+1","Catalyst+1","Deadly Poison+1","Backflip+1","Escape Plan","Catalyst+1","Noxious Fumes","Leg Sweep+1","Madness","Madness"],"max_hp_per_floor":[70,70,70,70,70,70,70,70,70,70,70,70,70,70,70,70,70,70,70,70,70,70,70,70,70,80,80,80,80,80,80,80,80,80,80,80,80,80,80,80,80,80,80,82,82,84,84,86,86,86],"relics":["The Specimen","Darkstone Periapt","Ectoplasm","Matryoshka","Pear","Paper Crane","Frozen Eye","Sozu","Singing Bowl","Calipers"],"card_choices":[{"not_picked":["Acrobatics","Glass Knife"],"picked":"Backflip"},{"not_picked":["Blade Dance","Dagger Throw"],"picked":"Quick Slash"},{"not_picked":["Dagger Throw","Acrobatics"],"picked":"Poisoned Stab"},{"not_picked":["Slice","Backflip"],"picked":"Backstab"},{"not_picked":["Sucker Punch","Choke"],"picked":"Deadly Poison"},{"not_picked":["Cloak And Dagger","Blur"],"picked":"PiercingWail"},{"not_picked":["Envenom","Tactician"],"picked":"Burst"},{"not_picked":["Well Laid Plans","Dodge and Roll"],"picked":"Deadly Poison"},{"not_picked":["Malaise","Dodge and Roll"],"picked":"Backflip"},{"not_picked":["Bullet Time","Masterful Stab"],"picked":"Escape Plan"},{"not_picked":["Distraction","Dodge and Roll"],"picked":"Catalyst"},{"not_picked":["Cloak And Dagger","Dagger Throw"],"picked":"Noxious Fumes"},{"not_picked":["PiercingWail","Reflex"],"picked":"Leg Sweep"}],"player_experience":1112505,"potions_floor_usage":[21,24,24,24,31],"damage_taken":[{"damage":5,"enemies":"Jaw Worm","floor":1,"turns":6},{"damage":1,"enemies":"Cultist","floor":2,"turns":4},{"damage":0,"enemies":"2 Louse","floor":4,"turns":4},{"damage":2,"enemies":"Looter","floor":7,"turns":4},{"damage":4,"enemies":"Red Slaver","floor":8,"turns":4},{"damage":0,"enemies":"2 Fungi Beasts","floor":10,"turns":4},{"damage":0,"enemies":"Large Slime","floor":12,"turns":6},{"damage":14,"enemies":"The Guardian","floor":16,"turns":9},{"damage":2,"enemies":"Shell Parasite","floor":18,"turns":5},{"damage":0,"enemies":"Spheric Guardian","floor":21,"turns":5},{"damage":0,"enemies":"Centurion and Healer","floor":22,"turns":5},{"damage":0,"enemies":"Slavers","floor":24,"turns":6},{"damage":9,"enemies":"Snecko","floor":27,"turns":5},{"damage":3,"enemies":"Snake Plant","floor":28,"turns":4},{"damage":0,"enemies":"Gremlin Leader","floor":31,"turns":6},{"damage":5,"enemies":"Champ","floor":33,"turns":5},{"damage":1,"enemies":"3 Shapes","floor":35,"turns":4},{"damage":0,"enemies":"3 Darklings","floor":37,"turns":7},{"damage":0,"enemies":"Maw","floor":38,"turns":4},{"damage":0,"enemies":"4 Shapes","floor":41,"turns":6},{"damage":5,"enemies":"3 Darklings","floor":44,"turns":4},{"damage":0,"enemies":"Sphere and 2 Shapes","floor":46,"turns":5},{"damage":0,"enemies":"Maw","floor":48,"turns":4},{"damage":4,"enemies":"Time Eater","floor":50,"turns":7}],"event_choices":[{"event_name":"Golden Wing","player_choice":"Card Removal","floor":3,"damage_taken":0},{"event_name":"Wheel of Change","player_choice":"Gold","floor":14,"damage_taken":0},{"event_name":"Bonfire Elementals","player_choice":"BASIC","floor":19,"damage_taken":0},{"event_name":"Winding Halls","player_choice":"Embrace Madness","floor":45,"damage_taken":0}],"boss_relics":[{"not_picked":["Velvet Choker","Pandora\u0027s Box"],"picked":"Ectoplasm"},{"not_picked":["Orrery","Black Star"],"picked":"Sozu"}],"potions_floor_spawned":[2,4,12,22,27,28,31,38,46],"seed_played":"5017453113998682030","ascension_level":0,"is_trial":false}