{"path_per_floor":["M","?","$","M","M","E","R","M","T","M","R","?","?","M","R","B",null,"M","$","?","M","M","R","M","R","T","R","M","E","R","?","R","B",null,"M","?","M","$","$","R","M","R","T","E","M","R","M","M","R","B"],"character_chosen":"THE_SILENT","items_purchased":["Panache"],"gold_per_floor":[119,119,44,60,80,105,105,115,186,141,141,141,141,156,156,260,260,271,171,171,157,170,170,184,184,184,184,202,228,228,228,228,325,325,337,337,351,147,22,22,33,33,33,58,75,75,88,108,108,108],"floor_reached":51,"campfire_rested":1,"playtime":6409,"current_hp_per_floor":[70,75,75,75,75,24,46,61,61,54,54,54,54,69,69,62,75,73,73,73,73,73,73,73,73,73,73,73,73,73,73,73,40,75,75,75,75,75,75,75,75,75,75,75,66,66,68,70,70,54],"items_purged":["Strike_G","Strike_G","Strike_G"],"gold":108,"play_id":"b9fb214f-27e4-4632-bbed-d825ecf7ab17","is_prod":false,"is_daily":false,"is_ascension_mode":false,"campfire_upgraded":9,"path_taken":["M","?","$","M","M","E","R","M","T","M","R","?","?","M","R","BOSS","M","$","?","M","M","R","M","R","T","R","M","E","R","?","R","BOSS","M","?","?","?","$","R","M","R","T","E","M","R","M","M","R","BOSS"],"build_version":"2018-02-01-PROD3","purchased_purges":3,"victory":true,"master_deck":["Defend_G","Defend_G","Defend_G","Defend_G","Defend_G","Survivor+1","Neutralize+1","Backflip+1","Venomology+1","Cloak And Dagger+1","Backflip+1","Bullet Time","Leg Sweep+1","Acrobatics+1","Flechettes+1","Bullet Time","Backflip+1","Caltrops+1","Acrobatics+1","Panache+1","Infinite Blades+1"],"max_hp_per_floor":[70,75,75,75,75,75,75,75,75,75,75,75,75,75,75,75,75,75,75,75,75,75,75,75,75,75,75,75,75,75,75,75,75,75,75,75,75,75,75,75,75,75,75,75,75,75,75,75,75,75],"relics":["Ring of the Snake","Calipers","Bottled Lightning","Snecko Eye","Ginger","Mummified Hand","Orrery","Peace Pipe","Blood Vial"],"card_choices":[{"not_picked":["Dagger Throw","Deflect"],"picked":"Backflip"},{"not_picked":["Flying Knee","Sucker Punch"],"picked":"Venomology"},{"not_picked":["Riddle With Holes","Prepared"],"picked":"Cloak And Dagger"},{"not_picked":["Flying Knee","Slice"],"picked":"Backflip"},{"not_picked":["Quick Slash","Prepared"],"picked":"Deflect"},{"not_picked":["Night Terror","Unload"],"picked":"Bullet Time"},{"not_picked":["Noxious Fumes","Dagger Spray"],"picked":"Leg Sweep"},{"not_picked":["Sucker Punch","Accuracy"],"picked":"Acrobatics"},{"not_picked":["Quick Slash","PiercingWail"],"picked":"Flechettes"},{"not_picked":["Burst","Glass Knife"],"picked":"Bullet Time"},{"not_picked":["Escape Plan","Deflect"],"picked":"Backflip"},{"not_picked":["Setup","Concentrate"],"picked":"Caltrops"},{"not_picked":["Backflip","Corpse Explosion"],"picked":"Acrobatics"},{"not_picked":["Poisoned Stab","Dodge and Roll"],"picked":"Infinite Blades"}],"player_experience":991901,"potions_floor_usage":[6,6,8,14,16,18,18,21,22,22,22,22,28,29,29,29,44,44,44,45,50,50,50],"damage_taken":[{"damage":0,"enemies":"Cultist","floor":1,"turns":4},{"damage":0,"enemies":"2 Louse","floor":4,"turns":3},{"damage":0,"enemies":"Jaw Worm","floor":5,"turns":5},{"damage":51,"enemies":"Gremlin Nob","floor":6,"turns":7},{"damage":0,"enemies":"Lots of Slimes","floor":8,"turns":12},{"damage":7,"enemies":"Looter","floor":10,"turns":5},{"damage":0,"enemies":"2 Fungi Beasts","floor":14,"turns":6},{"damage":7,"enemies":"The Guardian","floor":16,"turns":14},{"damage":2,"enemies":"3 Byrds","floor":18,"turns":11},{"damage":0,"enemies":"2 Thieves","floor":21,"turns":4},{"damage":0,"enemies":"Centurion and Healer","floor":22,"turns":79},{"damage":0,"enemies":"Snecko","floor":24,"turns":12},{"damage":0,"enemies":"Snake Plant","floor":28,"turns":15},{"damage":0,"enemies":"Slavers","floor":29,"turns":7},{"damage":33,"enemies":"Champ","floor":33,"turns":18},{"damage":0,"enemies":"Orb Walker","floor":35,"turns":3},{"damage":0,"enemies":"3 Darklings","floor":37,"turns":4},{"damage":0,"enemies":"4 Shapes","floor":41,"turns":3},{"damage":0,"enemies":"2 Orb Walkers","floor":44,"turns":5},{"damage":9,"enemies":"Sphere and 2 Shapes","floor":45,"turns":5},{"damage":0,"enemies":"Maw","floor":47,"turns":6},{"damage":0,"enemies":"3 Darklings","floor":48,"turns":3},{"damage":18,"enemies":"Time Eater","floor":50,"turns":11}],"event_choices":[{"event_name":"Big Fish","player_choice":"Donut","floor":2,"damage_taken":0},{"event_name":"Purifier","player_choice":"One Purge","floor":12,"damage_taken":0},{"event_name":"The Woman in Blue","player_choice":"Bought 0 Potions","floor":13,"damage_taken":0},{"event_name":"The Mausoleum","player_choice":"No","floor":20,"damage_taken":0},{"event_name":"Accursed Blacksmith","player_choice":"Forge","floor":31,"damage_taken":0},{"event_name":"Mysterious Sphere","player_choice":"Ignore","floor":36,"damage_taken":0}],"boss_relics":[{"not_picked":["Tiny House","Philosopher\u0027s Stone"],"picked":"Snecko Eye"},{"not_picked":["Velvet Choker","The Specimen"],"picked":"Orrery"}],"potions_floor_spawned":[6,14,16,18,24,41,48],"seed_played":"-7695434359506491317","ascension_level":0,"is_trial":false}