{"path_per_floor":["M","$","?","?","?","R","M","$","T","R","M","M","R","M","R","B",null,"M","M","?","$","M","E","R","E","T","R","?","R","M","M","R","B",null,"M","$","?","M","M","R","M","R","T","R","$","?","?","M","R","B"],"character_chosen":"THE_SILENT","items_purchased":["War Paint","Whetstone","Footwork","Panache","Strawberry","Footwork","Energy Potion"],"gold_per_floor":[210,135,210,210,210,210,231,86,86,86,111,127,127,142,142,270,270,285,303,303,50,66,400,400,439,439,439,389,389,408,423,423,552,552,567,9,109,132,148,148,162,162,162,162,47,47,47,70,70,70],"floor_reached":51,"campfire_rested":2,"playtime":2893,"current_hp_per_floor":[69,69,58,41,27,48,48,48,48,48,48,48,48,48,48,45,70,70,70,70,70,70,67,67,35,35,35,35,56,56,56,56,46,70,70,77,77,70,65,73,73,77,77,77,77,77,67,67,75,15],"items_purged":["Strike_G","Strike_G","Defend_G"],"gold":70,"score":525,"play_id":"921a4e72-531c-44ea-ac6a-2267ff9b20f7","is_prod":false,"is_daily":false,"is_ascension_mode":false,"campfire_upgraded":8,"path_taken":["M","$","?","?","?","R","?","?","T","R","M","?","R","M","R","BOSS","M","M","?","$","M","E","R","E","T","R","?","R","M","?","R","BOSS","M","$","?","M","M","R","M","R","T","R","$","?","?","M","R","BOSS"],"build_version":"2018-02-12-PROD1","purchased_purges":3,"victory":true,"master_deck":["Defend_G+1","Survivor+1","Neutralize+1","Flying Knee+1","PiercingWail+1","Backflip+1","Tools of the Trade+1","Infinite Blades","Bullet Time+1","Infinite Blades+1","Masterful Stab+1","Cloak And Dagger+1","Backstab+1","Finisher+1","Well Laid Plans","Backflip","A Thousand Cuts+1","Terror+1","Footwork+1","Panache","Footwork","Madness+1","Madness","Accuracy"],"max_hp_per_floor":[70,70,70,70,70,70,70,70,70,70,70,70,70,70,70,70,70,70,70,70,70,70,70,70,70,70,70,70,70,70,70,70,70,70,70,77,77,77,77,77,77,77,77,77,77,77,77,77,77,77],"relics":["Ring of the Snake","Golden Idol","War Paint","Thread and Needle","Astrolabe","Whetstone","Old Coin","Art of War","Peace Pipe","Eternal Feather","Strawberry","Shovel"],"card_choices":[{"not_picked":["Poisoned Stab","Backstab"],"picked":"Flying Knee"},{"not_picked":["Heel Hook","Bane"],"picked":"PiercingWail"},{"not_picked":["Outmaneuver","Blade Dance"],"picked":"Backflip"},{"not_picked":["Deflect","Poisoned Stab"],"picked":"Tools of the Trade"},{"not_picked":["Underhanded Strike","Bane"],"picked":"Infinite Blades"},{"not_picked":["Wraith Form","Burst"],"picked":"Bullet Time"},{"not_picked":["Poisoned Stab","Bane"],"picked":"Backstab"},{"not_picked":["All Out Attack","Dash"],"picked":"Well Laid Plans"},{"not_picked":["Acrobatics","Grand Finale"],"picked":"Backflip"},{"not_picked":["Storm of Steel","Phantasmal Killer"],"picked":"A Thousand Cuts"},{"not_picked":["Backflip","Dagger Throw"],"picked":"Terror"},{"not_picked":["Outmaneuver","Dodge and Roll"],"picked":"Accuracy"}],"player_experience":1189516,"potions_floor_usage":[22,25,25,30,39,50,50],"damage_taken":[{"damage":1,"enemies":"Cultist","floor":1,"turns":4},{"damage":0,"enemies":"Small Slimes","floor":7,"turns":4},{"damage":0,"enemies":"2 Louse","floor":11,"turns":2},{"damage":0,"enemies":"2 Fungi Beasts","floor":12,"turns":3},{"damage":0,"enemies":"Looter","floor":14,"turns":4},{"damage":3,"enemies":"Slime Boss","floor":16,"turns":19},{"damage":0,"enemies":"3 Byrds","floor":18,"turns":5},{"damage":0,"enemies":"Spheric Guardian","floor":19,"turns":4},{"damage":0,"enemies":"Snecko","floor":22,"turns":4},{"damage":3,"enemies":"Book of Stabbing","floor":23,"turns":7},{"damage":41,"enemies":"Gremlin Leader","floor":25,"turns":6},{"damage":0,"enemies":"Slaver and Parasite","floor":30,"turns":6},{"damage":0,"enemies":"Centurion and Healer","floor":31,"turns":6},{"damage":10,"enemies":"Champ","floor":33,"turns":9},{"damage":0,"enemies":"Orb Walker","floor":35,"turns":3},{"damage":7,"enemies":"3 Shapes","floor":38,"turns":4},{"damage":17,"enemies":"Sphere and 2 Shapes","floor":39,"turns":5},{"damage":0,"enemies":"Maw","floor":41,"turns":5},{"damage":0,"enemies":"3 Darklings","floor":48,"turns":4},{"damage":60,"enemies":"Donu and Deca","floor":50,"turns":9}],"event_choices":[{"event_name":"World of Goop","player_choice":"Gather Gold","floor":3,"damage_taken":0},{"event_name":"Golden Idol","player_choice":"Take Damage","floor":4,"damage_taken":0},{"event_name":"Shining Light","player_choice":"Entered Light","floor":5,"damage_taken":0},{"event_name":"The Library","player_choice":"Read","floor":20,"damage_taken":0},{"event_name":"The Joust","player_choice":"Bet on Owner","floor":28,"damage_taken":0},{"event_name":"Golden Shrine","player_choice":"Pray","floor":37,"damage_taken":0},{"event_name":"Winding Halls","player_choice":"Embrace Madness","floor":47,"damage_taken":0}],"boss_relics":[{"not_picked":["Black Star","Tiny House"],"picked":"Astrolabe"},{"not_picked":["Cursed Key","Calling Bell"],"picked":"Eternal Feather"}],"potions_floor_spawned":[7,14,19,25,35,48],"seed_played":"-1317057594158873163","ascension_level":0,"is_trial":false}