{"path_per_floor":["M","?","M","?","?","R","M","E","T","R","$","M","M","?","R","B",null,"M","M","?","$","?","R","?","M","T","M","R","M","R","M","R","B",null,"M","M","$","M","?","R","M","M","T","M","T","R","M","$","R","B"],"character_chosen":"THE_SILENT","items_purchased":["Mummified Hand","Noxious Fumes","After Image","Anchor","A Thousand Cuts","Tough Bandages"],"gold_per_floor":[215,290,309,309,309,309,334,369,445,445,39,58,83,83,83,203,203,228,243,603,283,283,283,283,308,358,379,379,395,395,413,413,544,544,568,586,317,332,332,332,347,361,361,386,413,413,432,22,22,22],"floor_reached":51,"campfire_rested":3,"playtime":11412,"current_hp_per_floor":[68,57,57,40,40,40,39,20,20,41,41,41,41,64,64,60,70,70,69,34,34,34,34,34,24,24,24,45,41,41,41,41,25,70,69,69,69,65,65,65,70,70,70,48,48,48,60,60,70,70],"items_purged":["Strike_G","Strike_G","Strike_G","Strike_G"],"gold":22,"play_id":"75092869-6132-4cf7-9504-9d23031d221b","is_prod":false,"is_daily":false,"is_ascension_mode":false,"campfire_upgraded":7,"path_taken":["M","?","M","?","?","R","M","E","T","R","$","M","?","?","R","BOSS","M","?","?","$","?","R","?","?","T","?","R","M","R","M","R","BOSS","M","?","$","M","?","R","?","M","T","M","?","R","M","$","R","BOSS"],"build_version":"2018-02-01-PROD3","purchased_purges":4,"victory":true,"master_deck":["Defend_G","Defend_G","Defend_G","Defend_G","Defend_G","Strike_G","Survivor","Neutralize+1","Poisoned Stab+1","Backflip+1","Backflip+1","Backflip+1","Noxious Fumes+1","Concentrate+1","Venomology","Deflect+1","After Image","Wraith Form+1","A Thousand Cuts+1","Backflip+1","Footwork+1","Backflip+1"],"max_hp_per_floor":[70,70,70,70,70,70,70,70,70,70,70,70,70,70,70,70,70,70,70,70,70,70,70,70,70,70,70,70,70,70,70,70,70,70,70,70,70,70,70,70,70,70,70,70,70,70,70,70,70,70],"relics":["Ring of the Snake","Golden Idol","Calipers","Tiny Chest","Mummified Hand","Runic Dome","Anchor","Orichalcum","White Beast Statue","Ice Cream","Regal Pillow","Tough Bandages"],"card_choices":[{"not_picked":["Outmaneuver","Caltrops"],"picked":"Poisoned Stab"},{"not_picked":["Blade Dance","Skewer"],"picked":"Backflip"},{"not_picked":["Deflect","Acrobatics"],"picked":"Backflip"},{"not_picked":["Skewer","Malaise"],"picked":"Backflip"},{"not_picked":["PiercingWail","Blur"],"picked":"Concentrate"},{"not_picked":["Phantasmal Killer","Glass Knife"],"picked":"Venomology"},{"not_picked":["Sucker Punch","Bouncing Flask"],"picked":"Deflect"},{"not_picked":["Deflect","Cloak And Dagger"],"picked":"Wraith Form"},{"not_picked":["Outmaneuver","Sucker Punch"],"picked":"Backflip"},{"not_picked":["All Out Attack","Dagger Spray"],"picked":"Footwork"},{"not_picked":["Prepared","Poisoned Stab"],"picked":"Backflip"}],"player_experience":980489,"potions_floor_usage":[8,18,19,25,25,27,29,29,33,33,35,36,38,38,41,41,42,44,44,47,50,50,50],"damage_taken":[{"damage":2,"enemies":"Small Slimes","floor":1,"turns":6},{"damage":0,"enemies":"2 Louse","floor":3,"turns":2},{"damage":1,"enemies":"Blue Slaver","floor":7,"turns":4},{"damage":19,"enemies":"Lagavulin","floor":8,"turns":9},{"damage":0,"enemies":"3 Louse","floor":12,"turns":3},{"damage":0,"enemies":"2 Fungi Beasts","floor":13,"turns":5},{"damage":4,"enemies":"The Guardian","floor":16,"turns":9},{"damage":0,"enemies":"Chosen","floor":18,"turns":6},{"damage":1,"enemies":"Spheric Guardian","floor":19,"turns":6},{"damage":10,"enemies":"Chosen and Byrds","floor":25,"turns":7},{"damage":0,"enemies":"Snake Plant","floor":27,"turns":5},{"damage":4,"enemies":"Slaver and Parasite","floor":29,"turns":6},{"damage":0,"enemies":"Sentry and Sphere","floor":31,"turns":6},{"damage":16,"enemies":"Collector","floor":33,"turns":11},{"damage":1,"enemies":"3 Darklings","floor":35,"turns":9},{"damage":0,"enemies":"3 Shapes","floor":36,"turns":4},{"damage":4,"enemies":"Sphere and 2 Shapes","floor":38,"turns":6},{"damage":4,"enemies":"Maw","floor":41,"turns":8},{"damage":0,"enemies":"3 Darklings","floor":42,"turns":4},{"damage":25,"enemies":"Sphere and 2 Shapes","floor":44,"turns":7},{"damage":0,"enemies":"4 Shapes","floor":47,"turns":5},{"damage":0,"enemies":"Awakened One","floor":50,"turns":14}],"event_choices":[{"event_name":"World of Goop","player_choice":"Gather Gold","floor":2,"damage_taken":0},{"event_name":"Golden Idol","player_choice":"Take Damage","floor":4,"damage_taken":0},{"event_name":"Upgrade Shrine","player_choice":"Upgraded","floor":5,"damage_taken":0},{"event_name":"Big Fish","player_choice":"Banana","floor":14,"damage_taken":0},{"event_name":"Knowing Skull","player_choice":"GOLD GOLD GOLD GOLD ","floor":20,"damage_taken":0},{"event_name":"Vampires","player_choice":"Ignored","floor":22,"damage_taken":0},{"event_name":"Drug Dealer","player_choice":"Ignored","floor":24,"damage_taken":0},{"event_name":"Upgrade Shrine","player_choice":"Upgraded","floor":39,"damage_taken":0}],"boss_relics":[{"not_picked":["Tiny House","Orrery"],"picked":"Runic Dome"},{"not_picked":["Calling Bell","Velvet Choker"],"picked":"White Beast Statue"}],"potions_floor_spawned":[3,7,12,19,29,31,35,36,38,41,42,44,47],"seed_played":"-4128145285191840551","ascension_level":0,"is_trial":false}