{"path_per_floor":["M","?","?","?","?","R","$","M","T","E","M","R","?","M","R","B",null,"M","$","?","M","M","R","E","R","T","E","$","?","R","M","R","B",null,"M","?","$","M","M","M","M","R","T","R","M","M","?","M","R","B"],"character_chosen":"THE_SILENT","items_purchased":["Dash","Accuracy","Kunai"],"gold_per_floor":[111,111,111,111,111,111,40,53,80,114,133,133,133,158,158,278,278,298,186,186,201,226,226,264,264,290,328,70,70,70,89,89,213,213,229,229,129,144,157,173,188,188,212,212,228,243,243,262,262,262],"floor_reached":51,"campfire_rested":1,"playtime":2442,"current_hp_per_floor":[70,63,63,63,63,63,63,63,63,65,67,67,49,53,53,48,76,77,77,77,80,80,80,55,55,55,46,46,46,46,63,63,58,82,81,70,70,74,66,70,74,74,74,74,78,82,82,86,98,83],"items_purged":["Deadly Poison","Bane"],"gold":262,"score":587,"play_id":"a262fa60-7bb6-4114-b461-af8554b24872","is_prod":false,"is_daily":false,"is_ascension_mode":false,"campfire_upgraded":9,"path_taken":["M","?","?","?","?","R","$","?","T","E","M","R","?","M","R","BOSS","M","$","?","M","M","R","E","R","T","E","$","?","R","M","R","BOSS","M","?","$","M","M","M","M","R","T","R","?","M","?","?","R","BOSS"],"build_version":"2018-02-15-PROD1","purchased_purges":3,"victory":true,"master_deck":["Neutralize+1","Footwork+1","Dash+1","Cloak And Dagger+1","Cloak And Dagger+1","Quick Slash+1","Malaise+1","Predator+1","Backflip+1","Accuracy+1","Backflip+1","Predator+1","Cloak And Dagger+1","Accuracy+1","Storm of Steel+1","PiercingWail+1","Madness+1","Madness+1"],"max_hp_per_floor":[70,70,70,70,70,70,70,70,70,72,72,72,72,74,74,76,76,78,78,78,80,80,80,80,80,80,80,80,80,80,80,80,82,82,84,84,84,86,88,90,92,92,92,92,94,96,96,98,98,98],"relics":["Ring of the Snake","Vajra","Singing Bowl","Blood Vial","Golden Idol","Pandora\u0027s Box","Bag of Preparation","Whetstone","Regal Pillow","Kunai","Astrolabe","War Paint"],"card_choices":[{"not_picked":["Dagger Throw","Escape Plan"],"picked":"Footwork"},{"not_picked":["Backflip","PiercingWail"],"picked":"Cloak And Dagger"},{"not_picked":["Heel Hook","Reflex"],"picked":"Cloak And Dagger"},{"not_picked":["Outmaneuver","Poisoned Stab"],"picked":"Backflip"},{"not_picked":["Prepared","Wraith Form"],"picked":"Predator"},{"not_picked":["Backstab","Dagger Throw"],"picked":"Cloak And Dagger"},{"not_picked":["Heel Hook","Backflip"],"picked":"Accuracy"}],"player_experience":1254987,"potions_floor_usage":[10,16,24,27,27,31,50,50],"damage_taken":[{"damage":0,"enemies":"Jaw Worm","floor":1,"turns":4},{"damage":0,"enemies":"Small Slimes","floor":8,"turns":4},{"damage":0,"enemies":"Lagavulin","floor":10,"turns":10},{"damage":0,"enemies":"Cultist","floor":11,"turns":4},{"damage":0,"enemies":"2 Fungi Beasts","floor":14,"turns":3},{"damage":9,"enemies":"Slime Boss","floor":16,"turns":15},{"damage":1,"enemies":"Spheric Guardian","floor":18,"turns":4},{"damage":0,"enemies":"Chosen","floor":21,"turns":5},{"damage":0,"enemies":"Snake Plant","floor":22,"turns":7},{"damage":25,"enemies":"Gremlin Leader","floor":24,"turns":8},{"damage":23,"enemies":"Slavers","floor":27,"turns":5},{"damage":0,"enemies":"Slaver and Parasite","floor":31,"turns":6},{"damage":9,"enemies":"Champ","floor":33,"turns":10},{"damage":3,"enemies":"3 Darklings","floor":35,"turns":7},{"damage":0,"enemies":"Orb Walker","floor":38,"turns":3},{"damage":12,"enemies":"3 Darklings","floor":39,"turns":4},{"damage":0,"enemies":"4 Shapes","floor":40,"turns":7},{"damage":0,"enemies":"Sphere and 2 Shapes","floor":41,"turns":6},{"damage":0,"enemies":"Maw","floor":45,"turns":6},{"damage":0,"enemies":"4 Shapes","floor":46,"turns":5},{"damage":0,"enemies":"3 Darklings","floor":48,"turns":4},{"damage":15,"enemies":"Awakened One","floor":50,"turns":9}],"event_choices":[{"event_name":"Golden Wing","player_choice":"Card Removal","floor":2,"damage_taken":0},{"event_name":"The Lab","player_choice":"Got Potions","floor":3,"damage_taken":0},{"event_name":"Bonfire Elementals","player_choice":"BASIC","floor":4,"damage_taken":0},{"event_name":"Living Wall","player_choice":"Forget","floor":5,"damage_taken":0},{"event_name":"Golden Idol","player_choice":"Take Damage","floor":13,"damage_taken":0},{"event_name":"Drug Dealer","player_choice":"Ignored","floor":20,"damage_taken":0},{"event_name":"Accursed Blacksmith","player_choice":"Forge","floor":29,"damage_taken":0},{"event_name":"Winding Halls","player_choice":"Embrace Madness","floor":36,"damage_taken":0},{"event_name":"Upgrade Shrine","player_choice":"Skipped","floor":47,"damage_taken":0}],"boss_relics":[{"not_picked":["Question Card","White Beast Statue"],"picked":"Pandora\u0027s Box"},{"not_picked":["Orrery","Snecko Eye"],"picked":"Astrolabe"}],"potions_floor_spawned":[8,10,16,21,24,31,39,41,46,48],"seed_played":"-7471444886658555003","ascension_level":0,"is_trial":false}