{"path_per_floor":["M","?","M","?","$","R","M","R","T","T","M","M","R","M","R","B",null,"M","$","?","M","?","R","?","M","T","M","?","E","M","$","R","B",null,"M","?","M","?","M","R","M","R","T","$","?","M","T","M","R","B"],"character_chosen":"THE_SILENT","items_purchased":["Cloak And Dagger","Infinite Blades","Flechettes","Adrenaline","Quick Slash","Swift Potion"],"gold_per_floor":[110,110,124,224,53,53,73,73,97,124,140,161,161,179,179,298,298,318,139,139,154,79,79,79,95,151,165,165,208,223,98,98,227,227,241,241,264,264,280,280,304,304,358,26,26,42,66,80,80,80],"floor_reached":51,"campfire_rested":1,"playtime":2046,"current_hp_per_floor":[70,53,52,52,52,52,52,52,52,52,52,52,52,52,52,52,70,68,68,68,62,62,62,62,70,70,67,67,71,69,69,69,69,77,68,68,68,58,53,76,76,76,76,76,76,76,76,76,76,76],"items_purged":["Strike_G","Strike_G","Regret","Strike_G"],"gold":80,"score":709,"play_id":"38a60ec3-5029-4ad7-b85c-f1d247ff9d44","is_prod":false,"is_daily":false,"is_ascension_mode":false,"campfire_upgraded":8,"path_taken":["M","?","?","?","$","R","M","R","T","?","M","M","R","?","R","BOSS","M","$","?","M","?","R","?","M","T","M","?","E","?","$","R","BOSS","M","?","M","?","M","R","M","R","T","$","?","M","?","M","R","BOSS"],"build_version":"2018-02-15-PROD1","purchased_purges":4,"victory":true,"master_deck":["Defend_G+1","Defend_G+1","Defend_G+1","Defend_G+1","Defend_G+1","Survivor+1","Neutralize+1","Endless Agony","Footwork+1","Cloak And Dagger+1","Infinite Blades","Backflip+1","Envenom+1","Flechettes+1","Madness+1","Madness","Clumsy","Adrenaline+1","Quick Slash","Writhe","Cloak And Dagger+1"],"max_hp_per_floor":[70,70,70,70,70,70,70,70,70,70,70,70,70,70,70,70,70,70,70,70,70,70,70,70,70,70,70,70,77,77,77,77,77,77,77,77,77,77,77,77,77,77,77,77,77,77,77,77,77,77],"relics":["Ring of the Snake","Golden Idol","Snake Skull","Happy Flower","Cursed Key","Tiny Chest","Strawberry","The Specimen","Oddly Smooth Stone","War Paint"],"card_choices":[{"not_picked":["Eviscerate","Slice"],"picked":"Endless Agony"},{"not_picked":["Outmaneuver","Concentrate"],"picked":"Footwork"},{"not_picked":["Prepared","All Out Attack"],"picked":"Backflip"},{"not_picked":["Wraith Form","Die Die Die"],"picked":"Envenom"},{"not_picked":["Skewer","Finisher"],"picked":"Cloak And Dagger"}],"player_experience":1240730,"potions_floor_usage":[12,25,29,30,50,50],"damage_taken":[{"damage":0,"enemies":"2 Louse","floor":1,"turns":3},{"damage":1,"enemies":"Jaw Worm","floor":3,"turns":6},{"damage":0,"enemies":"Small Slimes","floor":7,"turns":4},{"damage":0,"enemies":"Blue Slaver","floor":11,"turns":3},{"damage":0,"enemies":"Gremlin Gang","floor":12,"turns":1},{"damage":0,"enemies":"3 Louse","floor":14,"turns":3},{"damage":0,"enemies":"Hexaghost","floor":16,"turns":9},{"damage":2,"enemies":"Shell Parasite","floor":18,"turns":6},{"damage":6,"enemies":"2 Thieves","floor":21,"turns":4},{"damage":3,"enemies":"Centurion and Healer","floor":25,"turns":5},{"damage":3,"enemies":"Snake Plant","floor":27,"turns":5},{"damage":3,"enemies":"Book of Stabbing","floor":29,"turns":4},{"damage":2,"enemies":"3 Cultists","floor":30,"turns":5},{"damage":0,"enemies":"Automaton","floor":33,"turns":9},{"damage":9,"enemies":"Orb Walker","floor":35,"turns":4},{"damage":0,"enemies":"3 Darklings","floor":37,"turns":6},{"damage":5,"enemies":"4 Shapes","floor":39,"turns":7},{"damage":0,"enemies":"Sphere and 2 Shapes","floor":41,"turns":7},{"damage":0,"enemies":"3 Darklings","floor":46,"turns":7},{"damage":0,"enemies":"4 Shapes","floor":48,"turns":6},{"damage":0,"enemies":"Awakened One","floor":50,"turns":14}],"event_choices":[{"event_name":"Golden Idol","player_choice":"Take Damage","floor":2,"damage_taken":0},{"event_name":"Golden Shrine","player_choice":"Pray","floor":4,"damage_taken":0},{"event_name":"Back to Basics","player_choice":"Simplicity","floor":20,"damage_taken":0},{"event_name":"Beggar","player_choice":"Gave Gold","floor":22,"damage_taken":0},{"event_name":"Drug Dealer","player_choice":"Ignored","floor":24,"damage_taken":0},{"event_name":"Vampires","player_choice":"Ignored","floor":28,"damage_taken":0},{"event_name":"Upgrade Shrine","player_choice":"Upgraded","floor":36,"damage_taken":0},{"event_name":"Winding Halls","player_choice":"Embrace Madness","floor":38,"damage_taken":0}],"boss_relics":[{"not_picked":["Black Star","Runic Pyramid"],"picked":"Cursed Key"},{"not_picked":["Velvet Choker","Question Card"],"picked":"The Specimen"}],"potions_floor_spawned":[1,3,7,12,16,18,21,27,33,35,48],"seed_played":"-4326116329650050853","ascension_level":0,"is_trial":false}