{"path_per_floor":["M","?","T","M","M","R","E","?","T","R","M","R","E","M","R","B",null,"M","?","$","M","$","R","?","M","T","M","R","M","R","M","R","B",null,"M","?","$","?","M","R","M","?","T","T","R","M","R","M","R","B"],"character_chosen":"THE_SILENT","items_purchased":["Cloak And Dagger"],"gold_per_floor":[17,17,17,32,50,50,83,83,83,83,93,93,123,141,141,244,244,257,182,107,120,120,120,35,46,46,63,63,80,80,100,100,205,205,222,222,99,99,114,114,125,0,24,24,24,34,34,54,54,54],"floor_reached":51,"campfire_rested":0,"playtime":1995,"current_hp_per_floor":[84,84,84,84,81,81,60,60,67,67,67,67,56,54,54,27,91,91,91,91,91,91,91,91,91,91,91,91,91,91,91,91,90,91,84,73,73,73,73,81,81,81,81,81,89,85,91,91,91,89],"items_purged":["Outmaneuver","Sucker Punch"],"gold":54,"score":532,"play_id":"c4039502-4d29-4d63-9079-841d73310618","is_prod":false,"is_daily":false,"is_ascension_mode":false,"campfire_upgraded":9,"path_taken":["M","?","?","M","M","R","E","?","T","R","?","R","E","?","R","BOSS","M","?","$","M","$","R","?","M","T","M","R","M","R","M","R","BOSS","M","?","$","?","M","R","M","?","T","?","R","M","R","M","R","BOSS"],"build_version":"2018-02-08-PROD1","purchased_purges":3,"victory":true,"master_deck":["Survivor","Neutralize+1","Flying Knee","Glass Knife+1","After Image","Flying Knee+1","Cloak And Dagger+1","Adrenaline","PiercingWail","Choke+1","Endless Agony","Dodge and Roll","Terror+1","PiercingWail","Cloak And Dagger+1","Footwork+1","Accuracy+1","After Image","Footwork+1","Madness","Madness","Cloak And Dagger+1"],"max_hp_per_floor":[84,84,84,84,84,84,84,84,91,91,91,91,91,91,91,91,91,91,91,91,91,91,91,91,91,91,91,91,91,91,91,91,91,91,91,91,91,91,91,91,91,91,91,91,91,91,91,91,91,91],"relics":["Ring of the Snake","Ginger","Bottled Flame","Strawberry","Orichalcum","Pandora\u0027s Box","Happy Flower","Du-Vu Doll","Eternal Feather","Red Mask","Lantern","Girya"],"card_choices":[{"not_picked":["Dodge and Roll","Dagger Spray"],"picked":"Flying Knee"},{"not_picked":["Deadly Poison","Choke"],"picked":"Glass Knife"},{"not_picked":["Quick Slash","Slice"],"picked":"After Image"},{"not_picked":["Outmaneuver","Skewer"],"picked":"Flying Knee"},{"not_picked":["Dagger Spray","Acrobatics"],"picked":"Cloak And Dagger"},{"not_picked":["Dodge and Roll","PiercingWail"],"picked":"Adrenaline"},{"not_picked":["Slice","Deflect"],"picked":"Cloak And Dagger"},{"not_picked":["Acrobatics","Prepared"],"picked":"Footwork"},{"not_picked":["Backflip","Cloak And Dagger"],"picked":"Accuracy"},{"not_picked":["Bullet Time","Corpse Explosion"],"picked":"After Image"},{"not_picked":["Poisoned Stab","Deflect"],"picked":"Footwork"}],"player_experience":1029684,"potions_floor_usage":[16,33,35,50,50],"damage_taken":[{"damage":0,"enemies":"Jaw Worm","floor":1,"turns":8},{"damage":0,"enemies":"Small Slimes","floor":4,"turns":3},{"damage":3,"enemies":"Blue Slaver","floor":5,"turns":3},{"damage":21,"enemies":"Lagavulin","floor":7,"turns":7},{"damage":0,"enemies":"3 Louse","floor":11,"turns":3},{"damage":11,"enemies":"Gremlin Nob","floor":13,"turns":4},{"damage":2,"enemies":"Lots of Slimes","floor":14,"turns":4},{"damage":27,"enemies":"Hexaghost","floor":16,"turns":12},{"damage":0,"enemies":"Chosen","floor":18,"turns":3},{"damage":0,"enemies":"Shell Parasite","floor":21,"turns":4},{"damage":0,"enemies":"Snecko","floor":25,"turns":4},{"damage":0,"enemies":"Chosen and Byrds","floor":27,"turns":3},{"damage":0,"enemies":"Centurion and Healer","floor":29,"turns":4},{"damage":0,"enemies":"Slaver and Parasite","floor":31,"turns":4},{"damage":1,"enemies":"Champ","floor":33,"turns":7},{"damage":7,"enemies":"3 Darklings","floor":35,"turns":7},{"damage":0,"enemies":"3 Shapes","floor":39,"turns":6},{"damage":0,"enemies":"Maw","floor":41,"turns":5},{"damage":4,"enemies":"3 Darklings","floor":46,"turns":5},{"damage":0,"enemies":"4 Shapes","floor":48,"turns":6},{"damage":2,"enemies":"Donu and Deca","floor":50,"turns":9}],"event_choices":[{"event_name":"The Cleric","player_choice":"Leave","floor":2,"damage_taken":0},{"event_name":"Living Wall","player_choice":"Forget","floor":8,"damage_taken":0},{"event_name":"Beggar","player_choice":"Gave Gold","floor":19,"damage_taken":0},{"event_name":"Addict","player_choice":"Obtained Relic","floor":24,"damage_taken":0},{"event_name":"Winding Halls","player_choice":"Embrace Madness","floor":36,"damage_taken":0},{"event_name":"Mysterious Sphere","player_choice":"Ignore","floor":38,"damage_taken":0},{"event_name":"Tomb of Lord Red Mask","player_choice":"Paid","floor":42,"damage_taken":0}],"boss_relics":[{"not_picked":["Cursed Key","Snecko Eye"],"picked":"Pandora\u0027s Box"},{"not_picked":["Runic Pyramid","Velvet Choker"],"picked":"Eternal Feather"}],"potions_floor_spawned":[5,13,14,16,18,25,31,48],"seed_played":"7728914012908927332","ascension_level":0,"is_trial":false}