{"path_per_floor":["M","M","?","?","$","R","?","R","T","M","M","R","E","M","R","B",null,"M","M","?","M","M","R","E","R","T","$","R","M","?","M","R","B",null,"M","M","$","?","M","R","M","R","T","?","R","?","M","M","R","B"],"character_chosen":"THE_SILENT","items_purchased":["Flying Knee","Regal Pillow"],"gold_per_floor":[113,128,128,128,27,27,54,54,81,98,108,108,143,155,155,254,254,268,285,285,295,309,309,338,338,338,238,238,257,257,271,271,371,371,387,399,129,129,139,139,153,153,153,153,153,253,263,273,273,273],"floor_reached":51,"campfire_rested":1,"playtime":2700,"current_hp_per_floor":[70,70,63,63,63,63,63,63,63,63,60,60,48,46,46,44,70,63,63,50,42,39,61,58,58,58,58,58,58,58,67,67,49,89,89,86,86,86,85,85,80,80,80,80,80,80,80,80,80,60],"items_purged":["Strike_G","Dagger Throw","Injury"],"gold":273,"score":569,"play_id":"855a4dcb-63fd-468e-b195-928ca24d748f","is_prod":false,"is_daily":false,"is_ascension_mode":false,"campfire_upgraded":10,"path_taken":["M","M","?","?","$","R","?","R","T","M","M","R","E","M","R","BOSS","M","M","?","M","M","R","E","R","T","$","R","M","?","M","R","BOSS","M","M","$","?","M","R","?","R","T","?","R","?","M","?","R","BOSS"],"build_version":"2018-02-15-PROD1","purchased_purges":3,"victory":true,"master_deck":["Survivor","Neutralize+1","Cloak And Dagger+1","Flying Knee+1","Terror+1","Noxious Fumes+1","Burst+1","Deflect","Cloak And Dagger+1","Dodge and Roll","Deadly Poison","Acrobatics+1","Deflect","Accuracy+1","Flechettes+1","Concentrate+1","Backflip+1","Cloak And Dagger+1","Backflip+1"],"max_hp_per_floor":[70,70,70,70,70,70,70,70,70,70,70,70,70,70,70,70,70,70,70,75,75,75,75,89,89,89,89,89,89,89,89,89,89,89,89,89,89,89,89,89,89,89,89,89,89,89,89,89,89,89],"relics":["Ring of the Snake","Ancient Tea Set","Odd Mushroom","Art of War","Bottled Lightning","Pandora\u0027s Box","Mango","Ornamental Fan","Sozu","Regal Pillow","Peace Pipe"],"card_choices":[{"not_picked":["Crippling Poison","Flying Knee"],"picked":"Cloak And Dagger"},{"not_picked":["Poisoned Stab","Deadly Poison"],"picked":"Dagger Throw"},{"not_picked":["Setup","Bouncing Flask"],"picked":"Terror"},{"not_picked":["Prepared","Outmaneuver"],"picked":"Noxious Fumes"},{"not_picked":["A Thousand Cuts","Venomology"],"picked":"Burst"},{"not_picked":["All Out Attack","Endless Agony"],"picked":"Accuracy"},{"not_picked":["Outmaneuver","Slice"],"picked":"Flechettes"},{"not_picked":["Cloak And Dagger","Deadly Poison"],"picked":"Concentrate"},{"not_picked":["Setup","Burst"],"picked":"Backflip"},{"not_picked":["Deadly Poison","PiercingWail"],"picked":"Backflip"}],"player_experience":1245954,"potions_floor_usage":[13,16,16,24,31],"damage_taken":[{"damage":0,"enemies":"Small Slimes","floor":1,"turns":3},{"damage":0,"enemies":"Jaw Worm","floor":2,"turns":4},{"damage":0,"enemies":"The Mushroom Lair","floor":7,"turns":6},{"damage":0,"enemies":"2 Louse","floor":10,"turns":2},{"damage":3,"enemies":"Exordium Thugs","floor":11,"turns":5},{"damage":12,"enemies":"Gremlin Nob","floor":13,"turns":3},{"damage":2,"enemies":"Looter","floor":14,"turns":3},{"damage":2,"enemies":"Slime Boss","floor":16,"turns":8},{"damage":7,"enemies":"3 Byrds","floor":18,"turns":4},{"damage":0,"enemies":"Spheric Guardian","floor":19,"turns":5},{"damage":8,"enemies":"Snake Plant","floor":21,"turns":5},{"damage":3,"enemies":"Chosen and Byrds","floor":22,"turns":5},{"damage":17,"enemies":"Slavers","floor":24,"turns":5},{"damage":0,"enemies":"Cultist and Chosen","floor":29,"turns":5},{"damage":3,"enemies":"Centurion and Healer","floor":31,"turns":5},{"damage":18,"enemies":"Champ","floor":33,"turns":8},{"damage":0,"enemies":"3 Shapes","floor":35,"turns":5},{"damage":3,"enemies":"Orb Walker","floor":36,"turns":3},{"damage":1,"enemies":"3 Darklings","floor":39,"turns":5},{"damage":5,"enemies":"4 Shapes","floor":41,"turns":6},{"damage":0,"enemies":"Sphere and 2 Shapes","floor":47,"turns":6},{"damage":0,"enemies":"Maw","floor":48,"turns":5},{"damage":20,"enemies":"Awakened One","floor":50,"turns":12}],"event_choices":[{"event_name":"Golden Wing","player_choice":"Card Removal","floor":3,"damage_taken":0},{"event_name":"The Woman in Blue","player_choice":"Bought 0 Potions","floor":4,"damage_taken":0},{"event_name":"Mushrooms","player_choice":"Fought Mushrooms","floor":7,"damage_taken":0},{"event_name":"Forgotten Altar","player_choice":"Shed Blood","floor":20,"damage_taken":0},{"event_name":"Accursed Blacksmith","player_choice":"Forge","floor":30,"damage_taken":0},{"event_name":"Duplicator","player_choice":"One dupe","floor":44,"damage_taken":0},{"event_name":"Golden Shrine","player_choice":"Pray","floor":46,"damage_taken":0}],"boss_relics":[{"not_picked":["Velvet Choker","Orrery"],"picked":"Pandora\u0027s Box"},{"not_picked":["Black Star","Astrolabe"],"picked":"Sozu"}],"potions_floor_spawned":[1,10,11,22,24,29,31,33,39,48],"seed_played":"-1349134752323629817","ascension_level":0,"is_trial":false}