{"path_per_floor":["M","M","M","$","M","R","M","R","T","R","E","$","M","M","R","B",null,"M","$","?","M","M","R","M","R","T","M","M","R","M","M","R","B",null,"M","M","?","?","?","R","M","R","T","R","$","?","?","$","R","B"],"character_chosen":"THE_SILENT","items_purchased":["Well Laid Plans","Happy Flower","Backflip","Pen Nib","Gremlin Horn"],"gold_per_floor":[118,133,143,108,122,122,138,138,193,193,224,79,97,115,115,212,212,225,100,100,120,132,132,148,148,448,468,481,481,498,517,517,616,616,634,645,645,645,645,645,665,665,665,665,420,420,420,38,38,38],"floor_reached":51,"campfire_rested":2,"playtime":7416,"current_hp_per_floor":[70,65,62,62,49,49,44,44,44,44,43,43,37,37,58,50,70,70,70,70,66,66,66,64,64,64,62,61,61,55,55,55,43,70,56,56,56,56,56,56,56,56,56,56,56,56,47,47,68,60],"items_purged":["Strike_G","All Out Attack","PiercingWail"],"gold":38,"score":451,"play_id":"149a6908-1735-4753-8fb0-4dcdb2ceef08","is_prod":false,"is_daily":false,"is_ascension_mode":false,"campfire_upgraded":10,"path_taken":["M","M","M","$","M","R","M","R","T","R","E","$","?","?","R","BOSS","M","$","?","M","M","R","M","R","T","M","M","R","M","M","R","BOSS","M","M","?","?","?","R","M","R","T","R","$","?","?","$","R","BOSS"],"build_version":"2018-02-08-PROD1","purchased_purges":4,"victory":true,"master_deck":["Defend_G+1","Defend_G+1","Defend_G+1","Defend_G+1","Survivor+1","Neutralize+1","Unload+1","Malaise+1","Eviscerate+1","Backstab","Well Laid Plans+1","Backstab","Terror+1","Adrenaline","Eviscerate+1","Backflip+1","Acrobatics+1","Acrobatics+1","Backflip+1","Concentrate","Madness","Madness"],"max_hp_per_floor":[70,70,70,70,70,70,70,70,70,70,70,70,70,70,70,70,70,70,70,70,70,70,70,70,70,70,70,70,70,70,70,70,70,70,70,70,70,70,70,70,70,70,70,70,70,70,70,70,70,70],"relics":["Astrolabe","Tiny Chest","Tingsha","Happy Flower","Lizard Tail","Old Coin","Sozu","Peace Pipe","Pen Nib","Gremlin Horn"],"card_choices":[{"not_picked":["Underhanded Strike","Crippling Poison"],"picked":"Eviscerate"},{"not_picked":["Outmaneuver","PiercingWail"],"picked":"Backstab"},{"not_picked":["Riddle With Holes","Distraction"],"picked":"PiercingWail"},{"not_picked":["Leg Sweep","Poisoned Stab"],"picked":"Backstab"},{"not_picked":["Cloak And Dagger","Dodge and Roll"],"picked":"Terror"},{"not_picked":["Envenom","Burst"],"picked":"Adrenaline"},{"not_picked":["Caltrops","Dodge and Roll"],"picked":"Eviscerate"},{"not_picked":["Dagger Throw","Masterful Stab"],"picked":"Acrobatics"},{"not_picked":["Flying Knee","Deadly Poison"],"picked":"Acrobatics"},{"not_picked":["Flying Knee","Blur"],"picked":"Backflip"}],"player_experience":1126502,"potions_floor_usage":[18,22,33],"damage_taken":[{"damage":0,"enemies":"Blue Slaver","floor":1,"turns":4},{"damage":5,"enemies":"Small Slimes","floor":2,"turns":4},{"damage":3,"enemies":"Jaw Worm","floor":3,"turns":3},{"damage":13,"enemies":"Red Slaver","floor":5,"turns":2},{"damage":5,"enemies":"Large Slime","floor":7,"turns":7},{"damage":1,"enemies":"Lagavulin","floor":11,"turns":8},{"damage":6,"enemies":"Exordium Thugs","floor":13,"turns":5},{"damage":0,"enemies":"3 Louse","floor":14,"turns":3},{"damage":8,"enemies":"Hexaghost","floor":16,"turns":9},{"damage":0,"enemies":"Spheric Guardian","floor":18,"turns":5},{"damage":4,"enemies":"3 Byrds","floor":21,"turns":5},{"damage":0,"enemies":"Sentry and Sphere","floor":22,"turns":8},{"damage":2,"enemies":"3 Cultists","floor":24,"turns":5},{"damage":2,"enemies":"Centurion and Healer","floor":27,"turns":5},{"damage":1,"enemies":"Slaver and Parasite","floor":28,"turns":8},{"damage":6,"enemies":"Snake Plant","floor":30,"turns":4},{"damage":0,"enemies":"Sentry and Sphere","floor":31,"turns":3},{"damage":12,"enemies":"Automaton","floor":33,"turns":9},{"damage":14,"enemies":"3 Shapes","floor":35,"turns":4},{"damage":0,"enemies":"Orb Walker","floor":36,"turns":3},{"damage":0,"enemies":"Sphere and 2 Shapes","floor":41,"turns":4},{"damage":8,"enemies":"Donu and Deca","floor":50,"turns":6}],"event_choices":[{"event_name":"Back to Basics","player_choice":"Simplicity","floor":20,"damage_taken":0},{"event_name":"Transmorgrifier","player_choice":"Transform","floor":37,"damage_taken":0},{"event_name":"Tomb of Lord Red Mask","player_choice":"Ignored","floor":39,"damage_taken":0},{"event_name":"Mysterious Sphere","player_choice":"Ignore","floor":46,"damage_taken":0},{"event_name":"Winding Halls","player_choice":"Embrace Madness","floor":47,"damage_taken":0}],"boss_relics":[{"not_picked":["Eternal Feather","Velvet Choker"],"picked":"Lizard Tail"},{"not_picked":["Runic Dome","Snecko Eye"],"picked":"Sozu"}],"potions_floor_spawned":[1,13,16,18,22,28,31,36],"seed_played":"1819710648312826799","ascension_level":0,"is_trial":false}