{"path_per_floor":["M","?","?","M","$","T","R","M","T","R","M","E","R","M","R","B",null,"M","?","?","M","?","R","$","R","T","M","R","M","R","M","R","B",null,"M","M","M","M","?","R","?","R","T","?","?","$","R","M","R","B"],"character_chosen":"THE_SILENT","items_purchased":["Backflip","Oddly Smooth Stone"],"gold_per_floor":[114,114,114,130,28,109,109,125,125,125,142,174,174,190,190,288,288,300,300,300,312,237,237,35,35,35,50,50,67,67,80,80,179,179,191,206,216,231,231,231,231,231,231,0,0,0,0,20,20,20],"floor_reached":51,"campfire_rested":0,"playtime":4868,"current_hp_per_floor":[65,51,51,49,49,49,49,49,49,49,49,49,49,48,48,36,70,70,70,70,70,70,70,70,70,70,70,70,70,70,70,70,66,70,70,69,60,56,56,56,56,56,56,56,56,56,56,68,68,68],"items_purged":["Strike_G","Strike_G"],"gold":20,"play_id":"751d4f6f-2517-4913-b7ec-35c749a1e9fd","is_prod":false,"is_daily":false,"is_ascension_mode":false,"campfire_upgraded":13,"path_taken":["M","?","?","M","$","?","R","M","T","R","?","E","R","M","R","BOSS","M","?","?","M","?","R","?","R","T","M","R","?","R","M","R","BOSS","M","M","M","M","?","R","?","R","T","?","?","?","R","M","R","BOSS"],"build_version":"2018-02-01-PROD3","purchased_purges":2,"victory":true,"master_deck":["Defend_G","Defend_G","Defend_G","Defend_G","Strike_G+1","Survivor+1","Neutralize+1","Burst+1","Well Laid Plans+1","Flying Knee+1","Backflip+1","PiercingWail","PiercingWail","Endless Agony","Cloak And Dagger+1","A Thousand Cuts+1","Slice","Cloak And Dagger+1","Infinite Blades+1","Dodge and Roll+1","Deflect+1","Adrenaline+1","Footwork+1","Terror+1","Flechettes+1","Adrenaline+1","Infinite Blades"],"max_hp_per_floor":[70,70,70,70,70,70,70,70,70,70,70,70,70,70,70,70,70,70,70,70,70,70,70,70,70,70,70,70,70,70,70,70,70,70,70,70,70,70,70,70,70,70,70,70,70,70,70,70,70,70],"relics":["Ring of the Snake","Kunai","Thread and Needle","The Courier","Oddly Smooth Stone","Anchor","Orrery","Paper Crane","Red Mask"],"card_choices":[{"not_picked":["Deflect","PiercingWail"],"picked":"Well Laid Plans"},{"not_picked":["Dagger Spray","Choke"],"picked":"Flying Knee"},{"not_picked":["Deadly Poison","Choke"],"picked":"PiercingWail"},{"not_picked":["Dodge and Roll","Crippling Poison"],"picked":"PiercingWail"},{"not_picked":["A Thousand Cuts","Leg Sweep"],"picked":"Endless Agony"},{"not_picked":["Deflect","Setup"],"picked":"Cloak And Dagger"},{"not_picked":["Die Die Die","Glass Knife"],"picked":"A Thousand Cuts"},{"not_picked":["Distraction","Bane"],"picked":"Slice"},{"not_picked":["Poisoned Stab","Prepared"],"picked":"Infinite Blades"},{"not_picked":["Well Laid Plans","Quick Slash"],"picked":"Dodge and Roll"},{"not_picked":["Well Laid Plans","Crippling Poison"],"picked":"Deflect"},{"not_picked":["Burst","Glass Knife"],"picked":"Adrenaline"},{"not_picked":["Slice","Dodge and Roll"],"picked":"Footwork"},{"not_picked":["Acrobatics","Dagger Spray"],"picked":"Terror"},{"not_picked":["Dagger Throw","Choke"],"picked":"Flechettes"},{"not_picked":["Blur","Malaise"],"picked":"Adrenaline"},{"not_picked":["Cloak And Dagger","Distraction"],"picked":"Infinite Blades"}],"player_experience":931218,"potions_floor_usage":[21,31,38,38,48,50,50],"damage_taken":[{"damage":5,"enemies":"2 Louse","floor":1,"turns":5},{"damage":2,"enemies":"Small Slimes","floor":4,"turns":4},{"damage":0,"enemies":"Jaw Worm","floor":8,"turns":3},{"damage":0,"enemies":"Looter","floor":11,"turns":4},{"damage":0,"enemies":"Lagavulin","floor":12,"turns":10},{"damage":1,"enemies":"Exordium Thugs","floor":14,"turns":6},{"damage":12,"enemies":"Hexaghost","floor":16,"turns":19},{"damage":0,"enemies":"Spheric Guardian","floor":18,"turns":6},{"damage":0,"enemies":"3 Byrds","floor":21,"turns":4},{"damage":0,"enemies":"Centurion and Healer","floor":27,"turns":7},{"damage":0,"enemies":"Slaver and Parasite","floor":29,"turns":7},{"damage":0,"enemies":"3 Cultists","floor":31,"turns":4},{"damage":4,"enemies":"Champ","floor":33,"turns":15},{"damage":0,"enemies":"3 Darklings","floor":35,"turns":4},{"damage":1,"enemies":"3 Shapes","floor":36,"turns":4},{"damage":9,"enemies":"Sphere and 2 Shapes","floor":37,"turns":7},{"damage":4,"enemies":"Maw","floor":38,"turns":9},{"damage":0,"enemies":"3 Darklings","floor":48,"turns":5},{"damage":0,"enemies":"Time Eater","floor":50,"turns":15}],"event_choices":[{"event_name":"Shining Light","player_choice":"Entered Light","floor":2,"damage_taken":0},{"event_name":"Liars Game","player_choice":"disagreed","floor":3,"damage_taken":0},{"event_name":"Drug Dealer","player_choice":"Ignored","floor":19,"damage_taken":0},{"event_name":"The Library","player_choice":"Read","floor":20,"damage_taken":0},{"event_name":"Beggar","player_choice":"Gave Gold","floor":22,"damage_taken":0},{"event_name":"Mysterious Sphere","player_choice":"Ignore","floor":41,"damage_taken":0},{"event_name":"Tomb of Lord Red Mask","player_choice":"Paid","floor":44,"damage_taken":0},{"event_name":"The Lab","player_choice":"Got Potions","floor":45,"damage_taken":0}],"boss_relics":[{"not_picked":["Calling Bell","Pandora\u0027s Box","Snecko Eye"]},{"not_picked":["Lizard Tail","Question Card"],"picked":"Orrery"}],"potions_floor_spawned":[4,11,21,29,36,37],"seed_played":"-7078139647327751693","ascension_level":0,"is_trial":false}