{"path_per_floor":["M","?","M","?","M","?","R","M","T","R","E","M","M","?","R","B",null,"M","$","?","M","M","R","?","R","T","E","R","?","M","M","R","B",null,"M","$","M","M","M","R","E","?","T","M","M","$","T","M","R","B"],"character_chosen":"THE_SILENT","items_purchased":["Footwork","Lantern","Leg Sweep","Well Laid Plans","Mummified Hand","Happy Flower"],"gold_per_floor":[117,117,127,127,144,144,144,162,238,238,267,286,302,302,302,406,406,418,121,121,135,149,149,149,149,176,209,209,124,143,160,160,259,259,278,37,55,74,92,92,127,377,677,687,703,170,170,189,189,189],"floor_reached":51,"campfire_rested":3,"playtime":2451,"current_hp_per_floor":[57,43,43,43,43,65,65,62,62,62,58,58,58,51,51,35,59,35,35,35,35,29,29,29,49,49,50,50,50,47,45,65,13,54,54,54,54,54,49,67,77,77,77,77,77,77,77,70,70,64],"items_purged":["Strike_G","Strike_G","Strike_G"],"gold":189,"score":917,"play_id":"12748b9e-6f10-4c9d-adb3-df44edabccdc","is_prod":false,"is_daily":false,"is_ascension_mode":true,"campfire_upgraded":6,"path_taken":["M","?","M","?","M","?","R","M","T","R","E","M","?","?","R","BOSS","M","$","?","M","M","R","?","R","T","E","R","?","?","M","R","BOSS","M","$","M","M","?","R","E","?","T","?","M","$","?","M","R","BOSS"],"build_version":"2018-02-12-PROD1","purchased_purges":3,"victory":true,"master_deck":["Defend_G","Defend_G+1","Defend_G+1","Defend_G","Defend_G","Strike_G","Survivor","Neutralize+1","Cloak And Dagger+1","Backflip","Dash+1","Endless Agony","Cloak And Dagger+1","Die Die Die","Footwork","Backstab","Accuracy+1","Outmaneuver+1","Quick Slash","Burst+1","Backflip","Leg Sweep","Well Laid Plans","Well Laid Plans","Skewer+1","Malaise","Backflip"],"max_hp_per_floor":[70,70,70,67,67,67,67,67,67,67,67,67,67,67,67,67,67,67,67,67,67,67,67,67,67,67,67,67,67,67,67,67,67,67,67,67,67,67,67,67,77,77,77,77,77,77,77,77,77,77],"relics":["Ring of the Snake","Omamori","Paper Crane","Ice Cream","Philosopher\u0027s Stone","Lantern","Snake Skull","Ornamental Fan","Mercury Hourglass","Sozu","Pear","Old Coin","Mummified Hand","Happy Flower","Tingsha"],"card_choices":[{"not_picked":["Outmaneuver","Concentrate"],"picked":"Cloak And Dagger"},{"not_picked":["Bane","Blur"],"picked":"Backflip"},{"not_picked":["Cloak And Dagger","Blur"],"picked":"Dash"},{"not_picked":["Heel Hook","Cloak And Dagger"],"picked":"Endless Agony"},{"not_picked":["Deadly Poison","Prepared"],"picked":"Cloak And Dagger"},{"not_picked":["Bullet Time","Unload"],"picked":"Die Die Die"},{"not_picked":["Acrobatics","Bane"],"picked":"Backstab"},{"not_picked":["Blur","Sucker Punch"],"picked":"Accuracy"},{"not_picked":["Acrobatics","Slice"],"picked":"Outmaneuver"},{"not_picked":["Dagger Spray","Sucker Punch"],"picked":"Quick Slash"},{"not_picked":["Tactician","A Thousand Cuts"],"picked":"Burst"},{"not_picked":["Dagger Spray","Poisoned Stab"],"picked":"Backflip"},{"not_picked":["Dodge and Roll","Slice"],"picked":"Well Laid Plans"},{"not_picked":["Dodge and Roll","Quick Slash"],"picked":"Skewer"},{"not_picked":["Quick Slash","Distraction"],"picked":"Malaise"},{"not_picked":["Dagger Throw","Riddle With Holes"],"picked":"Backflip"}],"player_experience":1157390,"potions_floor_usage":[11,16,22,27,27],"damage_taken":[{"damage":6,"enemies":"Jaw Worm","floor":1,"turns":5},{"damage":0,"enemies":"2 Louse","floor":3,"turns":2},{"damage":0,"enemies":"Small Slimes","floor":5,"turns":3},{"damage":3,"enemies":"Exordium Wildlife","floor":8,"turns":5},{"damage":4,"enemies":"Gremlin Nob","floor":11,"turns":5},{"damage":0,"enemies":"3 Louse","floor":12,"turns":4},{"damage":0,"enemies":"2 Fungi Beasts","floor":13,"turns":3},{"damage":16,"enemies":"Slime Boss","floor":16,"turns":19},{"damage":24,"enemies":"Spheric Guardian","floor":18,"turns":6},{"damage":0,"enemies":"3 Byrds","floor":21,"turns":6},{"damage":6,"enemies":"Cultist and Chosen","floor":22,"turns":9},{"damage":11,"enemies":"Slavers","floor":27,"turns":11},{"damage":3,"enemies":"Slaver and Parasite","floor":30,"turns":5},{"damage":2,"enemies":"Snecko","floor":31,"turns":5},{"damage":52,"enemies":"Collector","floor":33,"turns":19},{"damage":0,"enemies":"3 Shapes","floor":35,"turns":5},{"damage":0,"enemies":"3 Darklings","floor":37,"turns":5},{"damage":0,"enemies":"4 Shapes","floor":38,"turns":5},{"damage":5,"enemies":"Sphere and 2 Shapes","floor":39,"turns":7},{"damage":0,"enemies":"Nemesis","floor":41,"turns":7},{"damage":0,"enemies":"3 Darklings","floor":44,"turns":5},{"damage":0,"enemies":"Maw","floor":45,"turns":8},{"damage":7,"enemies":"4 Shapes","floor":48,"turns":6},{"damage":6,"enemies":"Awakened One","floor":50,"turns":16}],"event_choices":[{"event_name":"Shining Light","player_choice":"Entered Light","floor":2,"damage_taken":0},{"event_name":"Living Wall","player_choice":"Forget","floor":4,"damage_taken":0},{"event_name":"Big Fish","player_choice":"Banana","floor":6,"damage_taken":0},{"event_name":"Golden Wing","player_choice":"Card Removal","floor":14,"damage_taken":0},{"event_name":"Cursed Tome","player_choice":"Ignored","floor":20,"damage_taken":0},{"event_name":"Drug Dealer","player_choice":"Ignored","floor":24,"damage_taken":0},{"event_name":"Addict","player_choice":"Obtained Relic","floor":29,"damage_taken":0},{"event_name":"Golden Shrine","player_choice":"Desecrate","floor":42,"damage_taken":0}],"boss_relics":[{"not_picked":["Calling Bell","The Specimen"],"picked":"Philosopher\u0027s Stone"},{"not_picked":["Tiny House","Cursed Key"],"picked":"Sozu"}],"potions_floor_spawned":[3,5,16,18,22,30,37,38,45,48],"seed_played":"1157852068387553632","ascension_level":12,"is_trial":false}