{"path_per_floor":["M","?","M","?","?","R","M","R","T","?","R","E","$","M","R","B",null,"M","?","$","?","T","R","$","E","T","?","M","T","R","M","R","B",null,"M","?","?","T","M","R","?","R","T","M","M","M","?","?","R","B"],"character_chosen":"THE_SILENT","items_purchased":["Matryoshka","Noxious Fumes"],"gold_per_floor":[211,211,230,305,305,305,321,321,369,398,398,441,123,143,143,269,269,269,269,169,169,169,169,10,10,10,10,10,10,10,10,10,10,10,10,10,10,10,10,10,10,10,10,10,10,10,10,0,0,0],"floor_reached":51,"campfire_rested":1,"playtime":1930,"current_hp_per_floor":[70,53,51,40,26,47,47,47,47,56,56,52,52,51,51,21,70,70,70,70,70,70,70,70,70,70,70,70,70,70,72,72,80,80,80,80,80,80,80,80,70,70,70,72,74,76,76,76,76,65],"items_purged":["Strike_G","Strike_G","Strike_G"],"gold":0,"score":584,"play_id":"905f33b7-25aa-46ef-a31f-f99adb316db9","is_prod":false,"is_daily":false,"is_ascension_mode":false,"campfire_upgraded":9,"path_taken":["M","?","M","?","?","R","?","R","T","?","R","E","$","M","R","BOSS","M","?","$","?","?","R","$","E","T","?","M","?","R","M","R","BOSS","M","?","?","?","M","R","?","R","T","M","M","M","?","?","R","BOSS"],"build_version":"2018-02-12-PROD1","purchased_purges":3,"victory":true,"master_deck":["Defend_G+1","Defend_G+1","Survivor+1","Neutralize+1","Concentrate+1","Predator+1","Noxious Fumes+1","Predator+1","After Image","Backflip+1","Backflip+1","Noxious Fumes+1","Dash+1","Adrenaline+1","Slice+1","Escape Plan+1","Setup+1","Madness","Madness","Dash+1","Adrenaline"],"max_hp_per_floor":[70,70,70,70,70,70,70,70,70,70,70,70,70,70,70,70,70,70,70,70,70,70,70,70,80,80,80,80,80,80,80,80,80,80,80,80,80,80,80,80,80,80,80,80,80,80,80,80,80,80],"relics":["Ring of the Snake","Juzu Bracelet","Odd Mushroom","Sundial","Matryoshka","Ectoplasm","Tiny Chest","Pantograph","Pear","Happy Flower","Ice Cream","Blood Vial","Astrolabe","Vajra","Girya","Red Mask"],"card_choices":[{"not_picked":["Outmaneuver","Deadly Poison"],"picked":"Concentrate"},{"not_picked":["Heel Hook","Bane"],"picked":"Predator"},{"not_picked":["Bane","PiercingWail"],"picked":"Noxious Fumes"},{"not_picked":["Quick Slash","Underhanded Strike"],"picked":"Predator"},{"not_picked":["Night Terror","A Thousand Cuts"],"picked":"After Image"},{"not_picked":["Caltrops","Setup"],"picked":"Backflip"},{"not_picked":["Flechettes","Blur"],"picked":"Dash"},{"not_picked":["Wraith Form","Tactician"],"picked":"Adrenaline"},{"not_picked":["Catalyst","Venomology"],"picked":"Dash"}],"player_experience":1195759,"potions_floor_usage":[10,25,50,50,50],"damage_taken":[{"damage":0,"enemies":"2 Louse","floor":1,"turns":3},{"damage":2,"enemies":"Small Slimes","floor":3,"turns":4},{"damage":0,"enemies":"Blue Slaver","floor":7,"turns":5},{"damage":3,"enemies":"The Mushroom Lair","floor":10,"turns":5},{"damage":4,"enemies":"3 Sentries","floor":12,"turns":6},{"damage":1,"enemies":"3 Louse","floor":14,"turns":4},{"damage":30,"enemies":"The Guardian","floor":16,"turns":9},{"damage":0,"enemies":"Shell Parasite","floor":18,"turns":5},{"damage":10,"enemies":"Gremlin Leader","floor":25,"turns":7},{"damage":0,"enemies":"3 Byrds","floor":28,"turns":4},{"damage":0,"enemies":"Slaver and Parasite","floor":31,"turns":4},{"damage":0,"enemies":"Collector","floor":33,"turns":8},{"damage":0,"enemies":"3 Darklings","floor":35,"turns":3},{"damage":0,"enemies":"3 Shapes","floor":39,"turns":3},{"damage":0,"enemies":"Maw","floor":44,"turns":6},{"damage":0,"enemies":"Sphere and 2 Shapes","floor":45,"turns":4},{"damage":0,"enemies":"4 Shapes","floor":46,"turns":4},{"damage":18,"enemies":"Awakened One","floor":50,"turns":11}],"event_choices":[{"event_name":"Golden Idol","player_choice":"Take Damage","floor":2,"damage_taken":0},{"event_name":"World of Goop","player_choice":"Gather Gold","floor":4,"damage_taken":0},{"event_name":"Shining Light","player_choice":"Entered Light","floor":5,"damage_taken":0},{"event_name":"Mushrooms","player_choice":"Fought Mushrooms","floor":10,"damage_taken":0},{"event_name":"Upgrade Shrine","player_choice":"Upgraded","floor":19,"damage_taken":0},{"event_name":"Duplicator","player_choice":"One dupe","floor":21,"damage_taken":0},{"event_name":"Bonfire Elementals","player_choice":"BASIC","floor":27,"damage_taken":0},{"event_name":"The Moai Head","player_choice":"Gave Idol","floor":36,"damage_taken":0},{"event_name":"Purifier","player_choice":"One Purge","floor":37,"damage_taken":0},{"event_name":"Winding Halls","player_choice":"Embrace Madness","floor":41,"damage_taken":0},{"event_name":"Match and Keep!","player_choice":"1 cards matched","floor":47,"damage_taken":0},{"event_name":"Tomb of Lord Red Mask","player_choice":"Paid","floor":48,"damage_taken":0}],"boss_relics":[{"not_picked":["Black Star","The Specimen"],"picked":"Ectoplasm"},{"not_picked":["Runic Pyramid","Eternal Feather"],"picked":"Astrolabe"}],"potions_floor_spawned":[3,7,14,18,33,35,44],"seed_played":"6025636193007400220","ascension_level":0,"is_trial":false}