{"path_per_floor":["M","M","?","?","M","R","$","R","T","M","?","E","$","M","R","B",null,"M","M","?","$","M","R","E","M","T","$","?","R","E","M","R","B",null,"M","?","M","T","$","R","M","R","T","M","R","M","M","E","R","B"],"character_chosen":"THE_SILENT","items_purchased":["Footwork"],"gold_per_floor":[115,131,131,131,148,148,73,73,155,166,166,200,67,83,83,178,178,178,178,178,53,53,53,53,53,53,53,53,53,53,53,53,53,53,53,53,53,53,53,53,53,53,53,53,53,53,53,53,53,53],"floor_reached":51,"campfire_rested":1,"playtime":2010,"current_hp_per_floor":[70,70,70,75,75,75,75,75,75,75,75,68,68,68,68,68,75,75,75,75,75,75,75,73,71,71,71,71,71,71,71,71,67,75,74,74,74,74,74,74,74,74,74,67,67,67,67,65,75,75],"items_purged":["Strike_G","Strike_G","Defend_G"],"gold":53,"score":692,"play_id":"ca6ca94c-0a1a-4731-a0c1-037778a3cf93","is_prod":false,"is_daily":false,"is_ascension_mode":false,"campfire_upgraded":9,"path_taken":["M","M","?","?","?","R","?","R","T","M","?","E","$","M","R","BOSS","M","M","?","?","?","R","E","M","T","$","?","R","E","M","R","BOSS","M","?","?","?","?","R","M","R","T","M","R","M","M","E","R","BOSS"],"build_version":"2018-02-15-PROD1","purchased_purges":4,"victory":true,"master_deck":["Survivor","Neutralize+1","Flying Knee+1","Terror","Flash of Steel+1","Quick Slash+1","Backflip+1","Backflip+1","Footwork+1","After Image","Cloak And Dagger+1","Calculated Gamble+1","A Thousand Cuts+1","Adrenaline","Distraction","Catalyst","Dodge and Roll+1","Finisher+1","Deadly Poison"],"max_hp_per_floor":[70,70,70,75,75,75,75,75,75,75,75,75,75,75,75,75,75,75,75,75,75,75,75,75,75,75,75,75,75,75,75,75,75,75,75,75,75,75,75,75,75,75,75,75,75,75,75,75,75,75],"relics":["Ring of the Snake","Mercury Hourglass","Centennial Puzzle","Ectoplasm","Sundial","Ninja Scroll","Pandora\u0027s Box","Oddly Smooth Stone","Tough Bandages","Calipers"],"card_choices":[{"not_picked":["PiercingWail","Accuracy"],"picked":"Flying Knee"},{"not_picked":["Malaise","Sucker Punch"],"picked":"Terror"},{"not_picked":["Sucker Punch","Blade Dance"],"picked":"Backflip"},{"not_picked":["Blade Dance","Expertise"],"picked":"Backflip"},{"not_picked":["Glass Knife","Tools of the Trade"],"picked":"After Image"},{"not_picked":["Blur","Heel Hook"],"picked":"Cloak And Dagger"},{"not_picked":["Bane","Dodge and Roll"],"picked":"Calculated Gamble"},{"not_picked":["Quick Slash","Deadly Poison"],"picked":"A Thousand Cuts"},{"not_picked":["Die Die Die","Phantasmal Killer"],"picked":"Adrenaline"}],"player_experience":1226107,"potions_floor_usage":[18,24,37,50,50,50],"damage_taken":[{"damage":0,"enemies":"Cultist","floor":1,"turns":4},{"damage":0,"enemies":"2 Louse","floor":2,"turns":3},{"damage":0,"enemies":"Small Slimes","floor":5,"turns":2},{"damage":0,"enemies":"3 Louse","floor":10,"turns":2},{"damage":7,"enemies":"Gremlin Nob","floor":12,"turns":3},{"damage":0,"enemies":"Lots of Slimes","floor":14,"turns":3},{"damage":0,"enemies":"Hexaghost","floor":16,"turns":9},{"damage":0,"enemies":"Spheric Guardian","floor":18,"turns":5},{"damage":0,"enemies":"Shell Parasite","floor":19,"turns":5},{"damage":0,"enemies":"Centurion and Healer","floor":22,"turns":6},{"damage":2,"enemies":"Slavers","floor":24,"turns":5},{"damage":2,"enemies":"Snake Plant","floor":25,"turns":3},{"damage":0,"enemies":"Book of Stabbing","floor":30,"turns":5},{"damage":0,"enemies":"Slaver and Parasite","floor":31,"turns":5},{"damage":4,"enemies":"Collector","floor":33,"turns":5},{"damage":1,"enemies":"Orb Walker","floor":35,"turns":3},{"damage":0,"enemies":"3 Shapes","floor":37,"turns":3},{"damage":0,"enemies":"Maw","floor":41,"turns":4},{"damage":7,"enemies":"4 Shapes","floor":44,"turns":3},{"damage":0,"enemies":"Sphere and 2 Shapes","floor":46,"turns":3},{"damage":0,"enemies":"Maw","floor":47,"turns":5},{"damage":2,"enemies":"Giant Head","floor":48,"turns":7},{"damage":0,"enemies":"Donu and Deca","floor":50,"turns":8}],"event_choices":[{"event_name":"Match and Keep!","player_choice":"2 cards matched","floor":3,"damage_taken":0},{"event_name":"Big Fish","player_choice":"Donut","floor":4,"damage_taken":0},{"event_name":"Wheel of Change","player_choice":"Card Removal","floor":11,"damage_taken":0},{"event_name":"Vampires","player_choice":"Ignored","floor":20,"damage_taken":0},{"event_name":"Beggar","player_choice":"Ignored","floor":28,"damage_taken":0},{"event_name":"Accursed Blacksmith","player_choice":"Forge","floor":36,"damage_taken":0}],"boss_relics":[{"not_picked":["Runic Dome","Black Star"],"picked":"Ectoplasm"},{"not_picked":["Snecko Eye","Velvet Choker"],"picked":"Pandora\u0027s Box"}],"potions_floor_spawned":[2,14,16,18,24,30,35,44,47,48],"seed_played":"7912886486171259669","ascension_level":0,"is_trial":false}