{"path_per_floor":["M","?","M","M","T","R","M","R","T","M","R","M","M","?","R","B",null,"M","?","M","?","M","R","E","R","T","R","M","M","?","?","R","B",null,"M","?","$","?","T","M","R","M","T","$","M","M","?","M","R","B"],"character_chosen":"THE_SILENT","items_purchased":["Bag of Preparation"],"gold_per_floor":[110,110,122,140,210,210,221,221,221,233,233,250,269,269,269,366,366,366,291,291,291,291,291,291,291,291,291,291,291,291,291,291,291,291,291,291,61,0,0,0,0,0,0,0,0,0,0,0,0,0],"floor_reached":51,"campfire_rested":0,"playtime":3265,"current_hp_per_floor":[70,63,63,63,63,63,61,61,61,61,61,61,61,47,47,20,70,70,70,70,70,70,70,70,70,70,70,70,70,70,61,61,58,75,75,65,65,65,65,65,73,73,73,73,73,73,73,72,75,59],"items_purged":["Strike_G"],"gold":0,"play_id":"cf78b4ad-4653-4aa5-a22a-6cb708ea3ee3","is_prod":false,"is_daily":false,"is_ascension_mode":false,"campfire_upgraded":10,"path_taken":["M","?","M","?","?","R","M","R","T","M","R","M","M","?","R","BOSS","M","?","M","?","?","R","E","R","T","R","M","M","?","?","R","BOSS","M","?","$","?","?","M","R","M","T","$","?","M","?","M","R","BOSS"],"build_version":"2018-02-01-PROD3","purchased_purges":1,"victory":true,"master_deck":["Defend_G","Defend_G","Defend_G","Defend_G","Defend_G","Strike_G+1","Strike_G+1","Survivor+1","Neutralize+1","Dash+1","Footwork+1","Dagger Throw+1","Predator+1","Backflip+1","PiercingWail","Bullet Time+1","Well Laid Plans+1","Crippling Poison","Glass Knife+1","Madness","Madness","Backstab","Acrobatics+1","Noxious Fumes+1"],"max_hp_per_floor":[70,70,70,70,70,70,70,70,70,70,70,70,70,70,70,70,70,70,70,70,70,70,70,70,70,70,70,70,70,70,75,75,75,75,75,75,75,75,75,75,75,75,75,75,75,75,75,75,75,75],"relics":["Ring of the Snake","Pen Nib","Bottled Lightning","Tingsha","Ectoplasm","Dream Catcher","Oddly Smooth Stone","Eternal Feather","Bag of Preparation","Red Mask","Torii","Bronze Scales"],"card_choices":[{"not_picked":["Dagger Throw","Noxious Fumes"],"picked":"Dash"},{"not_picked":["Skewer","Acrobatics"],"picked":"Footwork"},{"not_picked":["Acrobatics","Calculated Gamble"],"picked":"Dagger Throw"},{"not_picked":["Catalyst","Acrobatics"],"picked":"Predator"},{"not_picked":["Poisoned Stab","Sucker Punch"],"picked":"Backflip"},{"not_picked":["Underhanded Strike","Slice"],"picked":"PiercingWail"},{"not_picked":["Phantasmal Killer","Doppelganger"],"picked":"Bullet Time"},{"not_picked":["Crippling Poison","Deadly Poison"],"picked":"Well Laid Plans"},{"not_picked":["Grand Finale","Night Terror"],"picked":"Glass Knife"},{"not_picked":["Dodge and Roll","Poisoned Stab"],"picked":"Backstab"},{"not_picked":["Underhanded Strike","Heel Hook"],"picked":"Acrobatics"},{"not_picked":["Quick Slash","Infinite Blades"],"picked":"Noxious Fumes"}],"player_experience":936086,"potions_floor_usage":[24,24,33,48,50,50],"damage_taken":[{"damage":0,"enemies":"Cultist","floor":1,"turns":4},{"damage":0,"enemies":"Blue Slaver","floor":3,"turns":4},{"damage":0,"enemies":"Jaw Worm","floor":4,"turns":3},{"damage":2,"enemies":"2 Fungi Beasts","floor":7,"turns":4},{"damage":0,"enemies":"Exordium Wildlife","floor":10,"turns":2},{"damage":0,"enemies":"Looter","floor":12,"turns":3},{"damage":0,"enemies":"Large Slime","floor":13,"turns":4},{"damage":27,"enemies":"Hexaghost","floor":16,"turns":13},{"damage":0,"enemies":"3 Byrds","floor":18,"turns":5},{"damage":0,"enemies":"Shell Parasite","floor":20,"turns":3},{"damage":0,"enemies":"Snecko","floor":22,"turns":5},{"damage":0,"enemies":"Slavers","floor":24,"turns":6},{"damage":0,"enemies":"Cultist and Chosen","floor":28,"turns":5},{"damage":0,"enemies":"Snake Plant","floor":29,"turns":5},{"damage":3,"enemies":"Collector","floor":33,"turns":12},{"damage":0,"enemies":"3 Shapes","floor":35,"turns":5},{"damage":0,"enemies":"Orb Walker","floor":40,"turns":3},{"damage":0,"enemies":"3 Darklings","floor":42,"turns":5},{"damage":0,"enemies":"Sphere and 2 Shapes","floor":45,"turns":5},{"damage":0,"enemies":"Maw","floor":46,"turns":8},{"damage":1,"enemies":"3 Darklings","floor":48,"turns":4},{"damage":16,"enemies":"Donu and Deca","floor":50,"turns":10}],"event_choices":[{"event_name":"Scrap Ooze","player_choice":"success","floor":2,"damage_taken":7},{"event_name":"Shining Light","player_choice":"Entered Light","floor":14,"damage_taken":0},{"event_name":"Beggar","player_choice":"Gave Gold","floor":19,"damage_taken":0},{"event_name":"Drug Dealer","player_choice":"Ignored","floor":21,"damage_taken":0},{"event_name":"Transmorgrifier","player_choice":"Transform","floor":30,"damage_taken":0},{"event_name":"Forgotten Altar","player_choice":"Shed Blood","floor":31,"damage_taken":0},{"event_name":"Winding Halls","player_choice":"Embrace Madness","floor":36,"damage_taken":0},{"event_name":"Tomb of Lord Red Mask","player_choice":"Paid","floor":38,"damage_taken":0},{"event_name":"Mysterious Sphere","player_choice":"Ignore","floor":47,"damage_taken":0}],"boss_relics":[{"not_picked":["Pandora\u0027s Box","Velvet Choker"],"picked":"Ectoplasm"},{"not_picked":["Black Star","Runic Dome"],"picked":"Eternal Feather"}],"potions_floor_spawned":[3,7,10,12,16,22,24,35,48],"seed_played":"8459809382094891934","ascension_level":0,"is_trial":false}