{"path_per_floor":["M","?","?","?","M","R","?","R","T","M","E","R","$","M","R","B",null,"M","?","?","M","M","R","E","R","T","?","R","E","M","M","R","B",null,"M","?","$","M","$","?","R","M","T","?","R","?","R","M","R","B"],"character_chosen":"THE_SILENT","items_purchased":["Vajra","Well Laid Plans","Footwork","Flash of Steel"],"gold_per_floor":[213,163,163,163,178,178,178,178,178,193,228,228,10,27,27,125,125,141,66,66,77,96,96,122,122,422,422,422,455,473,487,487,586,586,601,601,466,478,208,256,256,269,269,269,269,0,0,20,20,20],"floor_reached":51,"campfire_rested":2,"playtime":2869,"current_hp_per_floor":[65,65,65,53,53,53,46,46,46,45,20,20,20,20,41,17,70,70,70,70,70,65,65,65,65,65,65,65,53,53,49,49,41,70,70,70,70,70,70,69,69,67,67,67,67,67,67,57,70,53],"items_purged":["Strike_G","Injury","Deadly Poison"],"gold":20,"play_id":"3c8375ea-7447-42b3-a98d-c9889244e42a","is_prod":false,"is_daily":false,"is_ascension_mode":false,"campfire_upgraded":10,"path_taken":["M","?","?","?","?","R","?","R","T","?","E","R","$","M","R","BOSS","M","?","?","M","M","R","E","R","T","?","R","E","M","M","R","BOSS","M","?","$","M","$","?","R","M","T","?","R","?","R","M","R","BOSS"],"build_version":"2018-02-01-PROD3","purchased_purges":3,"victory":true,"master_deck":["Defend_G+1","Defend_G+1","Defend_G","Defend_G","Defend_G","Strike_G","Survivor+1","Neutralize+1","Flying Knee+1","Cloak And Dagger+1","Quick Slash+1","Backstab+1","PiercingWail+1","Backstab+1","Flying Knee+1","Dash+1","PiercingWail","Blade Dance+1","Backflip+1","Quick Slash+1","Adrenaline+1","Terror+1","Backstab+1","Well Laid Plans+1","Cloak And Dagger+1","Footwork+1","Flash of Steel+1","Infinite Blades+1","Adrenaline"],"max_hp_per_floor":[70,70,70,70,70,70,70,70,70,70,70,70,70,70,70,70,70,70,70,70,70,70,70,70,70,70,70,70,70,70,70,70,70,70,70,70,70,70,70,70,70,70,70,70,70,70,70,70,70,70],"relics":["Ring of the Snake","Shuriken","Ginger","Molten Egg 2","Vajra","Question Card","Bag of Preparation","Old Coin","Meat on the Bone","Orrery","Sundial","Prayer Wheel","Red Mask"],"card_choices":[{"not_picked":["Dodge and Roll","Caltrops"],"picked":"Deadly Poison"},{"not_picked":["Reflex","Bane"],"picked":"Flying Knee"},{"not_picked":["Escape Plan","Backflip"],"picked":"Cloak And Dagger"},{"not_picked":["Envenom","Bouncing Flask"],"picked":"Quick Slash"},{"not_picked":["Dagger Throw","Slice"],"picked":"Backstab"},{"not_picked":["Sucker Punch","Masterful Stab","Heel Hook"],"picked":"PiercingWail"},{"not_picked":["Deadly Poison","Bane","Poisoned Stab"],"picked":"Flying Knee"},{"not_picked":["Outmaneuver","Masterful Stab","Deadly Poison"],"picked":"Dash"},{"not_picked":["Eviscerate","Dagger Spray","Poisoned Stab"],"picked":"PiercingWail"},{"not_picked":["Noxious Fumes","After Image","Terror"],"picked":"Blade Dance"},{"not_picked":["Slice","Acrobatics","Flying Knee"],"picked":"Backflip"},{"not_picked":["Dagger Throw","Blade Dance","Predator"],"picked":"Quick Slash"},{"not_picked":["Die Die Die","A Thousand Cuts","Venomology"],"picked":"Adrenaline"},{"not_picked":["Prepared","Quick Slash","Poisoned Stab"],"picked":"Terror"},{"not_picked":["Sucker Punch","Endless Agony","Heel Hook"],"picked":"Backstab"},{"not_picked":["Burst","Deadly Poison","Choke"],"picked":"Cloak And Dagger"},{"not_picked":["Sucker Punch","Slice","Bane"],"picked":"Infinite Blades"},{"not_picked":["Slice","Outmaneuver","Masterful Stab"],"picked":"Adrenaline"}],"player_experience":928349,"potions_floor_usage":[21,24,33,40,50],"damage_taken":[{"damage":5,"enemies":"Jaw Worm","floor":1,"turns":5},{"damage":0,"enemies":"Cultist","floor":5,"turns":3},{"damage":1,"enemies":"2 Louse","floor":10,"turns":3},{"damage":25,"enemies":"Gremlin Nob","floor":11,"turns":5},{"damage":0,"enemies":"2 Fungi Beasts","floor":14,"turns":2},{"damage":24,"enemies":"The Guardian","floor":16,"turns":9},{"damage":0,"enemies":"Shell Parasite","floor":18,"turns":5},{"damage":0,"enemies":"2 Thieves","floor":21,"turns":2},{"damage":5,"enemies":"Snake Plant","floor":22,"turns":4},{"damage":0,"enemies":"Gremlin Leader","floor":24,"turns":8},{"damage":12,"enemies":"Book of Stabbing","floor":29,"turns":7},{"damage":0,"enemies":"Sentry and Sphere","floor":30,"turns":3},{"damage":4,"enemies":"Slaver and Parasite","floor":31,"turns":6},{"damage":8,"enemies":"Champ","floor":33,"turns":11},{"damage":0,"enemies":"3 Shapes","floor":35,"turns":5},{"damage":0,"enemies":"Orb Walker","floor":38,"turns":2},{"damage":1,"enemies":"Mysterious Sphere","floor":40,"turns":3},{"damage":2,"enemies":"4 Shapes","floor":42,"turns":5},{"damage":10,"enemies":"Maw","floor":48,"turns":5},{"damage":17,"enemies":"Time Eater","floor":50,"turns":10}],"event_choices":[{"event_name":"The Cleric","player_choice":"Card Removal","floor":2,"damage_taken":0},{"event_name":"Liars Game","player_choice":"disagreed","floor":3,"damage_taken":0},{"event_name":"Scrap Ooze","player_choice":"success","floor":4,"damage_taken":12},{"event_name":"Golden Wing","player_choice":"Card Removal","floor":7,"damage_taken":0},{"event_name":"Beggar","player_choice":"Gave Gold","floor":19,"damage_taken":0},{"event_name":"Duplicator","player_choice":"One dupe","floor":20,"damage_taken":0},{"event_name":"The Mausoleum","player_choice":"No","floor":27,"damage_taken":0},{"event_name":"Accursed Blacksmith","player_choice":"Forge","floor":36,"damage_taken":0},{"event_name":"Mysterious Sphere","player_choice":"Fight","floor":40,"damage_taken":0},{"event_name":"The Woman in Blue","player_choice":"Bought 0 Potions","floor":44,"damage_taken":0},{"event_name":"Tomb of Lord Red Mask","player_choice":"Paid","floor":46,"damage_taken":0}],"boss_relics":[{"not_picked":["The Specimen","Calling Bell"],"picked":"Question Card"},{"not_picked":["Tiny House","Black Star"],"picked":"Orrery"}],"potions_floor_spawned":[14,16,22,24,30,48],"seed_played":"4257273513950675139","ascension_level":0,"is_trial":false}