{"path_per_floor":["M","?","?","M","M","R","M","?","T","R","M","R","E","M","R","B",null,"M","M","?","M","?","R","E","$","T","R","M","M","M","?","R","B",null,"M","M","$","M","$","R","?","R","T","M","R","M","?","$","R","B"],"character_chosen":"THE_SILENT","items_purchased":["Footwork","Dash","War Paint"],"gold_per_floor":[16,16,16,40,61,61,82,82,106,106,124,124,158,183,183,302,302,326,345,345,368,368,368,412,23,23,23,37,62,75,75,75,199,199,212,233,233,258,158,158,158,158,158,183,183,204,204,79,79,79],"floor_reached":51,"campfire_rested":1,"playtime":2621,"current_hp_per_floor":[84,84,63,63,61,61,60,60,60,60,60,60,43,33,58,33,86,75,74,60,62,62,62,57,57,57,62,51,50,66,66,66,41,66,66,68,68,70,70,70,70,70,70,70,70,72,63,63,72,68],"items_purged":["Bite","Bite","Defend_G"],"gold":79,"score":570,"play_id":"25948f6a-6b7e-446a-97da-c32c3e2dc71b","is_prod":false,"is_daily":false,"is_ascension_mode":false,"campfire_upgraded":10,"path_taken":["M","?","?","M","M","R","M","?","T","R","?","R","E","?","R","BOSS","M","M","?","?","?","R","E","$","T","R","M","?","M","?","R","BOSS","M","?","?","M","$","R","?","R","T","M","R","?","?","$","R","BOSS"],"build_version":"2018-02-08-PROD1","purchased_purges":4,"victory":true,"master_deck":["Defend_G+1","Defend_G","Defend_G+1","Defend_G","Survivor+1","Neutralize+1","Poisoned Stab+1","Deflect+1","After Image","Bane+1","Backstab","Footwork+1","Backflip+1","Footwork+1","Poisoned Stab+1","Bite","Bite","Terror+1","Footwork+1","Dash+1","Backflip+1","Doppelganger+1","Escape Plan+1","Footwork+1","Madness+1","Madness+1"],"max_hp_per_floor":[84,84,84,84,84,84,84,84,84,84,84,84,84,84,84,86,86,86,86,60,62,62,62,62,62,62,62,64,64,66,66,66,66,66,66,68,68,70,70,70,70,70,70,70,70,72,72,72,72,72],"relics":["Ring of the Snake","Golden Idol","Bronze Scales","Singing Bowl","Eternal Feather","Toxic Egg 2","War Paint","Tingsha","Lizard Tail","Tough Bandages"],"card_choices":[{"not_picked":["Concentrate","Dagger Spray"],"picked":"Poisoned Stab"},{"not_picked":["Outmaneuver","Finisher"],"picked":"Deflect"},{"not_picked":["Sucker Punch","PiercingWail"],"picked":"After Image"},{"not_picked":["Prepared","Deadly Poison"],"picked":"Bane"},{"not_picked":["Expertise","Outmaneuver"],"picked":"Backstab"},{"not_picked":["Poisoned Stab","Concentrate"],"picked":"Footwork"},{"not_picked":["PiercingWail","Deflect"],"picked":"Backflip"},{"not_picked":["Blur","All Out Attack"],"picked":"Footwork"},{"not_picked":["Dagger Spray","Cloak And Dagger"],"picked":"Poisoned Stab"},{"not_picked":["Dagger Spray","Finisher"],"picked":"Terror"},{"not_picked":["Dagger Throw","Distraction"],"picked":"Backflip"},{"not_picked":["After Image","A Thousand Cuts"],"picked":"Doppelganger"},{"not_picked":["Heel Hook","Reflex"],"picked":"Escape Plan"},{"not_picked":["Acrobatics","Choke"],"picked":"Footwork"}],"player_experience":1027063,"potions_floor_usage":[11,19,28,30,50,50,50],"damage_taken":[{"damage":0,"enemies":"Small Slimes","floor":1,"turns":4},{"damage":0,"enemies":"Cultist","floor":4,"turns":4},{"damage":2,"enemies":"2 Louse","floor":5,"turns":4},{"damage":1,"enemies":"2 Fungi Beasts","floor":7,"turns":4},{"damage":0,"enemies":"Lots of Slimes","floor":11,"turns":4},{"damage":17,"enemies":"Lagavulin","floor":13,"turns":6},{"damage":10,"enemies":"Gremlin Gang","floor":14,"turns":6},{"damage":27,"enemies":"Slime Boss","floor":16,"turns":13},{"damage":11,"enemies":"Chosen","floor":18,"turns":6},{"damage":1,"enemies":"3 Byrds","floor":19,"turns":3},{"damage":5,"enemies":"Centurion and Healer","floor":21,"turns":9},{"damage":11,"enemies":"Book of Stabbing","floor":24,"turns":7},{"damage":15,"enemies":"Cultist and Chosen","floor":28,"turns":8},{"damage":3,"enemies":"Snake Plant","floor":29,"turns":4},{"damage":9,"enemies":"Slaver and Parasite","floor":30,"turns":8},{"damage":43,"enemies":"Automaton","floor":33,"turns":19},{"damage":5,"enemies":"3 Shapes","floor":35,"turns":7},{"damage":0,"enemies":"Orb Walker","floor":36,"turns":3},{"damage":9,"enemies":"4 Shapes","floor":38,"turns":10},{"damage":9,"enemies":"Sphere and 2 Shapes","floor":44,"turns":12},{"damage":0,"enemies":"3 Darklings","floor":46,"turns":14},{"damage":43,"enemies":"Awakened One","floor":50,"turns":27}],"event_choices":[{"event_name":"The Cleric","player_choice":"Leave","floor":2,"damage_taken":0},{"event_name":"Golden Idol","player_choice":"Take Damage","floor":3,"damage_taken":0},{"event_name":"Liars Game","player_choice":"disagreed","floor":8,"damage_taken":0},{"event_name":"Vampires","player_choice":"Became a vampire","floor":20,"damage_taken":0},{"event_name":"Bonfire Elementals","player_choice":"SPECIAL","floor":22,"damage_taken":0},{"event_name":"Drug Dealer","player_choice":"Ignored","floor":31,"damage_taken":0},{"event_name":"The Woman in Blue","player_choice":"Bought 0 Potions","floor":41,"damage_taken":0},{"event_name":"Winding Halls","player_choice":"Embrace Madness","floor":47,"damage_taken":0}],"boss_relics":[{"not_picked":["Tiny House","Runic Dome"],"picked":"Eternal Feather"},{"not_picked":["Astrolabe","Pandora\u0027s Box"],"picked":"Lizard Tail"}],"potions_floor_spawned":[1,11,14,21,28,29,33,38,44],"seed_played":"-7479247494528440106","ascension_level":0,"is_trial":false}