{"path_per_floor":["M","T","?","?","M","E","R","?","T","M","$","T","?","$","R","B",null,"M","$","?","M","?","R","M","R","T","$","?","R","?","?","R","B",null,"M","?","?","$","M","R","?","M","T","$","M","R","M","M","R","B"],"character_chosen":"THE_SILENT","items_purchased":["Footwork","Acrobatics"],"gold_per_floor":[113,113,113,113,133,162,162,237,283,296,221,294,294,95,95,191,191,211,86,186,206,206,206,218,218,266,116,116,116,31,121,121,217,217,236,236,236,236,253,253,253,270,270,95,108,108,122,133,133,133],"floor_reached":51,"campfire_rested":2,"playtime":3003,"current_hp_per_floor":[66,66,66,63,63,38,38,27,27,27,27,27,27,27,48,35,70,70,70,70,70,70,70,70,70,77,77,63,63,63,47,71,71,82,81,81,81,81,81,81,81,81,81,81,81,81,76,74,74,74],"items_purged":["Strike_G","Strike_G","Strike_G","Regret","Decay"],"gold":133,"score":589,"play_id":"e2653490-5fe9-4e76-87b9-f9709d13965c","is_prod":false,"is_daily":false,"is_ascension_mode":false,"campfire_upgraded":7,"path_taken":["M","?","?","?","M","E","R","?","T","M","$","?","?","?","R","BOSS","M","$","?","M","?","R","M","R","T","$","?","R","?","?","R","BOSS","M","?","?","$","M","R","?","M","T","$","M","R","M","M","R","BOSS"],"build_version":"2018-02-12-PROD1","purchased_purges":5,"victory":true,"master_deck":["Defend_G","Defend_G","Defend_G","Defend_G","Defend_G","Strike_G","Survivor","Neutralize+1","Flying Knee","Tools of the Trade+1","Dash","Dash","Prepared+1","Footwork+1","Acrobatics+1","Backflip+1","Calculated Gamble+1","PiercingWail+1","Wraith Form+1","Prepared+1","Escape Plan+1"],"max_hp_per_floor":[70,70,70,70,70,70,70,70,70,70,70,70,70,70,70,70,70,70,70,70,70,70,70,70,70,77,77,82,82,82,82,82,82,82,82,82,82,82,82,82,82,82,82,82,82,82,82,82,82,82],"relics":["Ring of the Snake","Juzu Bracelet","Bag of Preparation","Tough Bandages","Prayer Wheel","Mummified Hand","Cursed Key","Strawberry","Bag of Marbles","Runic Dome","Girya"],"card_choices":[{"not_picked":["Poisoned Stab","Slice"],"picked":"Flying Knee"},{"not_picked":["Deadly Poison","Acrobatics"],"picked":"Tools of the Trade"},{"not_picked":["Tools of the Trade","Backflip"],"picked":"Dash"},{"not_picked":["Setup","Leg Sweep"],"picked":"Dash"},{"not_picked":["Cloak And Dagger","Masterful Stab"],"picked":"Prepared"},{"not_picked":["Phantasmal Killer","Wraith Form"],"picked":"Night Terror"},{"not_picked":["Underhanded Strike","Quick Slash"],"picked":"Backflip"},{"not_picked":["Well Laid Plans","Flechettes"],"picked":"Calculated Gamble"},{"not_picked":["Terror","Slice"],"picked":"PiercingWail"},{"not_picked":["Tactician","Phantasmal Killer"],"picked":"Wraith Form"},{"not_picked":["Eviscerate","Riddle With Holes"],"picked":"Prepared"},{"not_picked":["Dagger Throw","Accuracy"],"picked":"Escape Plan"}],"player_experience":1197689,"potions_floor_usage":[50,50,50],"damage_taken":[{"damage":4,"enemies":"Blue Slaver","floor":1,"turns":6},{"damage":0,"enemies":"Cultist","floor":5,"turns":4},{"damage":25,"enemies":"3 Sentries","floor":6,"turns":10},{"damage":0,"enemies":"Jaw Worm","floor":10,"turns":3},{"damage":13,"enemies":"Hexaghost","floor":16,"turns":16},{"damage":0,"enemies":"Chosen","floor":18,"turns":6},{"damage":0,"enemies":"3 Byrds","floor":21,"turns":6},{"damage":0,"enemies":"Snake Plant","floor":24,"turns":7},{"damage":0,"enemies":"Automaton","floor":33,"turns":21},{"damage":1,"enemies":"Orb Walker","floor":35,"turns":4},{"damage":0,"enemies":"3 Shapes","floor":39,"turns":4},{"damage":0,"enemies":"Sphere and 2 Shapes","floor":42,"turns":5},{"damage":0,"enemies":"Maw","floor":45,"turns":8},{"damage":5,"enemies":"4 Shapes","floor":47,"turns":4},{"damage":2,"enemies":"Sphere and 2 Shapes","floor":48,"turns":5},{"damage":0,"enemies":"Awakened One","floor":50,"turns":16}],"event_choices":[{"event_name":"The Woman in Blue","player_choice":"Bought 0 Potions","floor":3,"damage_taken":0},{"event_name":"Scrap Ooze","player_choice":"success","floor":4,"damage_taken":3},{"event_name":"World of Goop","player_choice":"Gather Gold","floor":8,"damage_taken":0},{"event_name":"The Lab","player_choice":"Got Potions","floor":13,"damage_taken":0},{"event_name":"Golden Shrine","player_choice":"Pray","floor":20,"damage_taken":0},{"event_name":"Drug Dealer","player_choice":"Ignored","floor":22,"damage_taken":0},{"event_name":"Forgotten Altar","player_choice":"Shed Blood","floor":28,"damage_taken":0},{"event_name":"Addict","player_choice":"Obtained Relic","floor":30,"damage_taken":0},{"event_name":"Knowing Skull","player_choice":"GOLD ","floor":31,"damage_taken":0},{"event_name":"Purifier","player_choice":"One Purge","floor":36,"damage_taken":0},{"event_name":"Mysterious Sphere","player_choice":"Ignore","floor":41,"damage_taken":0}],"boss_relics":[{"not_picked":["Eternal Feather","Black Star"],"picked":"Cursed Key"},{"not_picked":["Orrery","Calling Bell"],"picked":"Runic Dome"}],"potions_floor_spawned":[6,16,18,33,35,47],"seed_played":"-4538281125071922321","ascension_level":0,"is_trial":false}