{"path_per_floor":["M","M","M","M","M","R","M","R","T","?","?","R","$","M","R","B",null,"M","?","M","$","?","R","M","?","T","R","M","R","M","M","R","B",null,"M","M","?","M","?","R","M","M","T","R","M","T","R","M","R","B"],"character_chosen":"THE_SILENT","items_purchased":["Shuriken"],"gold_per_floor":[118,137,151,170,181,181,198,198,198,298,298,298,58,70,70,171,171,171,171,171,96,96,96,96,96,96,96,96,96,96,96,96,96,96,96,96,96,96,0,0,0,0,0,0,0,0,0,0,0,0],"floor_reached":51,"campfire_rested":1,"playtime":2239,"current_hp_per_floor":[70,70,70,63,59,59,55,55,55,55,48,48,48,46,46,44,70,68,70,70,70,57,57,49,49,49,71,66,66,65,65,65,52,75,75,75,75,75,75,75,74,74,74,74,74,74,74,74,74,71],"items_purged":["Strike_G"],"gold":0,"score":495,"play_id":"1160bd29-6451-4634-98a7-56e8ecafdc4f","is_prod":false,"is_daily":false,"is_ascension_mode":false,"campfire_upgraded":8,"path_taken":["M","M","M","M","M","R","M","R","T","?","?","R","?","?","R","BOSS","M","?","M","$","?","R","M","?","T","R","M","R","M","M","R","BOSS","M","M","?","?","?","R","M","?","T","R","M","?","R","M","R","BOSS"],"build_version":"2018-02-08-PROD1","purchased_purges":1,"victory":true,"master_deck":["Defend_G+1","Defend_G+1","Defend_G","Defend_G","Defend_G","Strike_G","Strike_G","Strike_G","Survivor+1","Neutralize+1","Infinite Blades","Malaise+1","PiercingWail","Backflip+1","Backstab","Die Die Die","Blur+1","After Image+1","Endless Agony+1","Infinite Blades","Infinite Blades","Deflect+1","Backstab+1","Backflip+1","Escape Plan+1"],"max_hp_per_floor":[70,70,70,70,70,70,70,70,70,70,70,70,70,70,70,70,70,70,70,70,70,75,75,75,75,75,75,75,75,75,75,75,75,75,75,75,75,75,75,75,75,75,75,75,75,75,75,75,75,75],"relics":["Ring of the Snake","Oddly Smooth Stone","Girya","Kunai","Shuriken","Ectoplasm","Tiny Chest","Orrery","Red Mask","Ginger","Matryoshka"],"card_choices":[{"not_picked":["Masterful Stab","Cloak And Dagger"],"picked":"Infinite Blades"},{"not_picked":["Endless Agony","Riddle With Holes"],"picked":"Malaise"},{"not_picked":["Deadly Poison","Catalyst"],"picked":"PiercingWail"},{"not_picked":["Bouncing Flask","Acrobatics"],"picked":"Backflip"},{"not_picked":["Predator","Prepared"],"picked":"Backstab"},{"not_picked":["Night Terror","Corpse Explosion"],"picked":"Die Die Die"},{"not_picked":["Bane","Underhanded Strike"],"picked":"Blur"},{"not_picked":["Reflex","PiercingWail"],"picked":"After Image"},{"not_picked":["Slice","Dodge and Roll"],"picked":"Endless Agony"},{"not_picked":["Deadly Poison","Sucker Punch"],"picked":"Infinite Blades"},{"not_picked":["Blur","Doppelganger"],"picked":"Infinite Blades"},{"not_picked":["Underhanded Strike","Finisher"],"picked":"Deflect"},{"not_picked":["Deflect","Bane"],"picked":"Backstab"},{"not_picked":["PiercingWail","Outmaneuver"],"picked":"Backflip"},{"not_picked":["Bullet Time","PiercingWail"],"picked":"Escape Plan"}],"player_experience":1038332,"potions_floor_usage":[7,24,24,28,33,50],"damage_taken":[{"damage":0,"enemies":"Cultist","floor":1,"turns":5},{"damage":0,"enemies":"Blue Slaver","floor":2,"turns":5},{"damage":0,"enemies":"Jaw Worm","floor":3,"turns":6},{"damage":7,"enemies":"2 Fungi Beasts","floor":4,"turns":5},{"damage":4,"enemies":"Lots of Slimes","floor":5,"turns":7},{"damage":4,"enemies":"Exordium Wildlife","floor":7,"turns":8},{"damage":2,"enemies":"Exordium Thugs","floor":14,"turns":5},{"damage":2,"enemies":"Hexaghost","floor":16,"turns":9},{"damage":2,"enemies":"3 Byrds","floor":18,"turns":4},{"damage":0,"enemies":"Shell Parasite","floor":20,"turns":4},{"damage":8,"enemies":"Cultist and Chosen","floor":24,"turns":5},{"damage":5,"enemies":"Slaver and Parasite","floor":28,"turns":6},{"damage":1,"enemies":"Snecko","floor":30,"turns":5},{"damage":0,"enemies":"Snake Plant","floor":31,"turns":6},{"damage":13,"enemies":"Automaton","floor":33,"turns":14},{"damage":0,"enemies":"Orb Walker","floor":35,"turns":4},{"damage":0,"enemies":"3 Shapes","floor":36,"turns":4},{"damage":0,"enemies":"Sphere and 2 Shapes","floor":38,"turns":4},{"damage":1,"enemies":"4 Shapes","floor":41,"turns":5},{"damage":0,"enemies":"Maw","floor":42,"turns":8},{"damage":0,"enemies":"Sphere and 2 Shapes","floor":45,"turns":5},{"damage":0,"enemies":"3 Darklings","floor":48,"turns":6},{"damage":3,"enemies":"Awakened One","floor":50,"turns":13}],"event_choices":[{"event_name":"Golden Shrine","player_choice":"Pray","floor":10,"damage_taken":0},{"event_name":"Scrap Ooze","player_choice":"success","floor":11,"damage_taken":7},{"event_name":"Wheel of Change","player_choice":"Full Heal","floor":19,"damage_taken":0},{"event_name":"Forgotten Altar","player_choice":"Shed Blood","floor":22,"damage_taken":0},{"event_name":"Drug Dealer","player_choice":"Ignored","floor":25,"damage_taken":0},{"event_name":"Purifier","player_choice":"One Purge","floor":37,"damage_taken":0},{"event_name":"Tomb of Lord Red Mask","player_choice":"Paid","floor":39,"damage_taken":0}],"boss_relics":[{"not_picked":["Calling Bell","Velvet Choker"],"picked":"Ectoplasm"},{"not_picked":["Runic Dome","The Specimen"],"picked":"Orrery"}],"potions_floor_spawned":[1,3,14,18,20,28,30,35,41,42,45,48],"seed_played":"4392958469268005764","ascension_level":0,"is_trial":false}