{"path_per_floor":["M","$","?","M","M","R","?","E","T","R","$","M","R","?","R","B",null,"M","M","?","$","M","R","?","$","T","R","E","M","T","E","R","B",null,"M","?","?","M","M","R","$","R","T","?","R","M","E","$","R","B"],"character_chosen":"THE_SILENT","items_purchased":["Expertise","Happy Flower","Purity","Paper Crane"],"gold_per_floor":[117,42,117,127,145,145,195,230,230,230,93,106,106,206,206,310,310,321,339,339,69,79,79,79,79,79,79,106,124,170,201,201,304,304,316,316,316,326,336,336,186,186,237,337,337,348,382,30,30,30],"floor_reached":51,"campfire_rested":2,"playtime":3097,"current_hp_per_floor":[68,68,57,55,53,53,53,37,37,37,37,37,37,37,58,42,70,68,62,62,62,58,58,45,45,45,67,65,71,71,65,65,52,75,75,75,66,70,75,75,75,75,75,75,75,74,75,75,75,35],"items_purged":["Strike_G","Strike_G","Defend_G","Poisoned Stab"],"gold":30,"score":560,"play_id":"bc46e640-3e71-48fb-b63f-82e66a6c128b","is_prod":false,"is_daily":false,"is_ascension_mode":false,"campfire_upgraded":9,"path_taken":["M","$","?","M","M","R","?","E","T","R","$","?","R","?","R","BOSS","M","M","?","$","?","R","?","?","T","R","E","M","?","E","R","BOSS","M","?","?","M","M","R","$","R","T","?","R","M","E","$","R","BOSS"],"build_version":"2018-02-08-PROD1","purchased_purges":4,"victory":true,"master_deck":["Defend_G","Defend_G","Defend_G","Defend_G","Survivor+1","Neutralize+1","Die Die Die","Flying Knee+1","Expertise+1","PiercingWail","Phantasmal Killer+1","Dagger Throw+1","Bite","Bite","Bite","Bite","Terror+1","Tools of the Trade+1","Dash+1","Malaise","Flying Knee+1","Expertise+1","Madness+1","Madness+1","Choke+1","Footwork+1","Purity+1"],"max_hp_per_floor":[70,70,70,70,70,70,70,70,70,70,70,70,70,70,70,70,70,70,70,70,70,70,70,75,75,75,75,75,75,75,75,75,75,75,75,75,75,75,75,75,75,75,75,75,75,75,75,75,75,75],"relics":["Runic Pyramid","Ginger","Sozu","Happy Flower","Ice Cream","Bottled Flame","Prayer Wheel","Snake Skull","Orrery","Dream Catcher","Frozen Egg 2","Paper Crane"],"card_choices":[{"not_picked":["Accuracy","Bane"],"picked":"Poisoned Stab"},{"not_picked":["Slice","Blade Dance"],"picked":"Die Die Die"},{"not_picked":["Dodge and Roll","Well Laid Plans"],"picked":"Flying Knee"},{"not_picked":["Dodge and Roll","Leg Sweep"],"picked":"PiercingWail"},{"not_picked":["Grand Finale","Night Terror"],"picked":"Phantasmal Killer"},{"not_picked":["Poisoned Stab","Cloak And Dagger"],"picked":"Dagger Throw"},{"not_picked":["Expertise","Caltrops"],"picked":"Terror"},{"not_picked":["Dagger Spray","Poisoned Stab"],"picked":"Tools of the Trade"},{"not_picked":["Prepared","Underhanded Strike"],"picked":"Dash"},{"not_picked":["PiercingWail","Acrobatics"],"picked":"Malaise"},{"not_picked":["Reflex","Deadly Poison"],"picked":"Flying Knee"},{"not_picked":["Backstab","Deflect"],"picked":"Expertise"},{"not_picked":["Reflex","Prepared"],"picked":"Choke"},{"not_picked":["Dagger Spray","Bouncing Flask"],"picked":"Footwork"}],"player_experience":1010041,"potions_floor_usage":[8],"damage_taken":[{"damage":2,"enemies":"2 Louse","floor":1,"turns":2},{"damage":2,"enemies":"Small Slimes","floor":4,"turns":4},{"damage":2,"enemies":"Jaw Worm","floor":5,"turns":3},{"damage":16,"enemies":"Gremlin Nob","floor":8,"turns":4},{"damage":2,"enemies":"Large Slime","floor":12,"turns":6},{"damage":18,"enemies":"Slime Boss","floor":16,"turns":12},{"damage":2,"enemies":"Shell Parasite","floor":18,"turns":6},{"damage":8,"enemies":"Chosen","floor":19,"turns":7},{"damage":14,"enemies":"Snecko","floor":22,"turns":5},{"damage":14,"enemies":"Slavers","floor":28,"turns":4},{"damage":0,"enemies":"3 Cultists","floor":29,"turns":3},{"damage":18,"enemies":"Book of Stabbing","floor":31,"turns":4},{"damage":42,"enemies":"Automaton","floor":33,"turns":9},{"damage":13,"enemies":"3 Darklings","floor":35,"turns":6},{"damage":0,"enemies":"3 Shapes","floor":38,"turns":4},{"damage":0,"enemies":"Maw","floor":39,"turns":8},{"damage":9,"enemies":"Sphere and 2 Shapes","floor":46,"turns":4},{"damage":4,"enemies":"Nemesis","floor":47,"turns":6},{"damage":44,"enemies":"Awakened One","floor":50,"turns":9}],"event_choices":[{"event_name":"World of Goop","player_choice":"Gather Gold","floor":3,"damage_taken":0},{"event_name":"Golden Wing","player_choice":"Gained Gold","floor":7,"damage_taken":0},{"event_name":"Golden Shrine","player_choice":"Pray","floor":14,"damage_taken":0},{"event_name":"Vampires","player_choice":"Became a vampire (Vial)","floor":20,"damage_taken":0},{"event_name":"Forgotten Altar","player_choice":"Shed Blood","floor":24,"damage_taken":0},{"event_name":"Winding Halls","player_choice":"Embrace Madness","floor":37,"damage_taken":0},{"event_name":"Golden Shrine","player_choice":"Pray","floor":44,"damage_taken":0}],"boss_relics":[{"not_picked":["Lizard Tail","Black Star"],"picked":"Sozu"},{"not_picked":["Cursed Key","Tiny House"],"picked":"Orrery"}],"potions_floor_spawned":[1,8,29,31,33,35],"seed_played":"6841108829090733999","ascension_level":0,"is_trial":false}