{"path_per_floor":["M","$","?","M","M","R","M","R","T","M","R","?","M","M","R","B",null,"M","?","?","?","?","R","M","M","T","M","R","M","$","M","R","B",null,"M","M","M","?","M","R","?","M","T","M","R","M","M","?","R","B"],"character_chosen":"THE_SILENT","items_purchased":["Bouncing Flask"],"gold_per_floor":[110,2,2,18,28,28,43,43,43,61,61,61,81,93,93,168,168,168,168,168,168,168,168,168,168,168,168,168,168,68,68,68,68,68,68,68,68,0,0,0,0,0,0,0,0,0,0,0,0,0],"floor_reached":51,"campfire_rested":4,"playtime":2653,"current_hp_per_floor":[58,58,63,56,47,47,21,21,21,21,41,34,34,20,20,18,56,56,56,56,56,56,56,56,56,56,56,56,49,49,49,49,45,62,50,27,20,20,20,40,40,26,26,22,42,39,39,39,59,7],"items_purged":["Parasite","Strike_G"],"gold":0,"score":810,"play_id":"b07003bc-28f2-46f9-af7d-affc50239327","is_prod":false,"is_daily":false,"is_ascension_mode":true,"campfire_upgraded":6,"path_taken":["BOSS","M","$","?","?","M","R","M","R","T","M","R","?","M","M","R","BOSS","M","?","?","?","?","R","M","M","T","M","R","M","?","?","R","BOSS","M","M","?","?","M","R","?","M","T","M","R","M","M","?","R","BOSS"],"build_version":"2018-02-12-PROD1","purchased_purges":2,"victory":true,"master_deck":["Defend_G+1","Defend_G+1","Defend_G+1","Defend_G+1","Defend_G+1","Survivor","Neutralize+1","Cloak And Dagger+1","Bouncing Flask","Accuracy","Backflip","Flying Knee+1","Acrobatics","Footwork+1","Tactician+1","Dodge and Roll+1","Catalyst+1","Escape Plan","Footwork","Noxious Fumes+1","Dagger Throw+1","Envenom+1","Slice+1","Backflip","Cloak And Dagger+1","Accuracy","Dodge and Roll+1"],"max_hp_per_floor":[66,63,68,68,68,68,68,68,68,68,68,68,68,68,68,68,68,68,68,68,68,68,68,68,68,68,68,68,68,68,68,68,68,68,68,68,68,68,68,68,68,68,68,68,68,68,68,68,68,68],"relics":["Runic Pyramid","Tough Bandages","Ectoplasm","Whetstone","Astrolabe","Red Mask","Ice Cream"],"card_choices":[{"not_picked":["Bane","Malaise"],"picked":"Cloak And Dagger"},{"not_picked":["Acrobatics","Dodge and Roll"],"picked":"Accuracy"},{"not_picked":["Dagger Spray","PiercingWail"],"picked":"Backflip"},{"not_picked":["Poisoned Stab","Blur"],"picked":"Flying Knee"},{"not_picked":["Finisher","Slice"],"picked":"Acrobatics"},{"not_picked":["Outmaneuver","Calculated Gamble"],"picked":"Footwork"},{"not_picked":["After Image","Wraith Form"],"picked":"Tactician"},{"not_picked":["Bouncing Flask","Leg Sweep"],"picked":"Dodge and Roll"},{"not_picked":["Slice","Well Laid Plans"],"picked":"Escape Plan"},{"not_picked":["Underhanded Strike","Glass Knife"],"picked":"Footwork"},{"not_picked":["Malaise","Prepared"],"picked":"Noxious Fumes"},{"not_picked":["Flying Knee","PiercingWail"],"picked":"Backflip"},{"not_picked":["Eviscerate","Dodge and Roll"],"picked":"Predator"},{"not_picked":["Caltrops","Footwork"],"picked":"Cloak And Dagger"},{"not_picked":["Underhanded Strike","Quick Slash"],"picked":"Accuracy"},{"not_picked":["Well Laid Plans","Dagger Throw"],"picked":"Dodge and Roll"}],"player_experience":1165267,"potions_floor_usage":[7,16,27,33,42,42,50,50],"damage_taken":[{"damage":1,"enemies":"Jaw Worm","floor":1,"turns":6},{"damage":7,"enemies":"Small Slimes","floor":4,"turns":4},{"damage":9,"enemies":"2 Louse","floor":5,"turns":3},{"damage":26,"enemies":"Gremlin Gang","floor":7,"turns":7},{"damage":0,"enemies":"Large Slime","floor":10,"turns":7},{"damage":0,"enemies":"2 Fungi Beasts","floor":13,"turns":4},{"damage":14,"enemies":"Red Slaver","floor":14,"turns":5},{"damage":2,"enemies":"The Guardian","floor":16,"turns":10},{"damage":0,"enemies":"Shell Parasite","floor":18,"turns":6},{"damage":0,"enemies":"3 Byrds","floor":24,"turns":6},{"damage":0,"enemies":"Centurion and Healer","floor":25,"turns":9},{"damage":0,"enemies":"Cultist and Chosen","floor":27,"turns":8},{"damage":7,"enemies":"Snake Plant","floor":29,"turns":4},{"damage":0,"enemies":"Snecko","floor":31,"turns":5},{"damage":4,"enemies":"Collector","floor":33,"turns":10},{"damage":12,"enemies":"Orb Walker","floor":35,"turns":7},{"damage":23,"enemies":"3 Shapes","floor":36,"turns":6},{"damage":7,"enemies":"Sphere and 2 Shapes","floor":37,"turns":8},{"damage":0,"enemies":"Maw","floor":39,"turns":8},{"damage":14,"enemies":"3 Darklings","floor":42,"turns":6},{"damage":4,"enemies":"Sphere and 2 Shapes","floor":44,"turns":9},{"damage":3,"enemies":"4 Shapes","floor":46,"turns":7},{"damage":0,"enemies":"3 Darklings","floor":47,"turns":5},{"damage":52,"enemies":"Donu and Deca","floor":50,"turns":13}],"event_choices":[{"event_name":"Big Fish","player_choice":"Donut","floor":3,"damage_taken":0},{"event_name":"Golden Wing","player_choice":"Card Removal","floor":12,"damage_taken":0},{"event_name":"The Mausoleum","player_choice":"No","floor":19,"damage_taken":0},{"event_name":"Cursed Tome","player_choice":"Ignored","floor":20,"damage_taken":0},{"event_name":"The Library","player_choice":"Read","floor":21,"damage_taken":0},{"event_name":"Back to Basics","player_choice":"Simplicity","floor":22,"damage_taken":0},{"event_name":"Tomb of Lord Red Mask","player_choice":"Paid","floor":38,"damage_taken":0},{"event_name":"Mysterious Sphere","player_choice":"Ignore","floor":41,"damage_taken":0}],"boss_relics":[{"not_picked":["Eternal Feather","Orrery"],"picked":"Ectoplasm"},{"not_picked":["The Specimen","Black Star"],"picked":"Astrolabe"}],"potions_floor_spawned":[4,7,14,24,25,36,39,47],"seed_played":"140268028179906903","ascension_level":14,"is_trial":false}