{"path_per_floor":["M","M","?","?","?","R","M","$","T","M","?","M","R","M","R","B",null,"M","M","M","M","?","E","R","?","T","?","R","$","E","M","R","B",null,"M","M","$","M","?","R","M","R","T","M","M","?","?","M","R","B"],"character_chosen":"THE_SILENT","items_purchased":["Footwork","Panache"],"gold_per_floor":[113,127,127,127,127,127,150,37,37,52,52,73,73,87,87,216,216,231,254,269,289,289,320,320,320,320,320,320,45,88,108,108,237,237,255,270,145,164,164,164,178,178,178,202,215,215,0,15,15,15],"floor_reached":51,"campfire_rested":0,"playtime":3299,"current_hp_per_floor":[62,62,55,48,33,33,33,33,33,33,33,33,33,33,33,30,63,63,63,59,55,55,55,55,55,55,55,55,55,55,55,55,46,63,63,63,63,63,63,63,63,63,63,63,63,63,63,63,63,63],"items_purged":["Strike_G","Survivor","Defend_G"],"gold":15,"score":606,"play_id":"f8ca427d-cdad-4ae6-b0af-b828f51f6d01","is_prod":false,"is_daily":false,"is_ascension_mode":false,"campfire_upgraded":9,"path_taken":["M","M","?","?","?","R","M","$","T","M","?","M","R","M","R","BOSS","M","M","?","M","?","E","R","?","T","?","R","$","E","M","R","BOSS","M","M","$","M","?","R","M","R","T","M","M","?","?","M","R","BOSS"],"build_version":"2018-02-15-PROD1","purchased_purges":3,"victory":true,"master_deck":["Defend_G+1","Defend_G+1","Defend_G+1","Defend_G+1","Neutralize+1","Flechettes+1","Footwork+1","Deflect","Footwork+1","Burst+1","Deflect","Acrobatics+1","Dodge and Roll","Blur","Backflip+1","Panache+1","Outmaneuver+1","Escape Plan","Escape Plan","Blur+1"],"max_hp_per_floor":[63,63,63,63,63,63,63,63,63,63,63,63,63,63,63,63,63,63,63,63,63,63,63,63,63,63,63,63,63,63,63,63,63,63,63,63,63,63,63,63,63,63,63,63,63,63,63,63,63,63],"relics":["Ring of the Snake","Pen Nib","Golden Idol","Gambling Chip","Question Card","Torii","Ice Cream","Lantern","Runic Dome","Ninja Scroll","Red Mask"],"card_choices":[{"not_picked":["Deflect","Dagger Throw"],"picked":"Flechettes"},{"not_picked":["Poisoned Stab","Blur"],"picked":"Footwork"},{"not_picked":["Underhanded Strike","Dagger Spray"],"picked":"Deflect"},{"not_picked":["Choke","Catalyst"],"picked":"Burst"},{"not_picked":["Cloak And Dagger","Sucker Punch"],"picked":"Acrobatics"},{"not_picked":["Deadly Poison","Riddle With Holes","Deflect"],"picked":"Dodge and Roll"},{"not_picked":["Dash","Deflect","Poisoned Stab"],"picked":"Terror"},{"not_picked":["Bouncing Flask","Envenom","Predator"],"picked":"Blur"},{"not_picked":["Masterful Stab","Dodge and Roll","Concentrate"],"picked":"Outmaneuver"},{"not_picked":["Dodge and Roll","Sucker Punch","Footwork"],"picked":"Escape Plan"},{"not_picked":["Eviscerate","Catalyst","Deadly Poison"],"picked":"Escape Plan"},{"not_picked":["Skewer","Dagger Throw","Accuracy"],"picked":"Blur"}],"player_experience":1251688,"potions_floor_usage":[23,23,23,50,50],"damage_taken":[{"damage":1.0,"enemies":"Cultist","floor":1.0,"turns":4.0},{"damage":0.0,"enemies":"Jaw Worm","floor":2.0,"turns":4.0},{"damage":0.0,"enemies":"2 Louse","floor":7.0,"turns":4.0},{"damage":0.0,"enemies":"Blue Slaver","floor":10.0,"turns":4.0},{"damage":0.0,"enemies":"Looter","floor":12.0,"turns":5.0},{"damage":0.0,"enemies":"Exordium Wildlife","floor":14.0,"turns":5.0},{"damage":3.0,"enemies":"The Guardian","floor":16.0,"turns":13.0},{"damage":0.0,"enemies":"Shell Parasite","floor":18.0,"turns":8.0},{"damage":0.0,"enemies":"3 Byrds","floor":19.0,"turns":9.0},{"damage":4.0,"enemies":"Centurion and Healer","floor":20.0,"turns":14.0},{"damage":4.0,"enemies":"Sentry and Sphere","floor":21.0,"turns":13.0},{"damage":0,"enemies":"Slavers","floor":23,"turns":10},{"damage":0,"enemies":"Gremlin Leader","floor":30,"turns":7},{"damage":0,"enemies":"3 Cultists","floor":31,"turns":4},{"damage":9,"enemies":"Automaton","floor":33,"turns":16},{"damage":0,"enemies":"Orb Walker","floor":35,"turns":4},{"damage":0,"enemies":"3 Shapes","floor":36,"turns":5},{"damage":0,"enemies":"Sphere and 2 Shapes","floor":38,"turns":5},{"damage":0,"enemies":"3 Darklings","floor":41,"turns":4},{"damage":0,"enemies":"4 Shapes","floor":44,"turns":3},{"damage":0,"enemies":"Maw","floor":45,"turns":5},{"damage":0,"enemies":"Sphere and 2 Shapes","floor":48,"turns":3},{"damage":0,"enemies":"Awakened One","floor":50,"turns":19}],"event_choices":[{"event_name":"Golden Wing","player_choice":"Card Removal","floor":3.0,"damage_taken":0.0},{"event_name":"Scrap Ooze","player_choice":"success","floor":4.0,"damage_taken":7.0},{"event_name":"Golden Idol","player_choice":"Take Damage","floor":5.0,"damage_taken":0.0},{"event_name":"Transmorgrifier","player_choice":"Transform","floor":11.0,"damage_taken":0.0},{"event_name":"Back to Basics","player_choice":"Simplicity","floor":22.0,"damage_taken":0.0},{"event_name":"The Library","player_choice":"Read","floor":25,"damage_taken":0},{"event_name":"Vampires","player_choice":"Ignored","floor":27,"damage_taken":0},{"event_name":"Accursed Blacksmith","player_choice":"Ignore","floor":39,"damage_taken":0},{"event_name":"Tomb of Lord Red Mask","player_choice":"Paid","floor":47,"damage_taken":0}],"boss_relics":[{"not_picked":["Lizard Tail","Black Star"],"picked":"Runic Dome"}],"potions_floor_spawned":[7,10,14,16,18,23,33,41,45],"seed_played":"3871492356078408063","ascension_level":0,"is_trial":false}