{"path_per_floor":["M","?","?","M","?","R","?","R","T","R","M","R","M","M","R","B",null,"M","M","$","M","$","R","$","R","T","M","M","R","E","M","R","B",null,"M","M","M","?","$","R","$","R","T","R","M","$","?","?","R","B"],"character_chosen":"THE_SILENT","items_purchased":["Acrobatics"],"gold_per_floor":[115,115,115,135,135,135,210,210,240,240,259,259,278,290,290,390,390,345,345,270,270,170,170,45,45,45,45,45,45,45,45,45,45,45,45,45,45,45,45,45,45,45,45,45,45,21,21,21,21,21],"floor_reached":51,"campfire_rested":1,"playtime":3178,"current_hp_per_floor":[70,58,58,58,63,63,52,52,52,52,52,52,52,52,52,47,75,73,73,73,72,72,72,72,72,72,69,69,69,68,66,66,52,75,74,72,71,62,62,62,62,62,62,62,58,58,58,58,75,61],"items_purged":["Strike_G","Strike_G","Strike_G"],"gold":21,"score":480,"play_id":"2e6d03d4-ee91-45b7-b440-c875d878bb62","is_prod":false,"is_daily":false,"is_ascension_mode":false,"campfire_upgraded":12,"path_taken":["M","?","?","M","?","R","?","R","T","R","?","R","M","M","R","BOSS","M","M","$","M","$","R","$","R","T","M","?","R","E","M","R","BOSS","M","M","M","?","?","R","$","R","T","R","M","?","?","?","R","BOSS"],"build_version":"2018-02-15-PROD1","purchased_purges":3,"victory":true,"master_deck":["Defend_G+1","Defend_G+1","Defend_G+1","Defend_G","Defend_G","Strike_G","Survivor+1","Neutralize+1","Quick Slash+1","Dagger Throw+1","Backflip+1","Flying Knee+1","Tools of the Trade+1","Caltrops+1","Doppelganger+1","Choke+1","Footwork+1","Endless Agony+1","Madness","Madness","Eviscerate+1","Acrobatics","Acrobatics+1"],"max_hp_per_floor":[70,70,70,70,75,75,75,75,75,75,75,75,75,75,75,75,75,75,75,75,75,75,75,75,75,75,75,75,75,75,75,75,75,75,75,75,75,75,75,75,75,75,75,75,75,75,75,75,75,75],"relics":["Ring of the Snake","Anchor","Tiny Chest","Ectoplasm","Gambling Chip","Dream Catcher","Philosopher\u0027s Stone","Juzu Bracelet"],"card_choices":[{"not_picked":["Caltrops","Reflex"],"picked":"Quick Slash"},{"not_picked":["Sucker Punch","Eviscerate"],"picked":"Dagger Throw"},{"not_picked":["Choke","Outmaneuver"],"picked":"Backflip"},{"not_picked":["Outmaneuver","Dagger Spray"],"picked":"Flying Knee"},{"not_picked":["Doppelganger","Night Terror"],"picked":"Tools of the Trade"},{"not_picked":["Dagger Spray","PiercingWail"],"picked":"Caltrops"},{"not_picked":["Storm of Steel","Night Terror"],"picked":"Doppelganger"},{"not_picked":["Skewer","Quick Slash"],"picked":"Choke"},{"not_picked":["Quick Slash","Dagger Spray"],"picked":"Footwork"},{"not_picked":["Deadly Poison","Quick Slash"],"picked":"Endless Agony"},{"not_picked":["Deflect","Sucker Punch"],"picked":"Eviscerate"},{"not_picked":["Prepared","Poisoned Stab"],"picked":"Acrobatics"}],"player_experience":1242776,"potions_floor_usage":[16,21,30,33,50],"damage_taken":[{"damage":0,"enemies":"2 Louse","floor":1,"turns":4},{"damage":0,"enemies":"Small Slimes","floor":4,"turns":4},{"damage":0,"enemies":"Jaw Worm","floor":11,"turns":3},{"damage":0,"enemies":"2 Fungi Beasts","floor":13,"turns":3},{"damage":0,"enemies":"Large Slime","floor":14,"turns":4},{"damage":5,"enemies":"Hexaghost","floor":16,"turns":10},{"damage":2,"enemies":"2 Thieves","floor":18,"turns":4},{"damage":0,"enemies":"3 Byrds","floor":19,"turns":5},{"damage":1,"enemies":"Snake Plant","floor":21,"turns":5},{"damage":3,"enemies":"Snecko","floor":27,"turns":4},{"damage":0,"enemies":"Centurion and Healer","floor":28,"turns":6},{"damage":1,"enemies":"Slavers","floor":30,"turns":5},{"damage":2,"enemies":"Cultist and Chosen","floor":31,"turns":5},{"damage":14,"enemies":"Automaton","floor":33,"turns":11},{"damage":1,"enemies":"3 Darklings","floor":35,"turns":10},{"damage":2,"enemies":"Orb Walker","floor":36,"turns":3},{"damage":1,"enemies":"3 Darklings","floor":37,"turns":4},{"damage":4,"enemies":"Maw","floor":45,"turns":7},{"damage":14,"enemies":"Awakened One","floor":50,"turns":12}],"event_choices":[{"event_name":"Scrap Ooze","player_choice":"success","floor":2,"damage_taken":12},{"event_name":"Liars Game","player_choice":"disagreed","floor":3,"damage_taken":0},{"event_name":"Big Fish","player_choice":"Donut","floor":5,"damage_taken":0},{"event_name":"World of Goop","player_choice":"Gather Gold","floor":7,"damage_taken":0},{"event_name":"Winding Halls","player_choice":"Embrace Madness","floor":38,"damage_taken":0},{"event_name":"Accursed Blacksmith","player_choice":"Forge","floor":47,"damage_taken":0},{"event_name":"Mysterious Sphere","player_choice":"Ignore","floor":48,"damage_taken":0}],"boss_relics":[{"not_picked":["Tiny House","The Specimen"],"picked":"Ectoplasm"},{"not_picked":["Snecko Eye","Calling Bell"],"picked":"Philosopher\u0027s Stone"}],"potions_floor_spawned":[1,13,14,30,31,33],"seed_played":"-205980227989714234","ascension_level":0,"is_trial":false}