{"path_per_floor":["M","M","?","M","$","R","?","R","T","M","E","M","M","$","R","B",null,"M","?","M","$","M","R","M","R","T","R","$","E","R","?","R","B",null,"M","M","?","?","$","R","M","M","T","M","M","R","?","$","R","B"],"character_chosen":"THE_SILENT","items_purchased":["Backflip","Well Laid Plans","Footwork","Dexterity Potion"],"gold_per_floor":[111,127,127,145,70,70,145,145,145,160,188,204,224,31,31,127,127,137,137,152,81,101,101,112,112,112,112,112,142,142,67,67,165,165,180,198,198,198,73,73,85,99,99,115,129,129,129,81,81,81],"floor_reached":51,"campfire_rested":3,"playtime":2584,"current_hp_per_floor":[70,66,52,52,52,52,41,62,62,62,42,39,38,38,59,52,70,64,64,64,64,64,64,64,64,64,64,64,64,64,64,64,61,70,70,67,67,67,67,67,67,67,67,67,53,53,53,53,70,70],"items_purged":["Strike_G","Strike_G","Strike_G"],"gold":81,"score":542,"play_id":"95a96242-7d81-4c86-b2c8-4f83b5f841e7","is_prod":false,"is_daily":false,"is_ascension_mode":false,"campfire_upgraded":8,"path_taken":["M","M","?","M","$","R","?","R","T","M","E","M","?","$","R","BOSS","M","?","?","$","M","R","M","R","T","R","$","E","R","?","R","BOSS","M","M","?","?","?","R","M","M","T","M","?","R","?","$","R","BOSS"],"build_version":"2018-02-08-PROD1","purchased_purges":3,"victory":true,"master_deck":["Defend_G","Defend_G","Defend_G","Defend_G","Defend_G","Strike_G+1","Survivor","Neutralize+1","Flying Knee+1","Quick Slash+1","Quick Slash+1","Deflect","Escape Plan","Flying Knee+1","Backflip+1","Well Laid Plans+1","A Thousand Cuts+1","Footwork+1","Expertise+1","Backflip+1","Clumsy","Deflect+1","Decay"],"max_hp_per_floor":[70,70,70,70,70,70,70,70,70,70,70,70,70,70,70,70,70,70,70,70,70,70,70,70,70,70,70,70,70,70,70,70,70,70,70,70,70,70,70,70,70,70,70,70,70,70,70,70,70,70],"relics":["Ring of the Snake","Dream Catcher","Sundial","Ornamental Fan","Cursed Key","Vajra","Calipers","Philosopher\u0027s Stone","Unceasing Top"],"card_choices":[{"not_picked":["Acrobatics","Bouncing Flask"],"picked":"Flying Knee"},{"not_picked":["Setup","Prepared"],"picked":"Quick Slash"},{"not_picked":["All Out Attack","Expertise"],"picked":"Quick Slash"},{"not_picked":["Sucker Punch","Bane"],"picked":"Deflect"},{"not_picked":["Leg Sweep","Underhanded Strike"],"picked":"Escape Plan"},{"not_picked":["Deadly Poison","Expertise"],"picked":"Flying Knee"},{"not_picked":["Calculated Gamble","Slice"],"picked":"A Thousand Cuts"},{"not_picked":["Bane","Flying Knee"],"picked":"Expertise"},{"not_picked":["Deadly Poison","Bane"],"picked":"Backflip"},{"not_picked":["Noxious Fumes","Well Laid Plans"],"picked":"Deflect"}],"player_experience":1018875,"potions_floor_usage":[13,16,18,18,24,33,33,44,50,50,50],"damage_taken":[{"damage":0,"enemies":"Jaw Worm","floor":1,"turns":5},{"damage":4,"enemies":"Cultist","floor":2,"turns":5},{"damage":0,"enemies":"Small Slimes","floor":4,"turns":3},{"damage":0,"enemies":"3 Louse","floor":10,"turns":3},{"damage":20,"enemies":"Gremlin Nob","floor":11,"turns":4},{"damage":3,"enemies":"Large Slime","floor":12,"turns":8},{"damage":1,"enemies":"Exordium Thugs","floor":13,"turns":3},{"damage":7,"enemies":"Slime Boss","floor":16,"turns":10},{"damage":6,"enemies":"2 Thieves","floor":18,"turns":3},{"damage":0,"enemies":"3 Byrds","floor":20,"turns":5},{"damage":0,"enemies":"Centurion and Healer","floor":22,"turns":7},{"damage":0,"enemies":"Cultist and Chosen","floor":24,"turns":8},{"damage":0,"enemies":"Gremlin Leader","floor":29,"turns":7},{"damage":3,"enemies":"Champ","floor":33,"turns":9},{"damage":0,"enemies":"3 Shapes","floor":35,"turns":3},{"damage":3,"enemies":"3 Darklings","floor":36,"turns":3},{"damage":0,"enemies":"4 Shapes","floor":41,"turns":4},{"damage":0,"enemies":"Maw","floor":42,"turns":6},{"damage":0,"enemies":"Sphere and 2 Shapes","floor":44,"turns":3},{"damage":14,"enemies":"3 Darklings","floor":45,"turns":4},{"damage":11,"enemies":"Awakened One","floor":50,"turns":12}],"event_choices":[{"event_name":"Shining Light","player_choice":"Entered Light","floor":3,"damage_taken":0},{"event_name":"World of Goop","player_choice":"Gather Gold","floor":7,"damage_taken":0},{"event_name":"Vampires","player_choice":"Ignored","floor":19,"damage_taken":0},{"event_name":"Beggar","player_choice":"Gave Gold","floor":31,"damage_taken":0},{"event_name":"Tomb of Lord Red Mask","player_choice":"Ignored","floor":37,"damage_taken":0},{"event_name":"Accursed Blacksmith","player_choice":"Forge","floor":38,"damage_taken":0},{"event_name":"Mysterious Sphere","player_choice":"Ignore","floor":47,"damage_taken":0}],"boss_relics":[{"not_picked":["Orrery","Tiny House"],"picked":"Cursed Key"},{"not_picked":["Question Card","Calling Bell"],"picked":"Philosopher\u0027s Stone"}],"potions_floor_spawned":[4,12,13,16,18,20,22,29,35,45],"seed_played":"1316870877313830987","ascension_level":0,"is_trial":false}