{"path_per_floor":["M","?","M","?","M","R","M","M","T","R","?","R","E","M","R","B",null,"M","M","M","?","T","E","R","T","T","R","M","?","M","$","R","B",null,"M","?","M","?","M","R","M","M","T","R","M","R","M","?","R","B"],"character_chosen":"THE_SILENT","items_purchased":[],"gold_per_floor":[99,55,55,55,55,55,55,55,55,55,55,55,55,55,55,55,55,0,0,0,0,0,0,0,0,0,0,0,0,0,0,0,0,0,0,0,0,0,0,0,0,0,0,0,0,0,0,0,0,0],"floor_reached":51,"campfire_rested":5,"playtime":1957,"current_hp_per_floor":[70,70,68,68,68,68,57,47,47,47,70,70,61,61,61,33,70,57,52,44,44,44,27,27,27,27,48,47,47,47,47,68,24,70,70,70,70,70,55,55,54,43,43,64,58,70,68,59,70,30],"items_purged":[],"gold":0,"score":572,"play_id":"7abc7006-ea1d-413e-8e23-072ace12f802","is_prod":false,"is_daily":false,"is_ascension_mode":false,"campfire_upgraded":6,"path_taken":["M","?","M","?","?","R","M","?","T","R","?","R","E","M","R","BOSS","M","?","M","?","?","E","R","?","T","R","M","?","?","$","R","BOSS","M","?","M","?","?","R","M","M","T","R","M","R","M","?","R","BOSS"],"build_version":"2018-02-12-PROD1","purchased_purges":0,"victory":true,"master_deck":["Defend_G","Defend_G","Defend_G","Defend_G","Strike_G+1","Strike_G","Strike_G+1","Strike_G","Survivor","Neutralize+1","Backflip","Dagger Spray+1","Cloak And Dagger+1","Cloak And Dagger+1","Escape Plan","A Thousand Cuts+1","Injury","Dash+1","Dash","Cloak And Dagger+1","Burst+1","Acrobatics+1","Terror+1","Accuracy+1","Cloak And Dagger+1","Cloak And Dagger+1","Madness","Madness"],"max_hp_per_floor":[70,70,70,70,70,70,70,70,70,70,70,70,70,70,70,70,70,70,70,70,70,70,70,70,70,70,70,70,70,70,70,70,70,70,70,70,70,70,70,70,70,70,70,70,70,70,70,70,70,70],"relics":["Ectoplasm","Snake Skull","Bronze Scales","Sozu","Orichalcum","Ninja Scroll","Vajra","Nloth\u0027s Gift","Question Card","Red Mask","Shovel"],"card_choices":[{"not_picked":["Flying Knee","Dagger Throw"],"picked":"Backflip"},{"not_picked":["Crippling Poison","Bane"],"picked":"Dagger Spray"},{"not_picked":["Accuracy","Masterful Stab"],"picked":"Cloak And Dagger"},{"not_picked":["Deadly Poison","Dodge and Roll"],"picked":"Cloak And Dagger"},{"not_picked":["PiercingWail","Deflect"],"picked":"Escape Plan"},{"not_picked":["Die Die Die","Burst"],"picked":"A Thousand Cuts"},{"not_picked":["Acrobatics","Dagger Throw"],"picked":"Dash"},{"not_picked":["Outmaneuver","Catalyst"],"picked":"Dash"},{"not_picked":["Malaise","Dagger Spray"],"picked":"Cloak And Dagger"},{"not_picked":["Phantasmal Killer","Doppelganger"],"picked":"Burst"},{"not_picked":["Well Laid Plans","Quick Slash","Glass Knife"],"picked":"Acrobatics"},{"not_picked":["Prepared","Predator","Infinite Blades"],"picked":"Terror"},{"not_picked":["Prepared","Choke","Night Terror"],"picked":"Accuracy"},{"not_picked":["Underhanded Strike","Poisoned Stab","Quick Slash"],"picked":"Cloak And Dagger"},{"not_picked":["Flechettes","Sucker Punch","Eviscerate"],"picked":"Cloak And Dagger"}],"player_experience":1204356,"potions_floor_usage":[],"damage_taken":[{"damage":0,"enemies":"2 Louse","floor":1,"turns":3},{"damage":2,"enemies":"Small Slimes","floor":3,"turns":3},{"damage":0,"enemies":"Cultist","floor":5,"turns":5},{"damage":11,"enemies":"Exordium Thugs","floor":7,"turns":5},{"damage":10,"enemies":"Large Slime","floor":8,"turns":7},{"damage":9,"enemies":"Lagavulin","floor":13,"turns":8},{"damage":0,"enemies":"Exordium Wildlife","floor":14,"turns":2},{"damage":28,"enemies":"Hexaghost","floor":16,"turns":11},{"damage":13,"enemies":"2 Thieves","floor":18,"turns":3},{"damage":5,"enemies":"Spheric Guardian","floor":19,"turns":4},{"damage":8,"enemies":"Snake Plant","floor":20,"turns":5},{"damage":17,"enemies":"Book of Stabbing","floor":23,"turns":5},{"damage":1,"enemies":"3 Cultists","floor":28,"turns":4},{"damage":0,"enemies":"Centurion and Healer","floor":30,"turns":5},{"damage":44,"enemies":"Automaton","floor":33,"turns":8},{"damage":0,"enemies":"3 Shapes","floor":35,"turns":5},{"damage":0,"enemies":"Orb Walker","floor":37,"turns":2},{"damage":15,"enemies":"Sphere and 2 Shapes","floor":39,"turns":4},{"damage":1,"enemies":"4 Shapes","floor":41,"turns":5},{"damage":11,"enemies":"Maw","floor":42,"turns":6},{"damage":6,"enemies":"Sphere and 2 Shapes","floor":45,"turns":4},{"damage":2,"enemies":"4 Shapes","floor":47,"turns":5},{"damage":40,"enemies":"Awakened One","floor":50,"turns":12}],"event_choices":[{"event_name":"World of Goop","player_choice":"Left","floor":2,"damage_taken":0},{"event_name":"Living Wall","player_choice":"Forget","floor":4,"damage_taken":0},{"event_name":"Big Fish","player_choice":"Banana","floor":11,"damage_taken":0},{"event_name":"Accursed Blacksmith","player_choice":"Forge","floor":21,"damage_taken":0},{"event_name":"N\u0027loth","player_choice":"Traded a Whetstone","floor":29,"damage_taken":0},{"event_name":"Tomb of Lord Red Mask","player_choice":"Paid","floor":36,"damage_taken":0},{"event_name":"Winding Halls","player_choice":"Embrace Madness","floor":48,"damage_taken":0}],"boss_relics":[{"not_picked":["Snecko Eye","Pandora\u0027s Box"],"picked":"Sozu"},{"not_picked":["The Specimen","Black Star"],"picked":"Question Card"}],"potions_floor_spawned":[3,8,13,18,19,28,35,37,42],"seed_played":"1238576810646538515","ascension_level":0,"is_trial":false}