{"path_per_floor":["M","?","$","?","?","R","M","R","T","M","M","M","?","?","R","B",null,"M","?","$","?","$","R","?","E","T","M","R","M","R","M","R"],"character_chosen":"THE_SILENT","items_purchased":["Footwork","Regal Pillow"],"gold_per_floor":[111,111,31,106,106,106,122,122,122,142,157,176,176,276,276,378,378,397,322,93,8,8,8,8,40,40,57,57,71,71,89,89],"floor_reached":33,"campfire_rested":2,"playtime":1380,"current_hp_per_floor":[69,69,69,58,51,51,51,51,51,51,51,51,51,51,51,45,70,46,46,46,46,46,46,46,23,23,23,59,54,54,54,70],"items_purged":["Defend_G"],"gold":89,"score":253,"play_id":"e0273559-6dde-44bd-afe6-16bf54d133a8","is_prod":false,"is_daily":false,"is_ascension_mode":false,"campfire_upgraded":5,"path_taken":["M","?","$","?","?","R","M","R","T","M","?","M","?","?","R","BOSS","M","?","$","?","?","R","?","E","T","M","R","M","R","?","R","BOSS"],"build_version":"2018-02-08-PROD1","purchased_purges":1,"victory":false,"master_deck":["Defend_G+1","Defend_G+1","Defend_G+1","Survivor+1","Neutralize+1","Dagger Throw+1","Footwork+1","Slice+1","Flying Knee+1","Flying Knee+1","Eviscerate+1","Malaise+1","Acrobatics+1","Eviscerate+1","Expertise+1"],"max_hp_per_floor":[70,70,70,70,70,70,70,70,70,70,70,70,70,70,70,70,70,70,70,70,70,70,70,70,70,70,70,70,70,70,70,70],"relics":["White Beast Statue","Du-Vu Doll","Astrolabe","Regal Pillow","Anchor","Ancient Tea Set","Whetstone"],"card_choices":[{"not_picked":["Outmaneuver","Bane"],"picked":"Dagger Throw"},{"not_picked":["Prepared","Leg Sweep"],"picked":"Slice"},{"not_picked":["Quick Slash","Dagger Spray"],"picked":"Flying Knee"},{"not_picked":["Accuracy","Calculated Gamble"],"picked":"Flying Knee"},{"not_picked":["Acrobatics","Dagger Throw"],"picked":"Eviscerate"},{"not_picked":["Finisher","Eviscerate"],"picked":"Expertise"}],"player_experience":1025683,"potions_floor_usage":[16,16,16,18,25,29,33,33],"damage_taken":[{"damage":1,"enemies":"Jaw Worm","floor":1,"turns":6},{"damage":0,"enemies":"Blue Slaver","floor":7,"turns":5},{"damage":0,"enemies":"Small Slimes","floor":10,"turns":3},{"damage":0,"enemies":"2 Fungi Beasts","floor":11,"turns":4},{"damage":0,"enemies":"3 Louse","floor":12,"turns":3},{"damage":6,"enemies":"Slime Boss","floor":16,"turns":12},{"damage":24,"enemies":"Chosen","floor":18,"turns":8},{"damage":38,"enemies":"Gremlin Leader","floor":25,"turns":10},{"damage":0,"enemies":"Spheric Guardian","floor":27,"turns":3},{"damage":5,"enemies":"Slaver and Parasite","floor":29,"turns":7},{"damage":0,"enemies":"Snake Plant","floor":31,"turns":5},{"damage":78,"enemies":"Collector","floor":33,"turns":14}],"event_choices":[{"event_name":"Accursed Blacksmith","player_choice":"Forge","floor":2,"damage_taken":0},{"event_name":"World of Goop","player_choice":"Gather Gold","floor":4,"damage_taken":0},{"event_name":"Golden Wing","player_choice":"Card Removal","floor":5,"damage_taken":0},{"event_name":"Bonfire Elementals","player_choice":"BASIC","floor":13,"damage_taken":0},{"event_name":"Golden Shrine","player_choice":"Pray","floor":14,"damage_taken":0},{"event_name":"Beggar","player_choice":"Gave Gold","floor":19,"damage_taken":0},{"event_name":"Addict","player_choice":"Obtained Relic","floor":21,"damage_taken":0},{"event_name":"Back to Basics","player_choice":"Simplicity","floor":24,"damage_taken":0}],"boss_relics":[{"not_picked":["Tiny House","The Specimen"],"picked":"Astrolabe"}],"potions_floor_spawned":[1,7,10,11,12,16,18,25,27,29,31],"seed_played":"-6166460675063484129","killed_by":"Collector","ascension_level":0,"is_trial":false}