{"path_per_floor":["M","?","M","?","M","R","M","M","T","E","R","M","E","M","R","B",null,"M","$","?","$","?","R","M","M","T","M","$","R","E","M","R","B",null,"M","$","?","M","M","R","$","M","T","M","$","R","M","M","R","B"],"character_chosen":"THE_SILENT","items_purchased":["Backflip","Tactician"],"gold_per_floor":[117,217,230,230,245,245,262,282,282,308,308,323,349,369,369,470,470,489,363,363,263,263,263,280,299,326,343,55,55,85,105,105,201,201,215,65,115,127,137,137,137,149,172,187,12,12,22,35,35,35],"floor_reached":51,"campfire_rested":1,"playtime":3419,"current_hp_per_floor":[70,70,69,51,51,51,39,39,53,14,39,39,39,39,39,28,84,84,84,84,84,84,84,84,84,84,78,78,78,59,59,59,59,84,84,84,82,82,82,82,82,82,82,82,82,82,82,82,82,82],"items_purged":["Strike_G","Masterful Stab","Bane","Sucker Punch","Neutralize"],"gold":35,"score":658,"play_id":"562b39b0-78b8-4ce4-a724-40d0d30661ad","is_prod":false,"is_daily":false,"is_ascension_mode":false,"campfire_upgraded":8,"path_taken":["M","?","M","?","M","R","M","?","T","E","R","M","E","M","R","BOSS","M","?","?","?","?","R","M","M","T","M","$","R","E","M","R","BOSS","M","$","?","M","M","R","$","M","T","M","?","R","M","M","R","BOSS"],"build_version":"2018-02-08-PROD1","purchased_purges":6,"victory":true,"master_deck":["Defend_G+1","Defend_G+1","Defend_G+1","Defend_G+1","Defend_G+1","Survivor","Expertise+1","Backstab","Deflect","Concentrate+1","Flechettes+1","Acrobatics+1","Tools of the Trade+1","Wraith Form+1","Well Laid Plans+1","Backflip+1","Reflex+1","Tactician+1","After Image","Well Laid Plans+1"],"max_hp_per_floor":[70,70,70,70,70,70,70,70,84,84,84,84,84,84,84,84,84,84,84,84,84,84,84,84,84,84,84,84,84,84,84,84,84,84,84,84,84,84,84,84,84,84,84,84,84,84,84,84,84,84],"relics":["Ring of the Snake","Pen Nib","Mango","Sundial","Lantern","Astrolabe","Omamori","Juzu Bracelet","Orrery","Thread and Needle","Snake Skull"],"card_choices":[{"not_picked":["Choke","Setup"],"picked":"Sucker Punch"},{"not_picked":["Prepared","Slice"],"picked":"Expertise"},{"not_picked":["Sucker Punch","Deadly Poison"],"picked":"Backstab"},{"not_picked":["Quick Slash","Outmaneuver"],"picked":"Deflect"},{"not_picked":["Deadly Poison","Burst"],"picked":"Concentrate"},{"not_picked":["PiercingWail","Skewer"],"picked":"Flechettes"},{"not_picked":["PiercingWail","Sucker Punch"],"picked":"Acrobatics"},{"not_picked":["A Thousand Cuts","Glass Knife"],"picked":"Tools of the Trade"},{"not_picked":["Poisoned Stab","PiercingWail"],"picked":"Well Laid Plans"},{"not_picked":["PiercingWail","Dodge and Roll"],"picked":"Reflex"},{"not_picked":["Deadly Poison","Well Laid Plans"],"picked":"After Image"},{"not_picked":["PiercingWail","Flying Knee"],"picked":"Well Laid Plans"}],"player_experience":1139564,"potions_floor_usage":[12,13,13,16,33,50,50],"damage_taken":[{"damage":0,"enemies":"2 Louse","floor":1,"turns":5},{"damage":1,"enemies":"Cultist","floor":3,"turns":5},{"damage":0,"enemies":"Jaw Worm","floor":5,"turns":4},{"damage":12,"enemies":"Large Slime","floor":7,"turns":10},{"damage":0,"enemies":"Looter","floor":8,"turns":3},{"damage":39,"enemies":"Lagavulin","floor":10,"turns":9},{"damage":0,"enemies":"Exordium Thugs","floor":12,"turns":7},{"damage":0,"enemies":"Gremlin Nob","floor":13,"turns":2},{"damage":0,"enemies":"Lots of Slimes","floor":14,"turns":4},{"damage":11,"enemies":"The Guardian","floor":16,"turns":8},{"damage":0,"enemies":"Chosen","floor":18,"turns":5},{"damage":0,"enemies":"Spheric Guardian","floor":24,"turns":1},{"damage":0,"enemies":"3 Cultists","floor":25,"turns":3},{"damage":6,"enemies":"Sentry and Sphere","floor":27,"turns":4},{"damage":19,"enemies":"Slavers","floor":30,"turns":3},{"damage":0,"enemies":"Snecko","floor":31,"turns":4},{"damage":0,"enemies":"Champ","floor":33,"turns":6},{"damage":0,"enemies":"Orb Walker","floor":35,"turns":3},{"damage":2,"enemies":"Mysterious Sphere","floor":37,"turns":4},{"damage":0,"enemies":"3 Darklings","floor":38,"turns":2},{"damage":0,"enemies":"Maw","floor":39,"turns":4},{"damage":0,"enemies":"4 Shapes","floor":42,"turns":4},{"damage":0,"enemies":"Sphere and 2 Shapes","floor":44,"turns":4},{"damage":0,"enemies":"3 Darklings","floor":47,"turns":3},{"damage":0,"enemies":"Maw","floor":48,"turns":3},{"damage":0,"enemies":"Donu and Deca","floor":50,"turns":3}],"event_choices":[{"event_name":"Golden Shrine","player_choice":"Pray","floor":2,"damage_taken":0},{"event_name":"Scrap Ooze","player_choice":"success","floor":4,"damage_taken":18},{"event_name":"Back to Basics","player_choice":"Simplicity","floor":20,"damage_taken":0},{"event_name":"Vampires","player_choice":"Ignored","floor":22,"damage_taken":0},{"event_name":"Mysterious Sphere","player_choice":"Fight","floor":37,"damage_taken":0}],"boss_relics":[{"not_picked":["Eternal Feather","Tiny House"],"picked":"Astrolabe"},{"not_picked":["Black Star","Runic Dome"],"picked":"Orrery"}],"potions_floor_spawned":[5,7,10,14,27,31,33,37,42,47],"seed_played":"7124885112607831472","ascension_level":0,"is_trial":false}