{"path_per_floor":["M","$","?","M","M","R","M","?","T","R","E","?","M","?","R","B",null,"M","M","$","M","M","R","$","R","T","?","M","$","R","E","R","B",null,"M","$","?","M","$","R","?","R","T","M","M","M","R","M","R","B"],"character_chosen":"THE_SILENT","items_purchased":["Footwork"],"gold_per_floor":[112,37,37,50,62,62,74,74,74,74,108,108,124,199,199,298,298,312,329,150,168,188,188,63,63,63,63,80,80,80,109,109,207,207,219,69,0,17,17,17,17,17,47,57,74,94,94,112,112,112],"floor_reached":51,"campfire_rested":1,"playtime":18339,"current_hp_per_floor":[63,63,45,45,45,45,45,33,33,51,48,48,61,50,50,48,63,63,63,63,56,56,56,56,56,56,40,57,57,57,63,63,56,63,63,63,63,63,63,63,63,63,63,63,63,63,63,63,63,63],"items_purged":["Strike_G","Finisher","Strike_G","Defend_G"],"gold":112,"play_id":"37ad32d3-856e-42a6-bb14-4bc1e11960be","is_prod":false,"is_daily":false,"is_ascension_mode":false,"campfire_upgraded":10,"path_taken":["M","$","?","M","M","R","M","?","T","R","E","?","M","?","R","BOSS","M","M","$","M","?","R","$","R","T","?","M","$","R","E","R","BOSS","M","$","?","M","$","R","?","R","T","M","M","M","R","M","R","BOSS"],"build_version":"2018-02-01-PROD3","purchased_purges":4,"victory":true,"master_deck":["Defend_G+1","Defend_G+1","Defend_G+1","Defend_G","Survivor+1","Neutralize+1","Glass Knife+1","Poisoned Stab+1","Leg Sweep+1","Envenom+1","PiercingWail","A Thousand Cuts+1","Infinite Blades+1","Catalyst+1","Dodge and Roll+1","Footwork+1","Footwork+1","Backflip+1","Backflip+1","Adrenaline+1","Adrenaline+1","Dodge and Roll+1","Deflect+1"],"max_hp_per_floor":[63,63,63,63,63,63,63,63,63,63,63,63,63,63,63,63,63,63,63,63,63,63,63,63,63,63,63,63,63,63,63,63,63,63,63,63,63,63,63,63,63,63,63,63,63,63,63,63,63,63],"relics":["Ring of the Snake","Calipers","Blue Candle","Torii","Frozen Egg 2","Astrolabe","Bird Faced Urn","Nilry\u0027s Codex","Prayer Wheel","Eternal Feather","Red Mask","Tiny Chest"],"card_choices":[{"not_picked":["Deadly Poison","Crippling Poison"],"picked":"Glass Knife"},{"not_picked":["Dagger Spray","Prepared"],"picked":"Poisoned Stab"},{"not_picked":["Prepared","Poisoned Stab"],"picked":"Leg Sweep"},{"not_picked":["Deflect","Distraction"],"picked":"Envenom"},{"not_picked":["Deadly Poison","Dagger Spray"],"picked":"PiercingWail"},{"not_picked":["Tactician","Grand Finale"],"picked":"A Thousand Cuts"},{"not_picked":["Caltrops","Finisher"],"picked":"Dodge and Roll"},{"not_picked":["Flying Knee","Sucker Punch"],"picked":"Footwork"},{"not_picked":["Slice","Flying Knee"],"picked":"Backflip"},{"not_picked":["Blur","Underhanded Strike"],"picked":"Backflip"},{"not_picked":["Outmaneuver","Dodge and Roll"],"picked":"Adrenaline"},{"not_picked":["Envenom","Burst"],"picked":"Adrenaline"},{"not_picked":["Underhanded Strike","Acrobatics"],"picked":"Dodge and Roll"},{"not_picked":["Dash","Sucker Punch"],"picked":"Deflect"}],"player_experience":942969,"potions_floor_usage":[13,19,21,22,31,46,50,50,50],"damage_taken":[{"damage":0,"enemies":"Cultist","floor":1,"turns":3},{"damage":0,"enemies":"Small Slimes","floor":4,"turns":4},{"damage":0,"enemies":"Jaw Worm","floor":5,"turns":2},{"damage":0,"enemies":"3 Louse","floor":7,"turns":3},{"damage":3,"enemies":"Lagavulin","floor":11,"turns":6},{"damage":2,"enemies":"Gremlin Gang","floor":13,"turns":6},{"damage":2,"enemies":"Slime Boss","floor":16,"turns":13},{"damage":0,"enemies":"3 Byrds","floor":18,"turns":5},{"damage":0,"enemies":"Shell Parasite","floor":19,"turns":7},{"damage":7,"enemies":"Snake Plant","floor":21,"turns":7},{"damage":0,"enemies":"Snecko","floor":22,"turns":4},{"damage":1,"enemies":"Centurion and Healer","floor":28,"turns":13},{"damage":1,"enemies":"Book of Stabbing","floor":31,"turns":8},{"damage":13,"enemies":"Collector","floor":33,"turns":10},{"damage":0,"enemies":"Orb Walker","floor":35,"turns":5},{"damage":0,"enemies":"3 Shapes","floor":38,"turns":7},{"damage":0,"enemies":"Maw","floor":44,"turns":10},{"damage":1,"enemies":"3 Darklings","floor":45,"turns":4},{"damage":0,"enemies":"Sphere and 2 Shapes","floor":46,"turns":6},{"damage":0,"enemies":"Maw","floor":48,"turns":8},{"damage":0,"enemies":"Awakened One","floor":50,"turns":22}],"event_choices":[{"event_name":"Scrap Ooze","player_choice":"success","floor":3,"damage_taken":18},{"event_name":"Shining Light","player_choice":"Entered Light","floor":8,"damage_taken":0},{"event_name":"Accursed Blacksmith","player_choice":"Forge","floor":12,"damage_taken":0},{"event_name":"World of Goop","player_choice":"Gather Gold","floor":14,"damage_taken":0},{"event_name":"Cursed Tome","player_choice":"Obtained Book","floor":27,"damage_taken":0},{"event_name":"Tomb of Lord Red Mask","player_choice":"Paid","floor":37,"damage_taken":0},{"event_name":"Mysterious Sphere","player_choice":"Ignore","floor":41,"damage_taken":0}],"boss_relics":[{"not_picked":["Black Star","Calling Bell"],"picked":"Astrolabe"},{"not_picked":["Question Card","Runic Pyramid"],"picked":"Eternal Feather"}],"potions_floor_spawned":[1,7,11,16,18,19,28,38,46],"seed_played":"3248817126697742733","ascension_level":0,"is_trial":false}