{"path_per_floor":["M","$","M","M","?","R","E","R","T","R","E","M","E","M","R","B",null,"M","M","T","M","M","R","M","$","T","R","?","?","R","M","R","B",null,"M","$","M","M","M","R","$","R","T","?","M","M","R","?","R","B"],"character_chosen":"THE_SILENT","items_purchased":["Infinite Blades","Vajra"],"gold_per_floor":[111,2,15,29,29,29,57,57,57,57,88,103,135,151,151,252,252,241,260,315,327,347,347,361,105,190,190,105,105,105,116,116,212,212,222,97,116,134,144,144,144,144,144,144,154,166,166,0,0,0],"floor_reached":51,"campfire_rested":3,"playtime":2327,"current_hp_per_floor":[67,67,67,66,66,66,55,55,55,55,62,62,68,68,68,55,84,73,62,62,53,51,51,50,50,50,50,50,50,75,60,84,82,84,78,78,71,70,69,69,69,69,69,69,68,68,68,68,84,8],"items_purged":["Defend_G","Strike_G","Strike_G"],"gold":0,"score":519,"play_id":"dcb29686-780d-4b9f-a198-87c375ce8ea5","is_prod":false,"is_daily":false,"is_ascension_mode":false,"campfire_upgraded":9,"path_taken":["M","?","M","M","?","R","E","R","T","R","E","?","E","M","R","BOSS","M","M","?","M","M","R","M","$","T","R","?","?","R","M","R","BOSS","M","$","M","M","?","R","?","R","T","?","M","?","R","?","R","BOSS"],"build_version":"2018-02-22-PROD2","purchased_purges":3,"victory":true,"master_deck":["Defend_G+1","Defend_G+1","Defend_G+1","Defend_G","Strike_G","Strike_G","Survivor+1","Neutralize+1","Quick Slash+1","Infinite Blades","Infinite Blades","Leg Sweep+1","Venomology+1","Cloak And Dagger+1","Footwork+1","Blade Dance+1","Envenom+1","Backflip+1","Deflect+1","Infinite Blades","Dagger Spray+1","PiercingWail","Leg Sweep+1"],"max_hp_per_floor":[70,70,70,70,70,70,70,70,70,70,70,70,84,84,84,84,84,84,84,84,84,84,84,84,84,84,84,84,84,84,84,84,84,84,84,84,84,84,84,84,84,84,84,84,84,84,84,84,84,84],"relics":["Ring of the Snake","Dream Catcher","Frozen Eye","Orichalcum","Mango","Sozu","War Paint","Vajra","Tiny Chest","Happy Flower","Philosopher\u0027s Stone","Red Mask"],"card_choices":[{"not_picked":["Dagger Spray","PiercingWail"],"picked":"Quick Slash"},{"not_picked":["Backflip","Cloak And Dagger"],"picked":"Infinite Blades"},{"not_picked":["Calculated Gamble","Riddle With Holes"],"picked":"Leg Sweep"},{"not_picked":["Deadly Poison","Dodge and Roll"],"picked":"Venomology"},{"not_picked":["Dagger Throw","Reflex"],"picked":"Cloak And Dagger"},{"not_picked":["Crippling Poison","Escape Plan"],"picked":"Footwork"},{"not_picked":["Backflip","Quick Slash"],"picked":"Blade Dance"},{"not_picked":["Bullet Time","Corpse Explosion"],"picked":"Envenom"},{"not_picked":["Dagger Throw","Poisoned Stab"],"picked":"Backflip"},{"not_picked":["Acrobatics","Bouncing Flask"],"picked":"Deflect"},{"not_picked":["Deadly Poison","Outmaneuver"],"picked":"Infinite Blades"},{"not_picked":["PiercingWail","Prepared"],"picked":"Dagger Spray"},{"not_picked":["Dagger Spray","Dash"],"picked":"PiercingWail"},{"not_picked":["Quick Slash","Underhanded Strike"],"picked":"Leg Sweep"}],"player_experience":1343783,"potions_floor_usage":[11,11,13,14,16,16,21,50],"damage_taken":[{"damage":3,"enemies":"Cultist","floor":1,"turns":5},{"damage":0,"enemies":"Jaw Worm","floor":3,"turns":4},{"damage":1,"enemies":"Small Slimes","floor":4,"turns":3},{"damage":11,"enemies":"Lagavulin","floor":7,"turns":9},{"damage":8,"enemies":"3 Sentries","floor":11,"turns":6},{"damage":0,"enemies":"Gremlin Gang","floor":12,"turns":6},{"damage":8,"enemies":"Gremlin Nob","floor":13,"turns":5},{"damage":0,"enemies":"Red Slaver","floor":14,"turns":5},{"damage":13,"enemies":"Hexaghost","floor":16,"turns":9},{"damage":11,"enemies":"2 Thieves","floor":18,"turns":4},{"damage":11,"enemies":"Chosen","floor":19,"turns":6},{"damage":9,"enemies":"Snake Plant","floor":21,"turns":7},{"damage":2,"enemies":"3 Cultists","floor":22,"turns":7},{"damage":1,"enemies":"Centurion and Healer","floor":24,"turns":7},{"damage":15,"enemies":"Slaver and Parasite","floor":31,"turns":6},{"damage":2,"enemies":"Collector","floor":33,"turns":9},{"damage":6,"enemies":"3 Darklings","floor":35,"turns":5},{"damage":7,"enemies":"Orb Walker","floor":37,"turns":4},{"damage":1,"enemies":"Maw","floor":38,"turns":8},{"damage":1,"enemies":"4 Shapes","floor":39,"turns":9},{"damage":1,"enemies":"3 Darklings","floor":45,"turns":5},{"damage":0,"enemies":"Maw","floor":46,"turns":8},{"damage":76,"enemies":"Time Eater","floor":50,"turns":18}],"event_choices":[{"event_name":"Upgrade Shrine","player_choice":"Upgraded","floor":5,"damage_taken":0},{"event_name":"Addict","player_choice":"Obtained Relic","floor":28,"damage_taken":0},{"event_name":"The Mausoleum","player_choice":"No","floor":29,"damage_taken":0},{"event_name":"Mysterious Sphere","player_choice":"Ignore","floor":44,"damage_taken":0},{"event_name":"Tomb of Lord Red Mask","player_choice":"Paid","floor":48,"damage_taken":0}],"boss_relics":[{"not_picked":["Snecko Eye","Eternal Feather"],"picked":"Sozu"},{"not_picked":["The Specimen","Orrery"],"picked":"Philosopher\u0027s Stone"}],"potions_floor_spawned":[4,11,12,13,19,24,31,37,39],"seed_played":"8590624003817523689","ascension_level":0,"is_trial":false}