{"path_per_floor":["M","?","?","M","$","T","?","M","T","E","M","R","M","?","R","B",null,"M","M","$","M","?","R","M","R","T","R","M","?","M","M","R","B",null,"M","$","?","M","M","R","?","R","T","R","$","E","?","$","R","B"],"character_chosen":"THE_SILENT","items_purchased":["Blue Candle","Terror","Strength Potion"],"gold_per_floor":[14,14,14,31,31,55,55,68,150,180,191,191,203,203,203,303,303,321,334,16,29,29,29,45,45,45,45,62,62,73,83,83,178,178,195,95,142,159,169,169,169,169,219,219,94,125,125,33,33,33],"floor_reached":51,"campfire_rested":0,"playtime":9636,"current_hp_per_floor":[70,75,75,75,75,82,82,82,82,76,54,54,54,54,54,45,82,76,72,72,72,72,72,56,56,56,56,56,56,52,51,51,50,82,77,77,80,80,80,80,80,80,80,80,80,80,80,80,80,61],"items_purged":["Strike_G","Regret","Doubt"],"gold":33,"score":500,"play_id":"00e58e89-0729-4af4-bf14-9fbe1f152995","is_prod":false,"is_daily":false,"is_ascension_mode":false,"campfire_upgraded":10,"path_taken":["M","?","?","M","?","?","?","M","T","E","?","R","M","?","R","BOSS","M","M","$","M","?","R","M","R","T","R","M","?","M","?","R","BOSS","M","$","?","M","M","R","?","R","T","R","$","E","?","?","R","BOSS"],"build_version":"2018-02-15-PROD1","purchased_purges":3,"victory":true,"master_deck":["Defend_G+1","Defend_G+1","Defend_G+1","Defend_G+1","Defend_G+1","Strike_G+1","Survivor","Neutralize+1","Outmaneuver+1","Backstab+1","Backflip+1","Footwork+1","Poisoned Stab+1","Dash+1","Wraith Form+1","Backflip+1","Backflip+1","Outmaneuver+1","Calculated Gamble+1","Sucker Punch+1","Outmaneuver+1","After Image","Distraction+1","Skewer+1","After Image+1","Well Laid Plans+1","Cloak And Dagger","Terror"],"max_hp_per_floor":[70,75,75,75,75,82,82,82,82,82,82,82,82,82,82,82,82,82,82,82,82,82,82,82,82,82,82,82,82,82,82,82,82,82,82,82,82,82,82,82,82,82,82,82,82,82,82,82,82,82],"relics":["Ring of the Snake","Ice Cream","Strawberry","Centennial Puzzle","Paper Crane","Cursed Key","Blue Candle","Thread and Needle","Astrolabe","Calipers","Whetstone","Vajra"],"card_choices":[{"not_picked":["Bane","Dodge and Roll"],"picked":"Outmaneuver"},{"not_picked":["PiercingWail","Dodge and Roll"],"picked":"Backstab"},{"not_picked":["Distraction","Accuracy"],"picked":"Backflip"},{"not_picked":["Accuracy","Acrobatics"],"picked":"Footwork"},{"not_picked":["Dagger Spray","Underhanded Strike"],"picked":"Poisoned Stab"},{"not_picked":["Dagger Throw","Caltrops"],"picked":"Dash"},{"not_picked":["Unload","Venomology"],"picked":"Wraith Form"},{"not_picked":["Heel Hook","Outmaneuver"],"picked":"Backflip"},{"not_picked":["Underhanded Strike","Dagger Spray"],"picked":"Backflip"},{"not_picked":["Masterful Stab","Caltrops"],"picked":"Outmaneuver"},{"not_picked":["Outmaneuver","Poisoned Stab"],"picked":"Calculated Gamble"},{"not_picked":["PiercingWail","Dagger Throw"],"picked":"Sucker Punch"},{"not_picked":["Infinite Blades","Bane"],"picked":"Outmaneuver"},{"not_picked":["Night Terror","Tools of the Trade"],"picked":"After Image"},{"not_picked":["Distraction","Backflip"],"picked":"Well Laid Plans"}],"player_experience":1272999,"potions_floor_usage":[10,16,24,28,37,37,50,50],"damage_taken":[{"damage":0,"enemies":"Small Slimes","floor":1,"turns":5},{"damage":0,"enemies":"Jaw Worm","floor":4,"turns":6},{"damage":0,"enemies":"Cultist","floor":8,"turns":3},{"damage":6,"enemies":"Gremlin Nob","floor":10,"turns":4},{"damage":22,"enemies":"Large Slime","floor":11,"turns":12},{"damage":0,"enemies":"Exordium Wildlife","floor":13,"turns":5},{"damage":9,"enemies":"Hexaghost","floor":16,"turns":13},{"damage":6,"enemies":"Spheric Guardian","floor":18,"turns":5},{"damage":4,"enemies":"Chosen","floor":19,"turns":5},{"damage":0,"enemies":"Snecko","floor":21,"turns":7},{"damage":16,"enemies":"Cultist and Chosen","floor":24,"turns":9},{"damage":15,"enemies":"Slaver and Parasite","floor":28,"turns":7},{"damage":4,"enemies":"Centurion and Healer","floor":30,"turns":7},{"damage":1,"enemies":"Snake Plant","floor":31,"turns":5},{"damage":1,"enemies":"Automaton","floor":33,"turns":12},{"damage":5,"enemies":"3 Darklings","floor":35,"turns":7},{"damage":9,"enemies":"Mysterious Sphere","floor":37,"turns":6},{"damage":0,"enemies":"3 Shapes","floor":38,"turns":6},{"damage":0,"enemies":"Maw","floor":39,"turns":5},{"damage":0,"enemies":"Giant Head","floor":46,"turns":9},{"damage":19,"enemies":"Time Eater","floor":50,"turns":7}],"event_choices":[{"event_name":"Big Fish","player_choice":"Donut","floor":2,"damage_taken":0},{"event_name":"The Lab","player_choice":"Got Potions","floor":3,"damage_taken":0},{"event_name":"Liars Game","player_choice":"disagreed","floor":7,"damage_taken":0},{"event_name":"Dead Adventurer","player_choice":"Searched \u00271\u0027 times","floor":14,"damage_taken":0},{"event_name":"Beggar","player_choice":"Ignored","floor":22,"damage_taken":0},{"event_name":"Back to Basics","player_choice":"Simplicity","floor":29,"damage_taken":0},{"event_name":"Mysterious Sphere","player_choice":"Fight","floor":37,"damage_taken":0},{"event_name":"Tomb of Lord Red Mask","player_choice":"Ignored","floor":41,"damage_taken":0},{"event_name":"Match and Keep!","player_choice":"1 cards matched","floor":47,"damage_taken":0}],"boss_relics":[{"not_picked":["Philosopher\u0027s Stone","Runic Dome"],"picked":"Cursed Key"},{"not_picked":["Black Star","Runic Pyramid"],"picked":"Astrolabe"}],"potions_floor_spawned":[1,11,13,16,19,24,28,30,31,35,38],"seed_played":"-3300291507715685380","ascension_level":0,"is_trial":false}