{"path_per_floor":["M","M","?","?","?","R","M","M","T","R","M","R","M","M","R","B",null,"M","M","$","M","M","R","M","R","T","R","?","M","?","M","R","B",null,"M","$","M","$","?","M","R","M","T","R","M","M","?","M","R","B"],"character_chosen":"THE_SILENT","items_purchased":["Bag of Preparation","Predator","Dexterity Potion","Finesse","Energy Potion","Swift Potion","Blur"],"gold_per_floor":[114,129,129,129,129,129,149,169,169,169,182,182,198,221,221,346,346,369,390,88,101,121,121,134,134,216,216,216,240,240,253,253,374,374,393,50,63,28,28,51,51,76,155,155,174,195,195,210,210,210],"floor_reached":51,"campfire_rested":3,"playtime":3463,"current_hp_per_floor":[77,77,58,58,58,58,57,52,52,52,52,52,52,52,52,20,77,71,61,61,52,47,47,35,35,35,58,58,55,55,55,55,43,77,54,54,54,54,54,54,54,28,28,51,51,39,39,39,62,71],"items_purged":["Strike_G","Strike_G"],"gold":210,"score":472,"play_id":"25ef92d1-143d-4b76-8474-a6b7e5efb014","local_time":"20180302143923","is_prod":false,"is_daily":false,"is_ascension_mode":false,"campfire_upgraded":8,"timestamp":1519997963,"path_taken":["M","M","?","?","?","R","?","M","T","R","?","R","M","M","R","BOSS","M","M","$","M","M","R","M","R","T","R","?","M","?","M","R","BOSS","M","$","?","?","?","?","R","M","T","R","M","M","?","M","R","BOSS"],"build_version":"2018-03-01-PROD1","purchased_purges":2,"victory":true,"master_deck":["Defend_G","Defend_G","Defend_G","Defend_G","Defend_G","Strike_G","Survivor","Neutralize+1","Flying Knee+1","Dagger Spray","Flying Knee","Cloak And Dagger+1","Prepared+1","Footwork+1","Die Die Die","Tactician+1","Noxious Fumes+1","Predator","Escape Plan+1","Acrobatics+1","Malaise+1","Reflex+1","Finesse","Backflip+1","Blur","Dagger Throw+1","Dagger Throw+1"],"max_hp_per_floor":[77,77,77,77,77,77,77,77,77,77,77,77,77,77,77,77,77,77,77,77,77,77,77,77,77,77,77,77,77,77,77,77,77,77,77,77,77,77,77,77,77,77,77,77,77,77,77,77,77,77],"relics":["Ring of the Snake","Golden Idol","Tough Bandages","Lizard Tail","Bag of Preparation","Centennial Puzzle","Anchor","Philosopher\u0027s Stone","Pantograph"],"card_choices":[{"not_picked":["Outmaneuver","Bane"],"picked":"Flying Knee"},{"not_picked":["Sucker Punch","Deflect"],"picked":"Dagger Spray"},{"not_picked":["Acrobatics","Choke"],"picked":"Flying Knee"},{"not_picked":["Reflex","Bane"],"picked":"Cloak And Dagger"},{"not_picked":["All Out Attack","Catalyst"],"picked":"Prepared"},{"not_picked":["Poisoned Stab","Malaise"],"picked":"Footwork"},{"not_picked":["Distraction","Cloak And Dagger"],"picked":"Die Die Die"},{"not_picked":["Die Die Die","Adrenaline"],"picked":"Tactician"},{"not_picked":["Backflip","Sucker Punch"],"picked":"Noxious Fumes"},{"not_picked":["Catalyst","Poisoned Stab"],"picked":"Escape Plan"},{"not_picked":["Dodge and Roll","Caltrops"],"picked":"Acrobatics"},{"not_picked":["Dodge and Roll","Riddle With Holes"],"picked":"Malaise"},{"not_picked":["Deadly Poison","Predator"],"picked":"Reflex"},{"not_picked":["Escape Plan","Deadly Poison"],"picked":"Backflip"},{"not_picked":["Dodge and Roll","Cloak And Dagger"],"picked":"Dagger Throw"},{"not_picked":["Poisoned Stab","Escape Plan"],"picked":"Dagger Throw"}],"player_experience":1430485,"potions_floor_usage":[16,16,18,22,22,33,40,46,50,50],"damage_taken":[{"damage":0.0,"enemies":"Jaw Worm","floor":1.0,"turns":5.0},{"damage":0.0,"enemies":"Small Slimes","floor":2.0,"turns":4.0},{"damage":1.0,"enemies":"Cultist","floor":7.0,"turns":4.0},{"damage":5.0,"enemies":"2 Fungi Beasts","floor":8.0,"turns":3.0},{"damage":0.0,"enemies":"3 Louse","floor":11.0,"turns":2.0},{"damage":0.0,"enemies":"Lots of Slimes","floor":13.0,"turns":3.0},{"damage":0.0,"enemies":"Large Slime","floor":14.0,"turns":7.0},{"damage":47,"enemies":"Hexaghost","floor":16,"turns":17},{"damage":6,"enemies":"2 Thieves","floor":18,"turns":4},{"damage":10,"enemies":"Spheric Guardian","floor":19,"turns":6},{"damage":9,"enemies":"Snake Plant","floor":21,"turns":6},{"damage":20,"enemies":"Snecko","floor":22,"turns":7},{"damage":12,"enemies":"Cultist and Chosen","floor":24,"turns":6},{"damage":3,"enemies":"Centurion and Healer","floor":29,"turns":6},{"damage":0,"enemies":"Snake Plant","floor":31,"turns":6},{"damage":12,"enemies":"Automaton","floor":33,"turns":12},{"damage":23,"enemies":"3 Darklings","floor":35,"turns":6},{"damage":0,"enemies":"3 Shapes","floor":37,"turns":5},{"damage":0,"enemies":"Sphere and 2 Shapes","floor":40,"turns":5},{"damage":26,"enemies":"3 Darklings","floor":42,"turns":5},{"damage":0,"enemies":"Maw","floor":45,"turns":10},{"damage":12,"enemies":"Sphere and 2 Shapes","floor":46,"turns":7},{"damage":0,"enemies":"3 Darklings","floor":48,"turns":4},{"damage":6,"enemies":"Awakened One","floor":50,"turns":20}],"event_choices":[{"event_name":"Golden Idol","player_choice":"Take Damage","floor":3.0,"damage_taken":0.0},{"event_name":"Purifier","player_choice":"One Purge","floor":4.0,"damage_taken":0.0},{"event_name":"Bonfire Elementals","player_choice":"BASIC","floor":5.0,"damage_taken":0.0},{"event_name":"Drug Dealer","player_choice":"Ignored","floor":28,"damage_taken":0},{"event_name":"The Mausoleum","player_choice":"Yes","floor":30,"damage_taken":0},{"event_name":"Upgrade Shrine","player_choice":"Upgraded","floor":39,"damage_taken":0},{"event_name":"Fountain of Cleansing","player_choice":"Removed Curse","floor":47,"damage_taken":0}],"boss_relics":[{"not_picked":["Orrery","White Beast Statue"],"picked":"Lizard Tail"},{"not_picked":["The Specimen","Question Card"],"picked":"Philosopher\u0027s Stone"}],"potions_floor_spawned":[8,11,13,14,16,18,19,24,37,46,48],"seed_played":"3044801908405217284","ascension_level":0,"is_trial":false}