{"path_per_floor":["M","?","M","$","?","R","M","R","T","M","$","E","R","T","R","B",null,"M","M","T","?","M","R","?","R","T","M","R","M","$","M","R","B",null,"M","T","$","M","M","R","?","R","T","M","M","M","M","?","R","B"],"character_chosen":"THE_SILENT","items_purchased":["Footwork","Well Laid Plans","Paper Crane","Pen Nib"],"gold_per_floor":[218,168,185,29,204,204,221,221,221,233,63,97,97,153,153,258,258,273,287,287,287,307,307,307,307,333,345,345,356,107,125,125,220,220,234,286,18,33,49,49,95,95,121,135,153,172,186,186,186,186],"floor_reached":51,"campfire_rested":2,"playtime":2751,"current_hp_per_floor":[70,70,70,70,70,70,70,70,70,70,70,68,68,68,68,51,70,70,64,64,64,63,63,63,63,63,63,63,57,57,57,57,57,70,70,70,70,70,70,70,43,70,70,70,56,56,56,47,70,70],"items_purged":["Strike_G","Doubt","Predator"],"gold":186,"score":574,"play_id":"56cf473a-7d9a-443b-b5db-7227f14653cf","is_prod":false,"is_daily":false,"is_ascension_mode":false,"campfire_upgraded":9,"path_taken":["M","?","M","$","?","R","M","R","T","M","$","E","R","?","R","BOSS","M","M","?","?","M","R","?","R","T","M","R","M","$","M","R","BOSS","M","?","$","M","M","R","?","R","T","M","M","M","M","?","R","BOSS"],"build_version":"2018-02-15-PROD1","purchased_purges":3,"victory":true,"master_deck":["Defend_G","Defend_G","Defend_G","Defend_G","Defend_G","Survivor+1","Neutralize+1","Cloak And Dagger+1","Flechettes+1","Footwork+1","Cloak And Dagger+1","Deflect+1","Well Laid Plans+1","Backflip+1","Envenom+1","Backflip+1","Escape Plan+1","Tools of the Trade+1","After Image","Doppelganger+1","Blade Dance+1","Predator+1","Leg Sweep+1","Madness","Madness"],"max_hp_per_floor":[70,70,70,70,70,70,70,70,70,70,70,70,70,70,70,70,70,70,70,70,70,70,70,70,70,70,70,70,70,70,70,70,70,70,70,70,70,70,70,70,70,70,70,70,70,70,70,70,70,70],"relics":["Ring of the Snake","Regal Pillow","Matryoshka","War Paint","Tiny Chest","Philosopher\u0027s Stone","Oddly Smooth Stone","Tough Bandages","Vajra","Paper Crane","Astrolabe","Bag of Marbles","Pen Nib","Torii","Prayer Wheel"],"card_choices":[{"not_picked":["Deadly Poison","Dagger Spray"],"picked":"Cloak And Dagger"},{"not_picked":["Distraction","Deadly Poison"],"picked":"Flechettes"},{"not_picked":["Quick Slash","Dagger Throw"],"picked":"Cloak And Dagger"},{"not_picked":["Flying Knee","Deadly Poison"],"picked":"Deflect"},{"not_picked":["Expertise","Bane"],"picked":"Backflip"},{"not_picked":["Night Terror","Grand Finale"],"picked":"Envenom"},{"not_picked":["Slice","Sucker Punch"],"picked":"Predator"},{"not_picked":["Deadly Poison","Reflex"],"picked":"Backflip"},{"not_picked":["Slice","PiercingWail"],"picked":"Escape Plan"},{"not_picked":["Deadly Poison","Underhanded Strike"],"picked":"Tools of the Trade"},{"not_picked":["Wraith Form","Unload"],"picked":"After Image"},{"not_picked":["Setup","Quick Slash"],"picked":"Leg Sweep"}],"player_experience":1298804,"potions_floor_usage":[50,50,50],"damage_taken":[{"damage":0,"enemies":"Small Slimes","floor":1,"turns":4},{"damage":0,"enemies":"2 Louse","floor":3,"turns":3},{"damage":0,"enemies":"Jaw Worm","floor":7,"turns":3},{"damage":0,"enemies":"Blue Slaver","floor":10,"turns":6},{"damage":2,"enemies":"3 Sentries","floor":12,"turns":12},{"damage":17,"enemies":"The Guardian","floor":16,"turns":12},{"damage":0,"enemies":"Spheric Guardian","floor":18,"turns":5},{"damage":6,"enemies":"Chosen","floor":19,"turns":7},{"damage":1,"enemies":"Centurion and Healer","floor":22,"turns":8},{"damage":0,"enemies":"Sentry and Sphere","floor":27,"turns":5},{"damage":6,"enemies":"Snecko","floor":29,"turns":3},{"damage":0,"enemies":"Snake Plant","floor":31,"turns":3},{"damage":0,"enemies":"Champ","floor":33,"turns":9},{"damage":0,"enemies":"Orb Walker","floor":35,"turns":3},{"damage":0,"enemies":"3 Darklings","floor":38,"turns":4},{"damage":0,"enemies":"4 Shapes","floor":39,"turns":5},{"damage":27,"enemies":"Mysterious Sphere","floor":41,"turns":6},{"damage":0,"enemies":"Sphere and 2 Shapes","floor":44,"turns":4},{"damage":14,"enemies":"Maw","floor":45,"turns":6},{"damage":0,"enemies":"4 Shapes","floor":46,"turns":5},{"damage":0,"enemies":"3 Darklings","floor":47,"turns":6},{"damage":0,"enemies":"Awakened One","floor":50,"turns":12}],"event_choices":[{"event_name":"The Cleric","player_choice":"Card Removal","floor":2,"damage_taken":0},{"event_name":"Liars Game","player_choice":"agreed","floor":5,"damage_taken":0},{"event_name":"N\u0027loth","player_choice":"Ignored","floor":21,"damage_taken":0},{"event_name":"Drug Dealer","player_choice":"Ignored","floor":24,"damage_taken":0},{"event_name":"Mysterious Sphere","player_choice":"Fight","floor":41,"damage_taken":0},{"event_name":"Winding Halls","player_choice":"Embrace Madness","floor":48,"damage_taken":0}],"boss_relics":[{"not_picked":["Pandora\u0027s Box","Orrery"],"picked":"Philosopher\u0027s Stone"},{"not_picked":["Calling Bell","The Specimen"],"picked":"Astrolabe"}],"potions_floor_spawned":[7,10,19,22,31,33,39,41,44,46],"seed_played":"2302343653841242476","ascension_level":0,"is_trial":false}