{"path_per_floor":["M","?","M","M","?","R","M","R","T","R","?","R","E","M","R","B",null,"M","?","?","M","M","R","M","M","T","M","$","R","M","$","R","B",null,"M","M","M","?","$","R","M","R","T","?","M","?","M","M","R","B"],"character_chosen":"THE_SILENT","items_purchased":["Bag of Preparation"],"gold_per_floor":[119,119,136,147,147,147,163,163,189,189,139,139,165,182,182,281,281,296,296,296,316,333,333,348,362,387,399,168,168,184,84,84,179,179,193,203,222,222,97,97,107,107,180,180,199,199,214,232,232,232],"floor_reached":51,"campfire_rested":2,"playtime":2110,"current_hp_per_floor":[69,69,69,69,55,55,55,55,55,55,55,55,49,49,49,24,72,74,58,44,46,42,66,68,70,70,72,72,72,74,74,74,54,91,93,95,95,95,95,95,90,90,90,90,92,92,90,92,105,83],"items_purged":["Strike_G","Strike_G","Corpse Explosion"],"gold":232,"score":553,"play_id":"cc0ccb98-a3b8-4ec0-b301-fcd7b435efdb","is_prod":false,"is_daily":false,"is_ascension_mode":false,"campfire_upgraded":9,"path_taken":["M","?","?","M","?","R","?","R","T","R","?","R","E","?","R","BOSS","M","?","?","M","M","R","?","M","T","M","$","R","M","$","R","BOSS","M","M","M","?","$","R","M","R","T","?","M","?","M","?","R","BOSS"],"build_version":"2018-02-15-PROD1","purchased_purges":3,"victory":true,"master_deck":["Defend_G+1","Defend_G+1","Defend_G+1","Survivor+1","Neutralize+1","Skewer+1","Dash+1","Cloak And Dagger+1","Leg Sweep+1","Flying Knee+1","Infinite Blades","Predator+1","Necronomicurse","After Image","Tools of the Trade+1","Choke+1","Dash+1"],"max_hp_per_floor":[70,70,70,70,70,70,70,70,70,70,70,70,70,70,70,72,72,74,74,79,81,83,83,85,87,87,89,89,89,91,91,91,91,91,93,95,97,97,97,97,99,99,99,99,101,101,103,105,105,105],"relics":["Ring of the Snake","Lantern","Singing Bowl","Sozu","Necronomicon","Regal Pillow","Bag of Preparation","Astrolabe","Ornamental Fan"],"card_choices":[{"not_picked":["Malaise","PiercingWail"],"picked":"Dash"},{"not_picked":["Sucker Punch","Backstab"],"picked":"Cloak And Dagger"},{"not_picked":["Slice","Acrobatics"],"picked":"Leg Sweep"},{"not_picked":["Phantasmal Killer","Quick Slash"],"picked":"Flying Knee"},{"not_picked":["Deadly Poison","Blade Dance"],"picked":"Infinite Blades"},{"not_picked":["Distraction","Quick Slash"],"picked":"Predator"},{"not_picked":["Unload","Bullet Time"],"picked":"After Image"}],"player_experience":1270889,"potions_floor_usage":[],"damage_taken":[{"damage":1,"enemies":"Jaw Worm","floor":1,"turns":5},{"damage":0,"enemies":"Cultist","floor":3,"turns":3},{"damage":0,"enemies":"Small Slimes","floor":4,"turns":3},{"damage":0,"enemies":"Blue Slaver","floor":7,"turns":4},{"damage":6,"enemies":"Gremlin Nob","floor":13,"turns":4},{"damage":0,"enemies":"Red Slaver","floor":14,"turns":2},{"damage":27,"enemies":"The Guardian","floor":16,"turns":11},{"damage":0,"enemies":"Spheric Guardian","floor":18,"turns":3},{"damage":0,"enemies":"Chosen","floor":21,"turns":1},{"damage":6,"enemies":"Snake Plant","floor":22,"turns":3},{"damage":0,"enemies":"3 Cultists","floor":24,"turns":3},{"damage":0,"enemies":"Centurion and Healer","floor":25,"turns":3},{"damage":0,"enemies":"Slaver and Parasite","floor":27,"turns":5},{"damage":0,"enemies":"Snecko","floor":30,"turns":2},{"damage":20,"enemies":"Champ","floor":33,"turns":11},{"damage":0,"enemies":"3 Darklings","floor":35,"turns":3},{"damage":0,"enemies":"3 Shapes","floor":36,"turns":7},{"damage":2,"enemies":"3 Darklings","floor":37,"turns":5},{"damage":7,"enemies":"Maw","floor":41,"turns":6},{"damage":0,"enemies":"4 Shapes","floor":45,"turns":5},{"damage":4,"enemies":"3 Darklings","floor":47,"turns":5},{"damage":0,"enemies":"Sphere and 2 Shapes","floor":48,"turns":4},{"damage":22,"enemies":"Awakened One","floor":50,"turns":16}],"event_choices":[{"event_name":"The Woman in Blue","player_choice":"Bought 0 Potions","floor":2,"damage_taken":0},{"event_name":"Shining Light","player_choice":"Entered Light","floor":5,"damage_taken":0},{"event_name":"The Cleric","player_choice":"Card Removal","floor":11,"damage_taken":0},{"event_name":"Cursed Tome","player_choice":"Obtained Book","floor":19,"damage_taken":0},{"event_name":"Forgotten Altar","player_choice":"Shed Blood","floor":20,"damage_taken":0},{"event_name":"Tomb of Lord Red Mask","player_choice":"Ignored","floor":38,"damage_taken":0},{"event_name":"Duplicator","player_choice":"One dupe","floor":44,"damage_taken":0},{"event_name":"The Lab","player_choice":"Got Potions","floor":46,"damage_taken":0}],"boss_relics":[{"not_picked":["Lizard Tail","Question Card"],"picked":"Sozu"},{"not_picked":["Orrery","Pandora\u0027s Box"],"picked":"Astrolabe"}],"potions_floor_spawned":[1,4,13,24,25,27,30,36,45,48],"seed_played":"6300155591316426505","ascension_level":0,"is_trial":false}