{"path_per_floor":["M","?","M","$","M","R","?","?","T","R","E","M","R","M","R","B",null,"M","M","?","M","$","R","E","M","T","R","?","R","M","M","R","B",null,"M","M","?","?","M","R","M","$","T","$","M","R","M","M","R"],"character_chosen":"THE_SILENT","items_purchased":["Cloak And Dagger","Lantern","Flash of Steel","Infinite Blades"],"gold_per_floor":[113,113,125,28,44,44,44,44,344,344,379,390,390,403,403,502,502,520,536,461,474,112,112,147,167,167,167,167,167,185,200,200,305,305,319,336,336,336,347,347,358,233,233,45,57,57,75,90,90],"floor_reached":50,"campfire_rested":1,"playtime":1822,"current_hp_per_floor":[67,67,66,66,66,66,71,71,71,71,46,46,46,46,46,45,75,75,75,75,75,75,75,69,69,69,69,69,69,66,66,66,66,75,75,75,75,66,52,74,72,72,72,72,72,72,72,72,72],"items_purged":["Regret","Strike_G","Strike_G","Strike_G"],"gold":90,"score":493,"play_id":"cff2f2ee-ecb4-49d6-b97f-843f087eb9b5","is_prod":false,"is_daily":false,"is_ascension_mode":false,"campfire_upgraded":5,"path_taken":["M","?","M","$","M","R","?","?","T","R","E","M","R","?","R","BOSS","M","M","?","?","$","R","E","M","T","R","?","R","?","M","R","BOSS","M","M","?","?","M","R","M","$","T","$","M","R","M","M","R","BOSS"],"build_version":"2018-02-22-PROD2","purchased_purges":4,"victory":false,"master_deck":["Defend_G","Defend_G","Defend_G","Defend_G","Defend_G","Survivor+1","Neutralize+1","Flying Knee+1","Backflip","Cloak And Dagger+1","Backflip","Choke+1","Flechettes+1","Deflect","Backflip","Deflect","Noxious Fumes+1","Backflip+1","Flash of Steel","Infinite Blades","Leg Sweep","Accuracy+1","Storm of Steel","Footwork+1","Cloak And Dagger+1","Madness+1","Madness","Cloak And Dagger+1","Terror+1","Infinite Blades","Cloak And Dagger+1"],"max_hp_per_floor":[70,70,70,70,70,70,75,75,75,75,75,75,75,75,75,75,75,75,75,75,75,75,75,75,75,75,75,75,75,75,75,75,75,75,75,75,75,75,75,75,75,75,75,75,75,75,75,75,75],"relics":["Ring of the Snake","Calipers","Old Coin","Girya","Runic Dome","Lantern","Vajra","Tingsha","Sozu","Shovel","War Paint","Regal Pillow"],"card_choices":[{"not_picked":["Bane","Expertise"],"picked":"Flying Knee"},{"not_picked":["Accuracy","Heel Hook"],"picked":"Backflip"},{"not_picked":["Dagger Spray","Dagger Throw"],"picked":"Backflip"},{"not_picked":["Malaise","Acrobatics"],"picked":"Flechettes"},{"not_picked":["PiercingWail","Phantasmal Killer"],"picked":"Deflect"},{"not_picked":["Dagger Throw","Deadly Poison"],"picked":"Backflip"},{"not_picked":["All Out Attack","Flying Knee"],"picked":"Deflect"},{"not_picked":["Quick Slash","Dagger Spray"],"picked":"Noxious Fumes"},{"not_picked":["Sucker Punch","Underhanded Strike"],"picked":"Backflip"},{"not_picked":["Masterful Stab","A Thousand Cuts"],"picked":"Infinite Blades"},{"not_picked":["Prepared","Poisoned Stab"],"picked":"Leg Sweep"},{"not_picked":["Backflip","Crippling Poison"],"picked":"Accuracy"},{"not_picked":["Wraith Form","Tools of the Trade"],"picked":"Storm of Steel"},{"not_picked":["Skewer","Underhanded Strike"],"picked":"Footwork"},{"not_picked":["Deadly Poison","Outmaneuver"],"picked":"Cloak And Dagger"},{"not_picked":["Endless Agony","Poisoned Stab"],"picked":"Cloak And Dagger"},{"not_picked":["Poisoned Stab","Outmaneuver"],"picked":"Terror"},{"not_picked":["Slice","Backstab"],"picked":"Cloak And Dagger"}],"player_experience":1331551,"potions_floor_usage":[16,18,31,33,50,50],"damage_taken":[{"damage":3,"enemies":"Cultist","floor":1,"turns":4},{"damage":1,"enemies":"2 Louse","floor":3,"turns":4},{"damage":0,"enemies":"Small Slimes","floor":5,"turns":4},{"damage":25,"enemies":"Gremlin Nob","floor":11,"turns":5},{"damage":0,"enemies":"Red Slaver","floor":12,"turns":4},{"damage":0,"enemies":"3 Louse","floor":14,"turns":2},{"damage":1,"enemies":"Slime Boss","floor":16,"turns":9},{"damage":0,"enemies":"Chosen","floor":18,"turns":4},{"damage":0,"enemies":"2 Thieves","floor":19,"turns":3},{"damage":0,"enemies":"3 Cultists","floor":21,"turns":4},{"damage":6,"enemies":"Slavers","floor":24,"turns":3},{"damage":0,"enemies":"Snake Plant","floor":25,"turns":3},{"damage":3,"enemies":"Slaver and Parasite","floor":30,"turns":3},{"damage":0,"enemies":"Cultist and Chosen","floor":31,"turns":6},{"damage":0,"enemies":"Automaton","floor":33,"turns":6},{"damage":0,"enemies":"3 Darklings","floor":35,"turns":4},{"damage":0,"enemies":"Orb Walker","floor":36,"turns":2},{"damage":14,"enemies":"Maw","floor":39,"turns":6},{"damage":2,"enemies":"Sphere and 2 Shapes","floor":41,"turns":4},{"damage":0,"enemies":"3 Darklings","floor":45,"turns":5},{"damage":0,"enemies":"Maw","floor":47,"turns":5},{"damage":0,"enemies":"Sphere and 2 Shapes","floor":48,"turns":4},{"damage":80,"enemies":"Time Eater","floor":50,"turns":10}],"event_choices":[{"event_name":"Upgrade Shrine","player_choice":"Upgraded","floor":2,"damage_taken":0},{"event_name":"Big Fish","player_choice":"Donut","floor":7,"damage_taken":0},{"event_name":"Transmorgrifier","player_choice":"Transform","floor":8,"damage_taken":0},{"event_name":"Beggar","player_choice":"Gave Gold","floor":20,"damage_taken":0},{"event_name":"Drug Dealer","player_choice":"Ignored","floor":28,"damage_taken":0},{"event_name":"Mysterious Sphere","player_choice":"Ignore","floor":37,"damage_taken":0},{"event_name":"Winding Halls","player_choice":"Embrace Madness","floor":38,"damage_taken":0}],"boss_relics":[{"not_picked":["Lizard Tail","Velvet Choker"],"picked":"Runic Dome"},{"not_picked":["Astrolabe","Black Star"],"picked":"Sozu"}],"potions_floor_spawned":[11,12,14,16,18,24,25,31,39,47],"seed_played":"8697514609817107232","killed_by":"Time Eater","ascension_level":0,"is_trial":false}