{"path_per_floor":["M","$","M","?","?","R","M","R","T","?","M","M","M","M","R","B",null,"M","$","?","M","$","R","?","M","T","R","?","E","?","M","R","B",null,"M","$","?","M","M","R","$","R","T","?","M","M","?","M","R","B"],"character_chosen":"THE_SILENT","items_purchased":["Outmaneuver","Ice Cream","Dexterity Potion"],"gold_per_floor":[112,37,53,53,128,128,141,141,167,167,192,206,220,244,244,370,370,383,283,208,223,98,98,148,169,223,223,223,259,259,275,275,398,398,414,79,79,104,118,118,69,69,95,95,108,131,464,479,479,479],"floor_reached":51,"campfire_rested":1,"playtime":3797,"current_hp_per_floor":[68,68,68,51,40,40,40,40,40,40,40,37,37,37,37,32,70,70,70,70,67,67,67,67,61,68,68,68,64,64,65,65,44,81,83,83,73,73,73,73,73,73,73,73,70,66,66,68,89,81],"items_purged":["Strike_G","Strike_G","Defend_G"],"gold":479,"score":509,"play_id":"1bf6017f-60ea-4924-a5c8-72c931068e11","is_prod":false,"is_daily":false,"is_ascension_mode":false,"campfire_upgraded":8,"path_taken":["M","$","M","?","?","R","M","R","T","?","M","M","?","M","R","BOSS","M","$","?","M","$","R","?","M","T","R","?","E","?","M","R","BOSS","M","$","?","M","M","R","$","R","T","?","M","M","?","M","R","BOSS"],"build_version":"2018-02-22-PROD2","purchased_purges":3,"victory":true,"master_deck":["Defend_G+1","Defend_G+1","Defend_G+1","Defend_G+1","Survivor","Neutralize+1","Bouncing Flask+1","Deadly Poison+1","Predator+1","Dash+1","Noxious Fumes+1","Well Laid Plans+1","Leg Sweep","Adrenaline","Outmaneuver+1","Madness","Madness","Backflip+1","Outmaneuver+1","Writhe"],"max_hp_per_floor":[70,70,70,70,70,70,70,70,70,70,70,70,70,70,70,70,70,70,70,70,70,70,70,70,70,77,77,77,77,77,79,79,81,81,83,83,83,83,83,83,83,83,83,83,85,87,87,89,89,89],"relics":["Ring of the Snake","Pen Nib","Lizard Tail","Strawberry","Singing Bowl","Cursed Key","Ice Cream","Juzu Bracelet"],"card_choices":[{"not_picked":["Dagger Throw","Caltrops"],"picked":"Bouncing Flask"},{"not_picked":["Sucker Punch","Dodge and Roll"],"picked":"Deadly Poison"},{"not_picked":["Eviscerate","Distraction"],"picked":"Predator"},{"not_picked":["Reflex","Poisoned Stab"],"picked":"Dash"},{"not_picked":["Deadly Poison","Slice"],"picked":"Noxious Fumes"},{"not_picked":["Dagger Throw","After Image"],"picked":"Well Laid Plans"},{"not_picked":["Calculated Gamble","Concentrate"],"picked":"Leg Sweep"},{"not_picked":["Choke","Bane"],"picked":"Adrenaline"},{"not_picked":["Deflect","Well Laid Plans"],"picked":"Backflip"},{"not_picked":["Deflect","PiercingWail"],"picked":"Outmaneuver"}],"player_experience":1400967,"potions_floor_usage":[14,21,50,50],"damage_taken":[{"damage":2,"enemies":"Small Slimes","floor":1,"turns":4},{"damage":0,"enemies":"Jaw Worm","floor":3,"turns":4},{"damage":0,"enemies":"2 Louse","floor":7,"turns":4},{"damage":0,"enemies":"Large Slime","floor":11,"turns":4},{"damage":3,"enemies":"Exordium Wildlife","floor":12,"turns":4},{"damage":0,"enemies":"2 Fungi Beasts","floor":13,"turns":4},{"damage":0,"enemies":"Gremlin Gang","floor":14,"turns":3},{"damage":5,"enemies":"The Guardian","floor":16,"turns":8},{"damage":0,"enemies":"Spheric Guardian","floor":18,"turns":3},{"damage":3,"enemies":"3 Byrds","floor":21,"turns":5},{"damage":6,"enemies":"Snake Plant","floor":25,"turns":5},{"damage":4,"enemies":"Gremlin Leader","floor":29,"turns":7},{"damage":1,"enemies":"Centurion and Healer","floor":31,"turns":6},{"damage":23,"enemies":"Automaton","floor":33,"turns":9},{"damage":0,"enemies":"Orb Walker","floor":35,"turns":4},{"damage":0,"enemies":"3 Shapes","floor":38,"turns":5},{"damage":0,"enemies":"Maw","floor":39,"turns":6},{"damage":5,"enemies":"3 Darklings","floor":45,"turns":6},{"damage":6,"enemies":"Sphere and 2 Shapes","floor":46,"turns":6},{"damage":0,"enemies":"Maw","floor":48,"turns":7},{"damage":8,"enemies":"Awakened One","floor":50,"turns":14}],"event_choices":[{"event_name":"Golden Idol","player_choice":"Take Damage","floor":4,"damage_taken":0},{"event_name":"World of Goop","player_choice":"Gather Gold","floor":5,"damage_taken":0},{"event_name":"Wheel of Change","player_choice":"Card Removal","floor":10,"damage_taken":0},{"event_name":"Beggar","player_choice":"Gave Gold","floor":20,"damage_taken":0},{"event_name":"The Joust","player_choice":"Bet on Murderer","floor":24,"damage_taken":0},{"event_name":"Back to Basics","player_choice":"Simplicity","floor":28,"damage_taken":0},{"event_name":"Drug Dealer","player_choice":"Ignored","floor":30,"damage_taken":0},{"event_name":"Winding Halls","player_choice":"Embrace Madness","floor":37,"damage_taken":0},{"event_name":"Mysterious Sphere","player_choice":"Ignore","floor":44,"damage_taken":0},{"event_name":"The Moai Head","player_choice":"Gave Idol","floor":47,"damage_taken":0}],"boss_relics":[{"not_picked":["The Specimen","Calling Bell"],"picked":"Lizard Tail"},{"not_picked":["Snecko Eye","White Beast Statue"],"picked":"Cursed Key"}],"potions_floor_spawned":[1,3,16,18,33,38,39,45],"seed_played":"-1634055467247764713","ascension_level":0,"is_trial":false}