{"path_per_floor":["M","?","?","M","?","R","E","R","T","?","$","?","M","M","R","B",null,"M","?","M","M","?","R","M","R","T","R","M","$","?","$","R","B",null,"M","?","?","$","?","$","?","R","T","M","R","M","R","M","R","B"],"character_chosen":"THE_SILENT","items_purchased":["Blue Candle","Bag of Marbles","Pen Nib"],"gold_per_floor":[14,189,189,207,207,207,236,236,285,360,285,285,304,317,317,420,420,438,438,450,464,464,464,475,475,557,557,576,221,221,221,221,319,319,339,339,339,339,339,36,36,36,36,53,53,68,68,82,82,82],"floor_reached":51,"campfire_rested":0,"playtime":1736,"current_hp_per_floor":[70,70,63,63,63,63,40,40,40,29,29,46,45,43,43,25,70,66,66,63,60,60,60,53,53,53,53,51,51,70,70,70,45,70,69,69,69,69,69,69,69,69,69,68,68,64,64,60,60,39],"items_purged":["Strike_G","Strike_G"],"gold":82,"score":591,"play_id":"7d42f748-3b1f-41cd-afe9-176adc39a112","is_prod":false,"is_daily":false,"is_ascension_mode":false,"campfire_upgraded":11,"path_taken":["M","?","?","M","?","R","E","R","T","?","?","?","M","M","R","BOSS","M","?","M","M","?","R","M","R","T","R","M","$","?","?","R","BOSS","M","?","?","$","?","$","?","R","T","M","R","M","R","M","R","BOSS"],"build_version":"2018-02-15-PROD1","purchased_purges":2,"victory":true,"master_deck":["Defend_G+1","Defend_G+1","Defend_G+1","Defend_G+1","Defend_G+1","Strike_G+1","Strike_G+1","Strike_G+1","Survivor+1","Neutralize+1","Cloak And Dagger+1","Doubt","Noxious Fumes+1","Parasite","Flying Knee+1","Backflip+1","After Image+1","Cloak And Dagger+1","Pain","Acrobatics+1","Terror+1","Decay","Footwork+1","Decay","Bane+1","Cloak And Dagger+1"],"max_hp_per_floor":[70,70,70,70,70,70,70,70,70,70,70,70,70,70,70,70,70,70,70,70,70,70,70,70,70,70,70,70,70,70,70,70,70,70,70,70,70,70,70,70,70,70,70,70,70,70,70,70,70,70],"relics":["Ring of the Snake","Du-Vu Doll","Dodecahedron","Art of War","Juzu Bracelet","Oddly Smooth Stone","Cursed Key","Ornamental Fan","Blue Candle","Question Card","Bag of Marbles","Pen Nib","Gremlin Horn","Whetstone"],"card_choices":[{"not_picked":["Dagger Spray","PiercingWail"],"picked":"Cloak And Dagger"},{"not_picked":["Flechettes","Crippling Poison"],"picked":"Noxious Fumes"},{"not_picked":["Heel Hook","Sucker Punch"],"picked":"Flying Knee"},{"not_picked":["PiercingWail","Flying Knee"],"picked":"Backflip"},{"not_picked":["Corpse Explosion","Tactician"],"picked":"After Image"},{"not_picked":["Noxious Fumes","Quick Slash"],"picked":"Cloak And Dagger"},{"not_picked":["Deflect","Infinite Blades"],"picked":"Acrobatics"},{"not_picked":["Dagger Spray","Slice"],"picked":"Terror"},{"not_picked":["Eviscerate","Flying Knee"],"picked":"Bane"},{"not_picked":["Deadly Poison","Bane","Flying Knee"],"picked":"Footwork"},{"not_picked":["Bouncing Flask","Underhanded Strike","Quick Slash"],"picked":"Bane"},{"not_picked":["Prepared","Heel Hook","Outmaneuver"],"picked":"Cloak And Dagger"}],"player_experience":1303736,"potions_floor_usage":[21,50,50,50],"damage_taken":[{"damage":0,"enemies":"Jaw Worm","floor":1,"turns":4},{"damage":0,"enemies":"2 Louse","floor":4,"turns":3},{"damage":23,"enemies":"Gremlin Nob","floor":7,"turns":5},{"damage":1,"enemies":"Small Slimes","floor":13,"turns":3},{"damage":2,"enemies":"Exordium Wildlife","floor":14,"turns":3},{"damage":18,"enemies":"The Guardian","floor":16,"turns":10},{"damage":4,"enemies":"Shell Parasite","floor":18,"turns":6},{"damage":3,"enemies":"Spheric Guardian","floor":20,"turns":4},{"damage":3,"enemies":"Snake Plant","floor":21,"turns":6},{"damage":7,"enemies":"Chosen and Byrds","floor":24,"turns":6},{"damage":2,"enemies":"Centurion and Healer","floor":28,"turns":5},{"damage":25,"enemies":"Champ","floor":33,"turns":10},{"damage":1,"enemies":"Orb Walker","floor":35,"turns":3},{"damage":1,"enemies":"3 Shapes","floor":44,"turns":4},{"damage":4,"enemies":"Maw","floor":46,"turns":7},{"damage":4,"enemies":"Sphere and 2 Shapes","floor":48,"turns":4},{"damage":36,"enemies":"Time Eater","floor":50,"turns":13}],"event_choices":[{"event_name":"Liars Game","player_choice":"agreed","floor":2,"damage_taken":0},{"event_name":"Scrap Ooze","player_choice":"success","floor":3,"damage_taken":7},{"event_name":"Big Fish","player_choice":"Box","floor":5,"damage_taken":0},{"event_name":"World of Goop","player_choice":"Gather Gold","floor":10,"damage_taken":0},{"event_name":"Mushrooms","player_choice":"Healed and dodged fight","floor":12,"damage_taken":0},{"event_name":"Transmorgrifier","player_choice":"Transform","floor":19,"damage_taken":0},{"event_name":"Back to Basics","player_choice":"Simplicity","floor":22,"damage_taken":0},{"event_name":"The Library","player_choice":"Heal","floor":30,"damage_taken":0},{"event_name":"Mysterious Sphere","player_choice":"Ignore","floor":36,"damage_taken":0},{"event_name":"Tomb of Lord Red Mask","player_choice":"Ignored","floor":39,"damage_taken":0},{"event_name":"Wheel of Change","player_choice":"Relic","floor":41,"damage_taken":0}],"boss_relics":[{"not_picked":["Tiny House","Eternal Feather"],"picked":"Cursed Key"},{"not_picked":["Snecko Eye","Black Star"],"picked":"Question Card"}],"potions_floor_spawned":[4,7,14,16,24,28,33,44,46,48],"seed_played":"7489282457128933133","ascension_level":0,"is_trial":false}