{"path_per_floor":["M","M","?","M","?","R","?","M","T","R","E","M","E","$","R","B",null,"M","M","?","M","M","R","M","M","T","?","R","T","R","M","R","B",null,"M","?","M","$","M","R","M","$","T","M","$","R","?","M","R","B"],"character_chosen":"THE_SILENT","items_purchased":["Well Laid Plans","Backflip","Snake Skull"],"gold_per_floor":[111,131,131,148,148,148,98,108,108,108,133,145,180,65,65,167,167,153,169,169,187,204,204,214,231,255,255,255,255,255,265,265,369,369,381,381,391,291,307,307,323,198,223,235,39,39,39,49,49,49],"floor_reached":51,"campfire_rested":2,"playtime":2947,"current_hp_per_floor":[64,63,63,58,58,58,58,49,49,70,64,63,59,59,59,23,70,59,61,61,54,52,58,70,53,60,60,68,68,76,65,73,49,77,77,77,76,76,75,77,62,62,62,44,44,75,75,77,79,68],"items_purged":["Strike_G","Strike_G","Deadly Poison"],"gold":49,"score":486,"play_id":"d5f52fb5-6191-4080-b00c-3df67df23748","is_prod":false,"is_daily":false,"is_ascension_mode":false,"campfire_upgraded":6,"path_taken":["M","M","?","?","?","R","?","?","T","R","E","M","E","$","R","BOSS","M","M","?","M","?","R","M","M","T","?","R","?","R","M","R","BOSS","M","?","M","$","M","R","M","$","T","M","$","R","?","M","R","BOSS"],"build_version":"2018-02-22-PROD2","purchased_purges":5,"victory":true,"master_deck":["Defend_G+1","Defend_G+1","Defend_G+1","Defend_G+1","Defend_G+1","Survivor","Neutralize+1","Dagger Throw","Bane","Footwork+1","Dash","Well Laid Plans+1","Tactician+1","Acrobatics+1","Tactician+1","Bouncing Flask+1","Escape Plan","Calculated Gamble+1","Predator","PiercingWail","Backflip","Acrobatics+1"],"max_hp_per_floor":[70,70,70,70,70,70,70,70,70,70,70,70,70,70,70,70,70,70,70,70,70,70,70,70,70,77,77,77,77,77,77,77,77,77,77,77,77,77,77,77,77,77,77,79,79,79,79,79,79,79],"relics":["The Specimen","Torii","Meat on the Bone","Blood Vial","Eternal Feather","Strawberry","Shovel","Bronze Scales","Philosopher\u0027s Stone","Singing Bowl","Snake Skull","Omamori"],"card_choices":[{"not_picked":["Quick Slash","Choke"],"picked":"Dagger Throw"},{"not_picked":["Acrobatics","Underhanded Strike"],"picked":"Dagger Throw"},{"not_picked":["Flying Knee","Prepared"],"picked":"Bane"},{"not_picked":["PiercingWail","Flying Knee"],"picked":"Footwork"},{"not_picked":["Outmaneuver","Crippling Poison"],"picked":"Deadly Poison"},{"not_picked":["Outmaneuver","Footwork"],"picked":"Dash"},{"not_picked":["Venomology","Corpse Explosion"],"picked":"Tactician"},{"not_picked":["Prepared","Blade Dance"],"picked":"Acrobatics"},{"not_picked":["Calculated Gamble","Sucker Punch"],"picked":"Bouncing Flask"},{"not_picked":["Setup","Deadly Poison"],"picked":"Escape Plan"},{"not_picked":["After Image","Riddle With Holes"],"picked":"Calculated Gamble"},{"not_picked":["Dagger Throw","Quick Slash"],"picked":"Predator"},{"not_picked":["Dagger Spray","Dodge and Roll"],"picked":"PiercingWail"},{"not_picked":["Crippling Poison","Backflip"],"picked":"Acrobatics"}],"player_experience":1418778,"potions_floor_usage":[11,24,24,25,31,50,50,50],"damage_taken":[{"damage":6,"enemies":"Jaw Worm","floor":1,"turns":5},{"damage":1,"enemies":"Cultist","floor":2,"turns":4},{"damage":5,"enemies":"Small Slimes","floor":4,"turns":4},{"damage":9,"enemies":"Exordium Thugs","floor":8,"turns":7},{"damage":6,"enemies":"Lagavulin","floor":11,"turns":8},{"damage":1,"enemies":"Blue Slaver","floor":12,"turns":4},{"damage":4,"enemies":"3 Sentries","floor":13,"turns":12},{"damage":50,"enemies":"Slime Boss","floor":16,"turns":18},{"damage":11,"enemies":"2 Thieves","floor":18,"turns":4},{"damage":0,"enemies":"3 Byrds","floor":19,"turns":6},{"damage":9,"enemies":"Centurion and Healer","floor":21,"turns":10},{"damage":4,"enemies":"Snake Plant","floor":22,"turns":6},{"damage":1,"enemies":"Cultist and Chosen","floor":24,"turns":6},{"damage":17,"enemies":"Slaver and Parasite","floor":25,"turns":6},{"damage":12,"enemies":"Snecko","floor":31,"turns":5},{"damage":38,"enemies":"Automaton","floor":33,"turns":11},{"damage":0,"enemies":"3 Shapes","floor":35,"turns":5},{"damage":1,"enemies":"3 Darklings","floor":37,"turns":6},{"damage":2,"enemies":"Maw","floor":39,"turns":7},{"damage":15,"enemies":"4 Shapes","floor":41,"turns":7},{"damage":34,"enemies":"Sphere and 2 Shapes","floor":44,"turns":6},{"damage":0,"enemies":"Maw","floor":48,"turns":6},{"damage":11,"enemies":"Donu and Deca","floor":50,"turns":8}],"event_choices":[{"event_name":"Living Wall","player_choice":"Forget","floor":3,"damage_taken":0},{"event_name":"Bonfire Elementals","player_choice":"BASIC","floor":5,"damage_taken":0},{"event_name":"The Cleric","player_choice":"Card Removal","floor":7,"damage_taken":0},{"event_name":"The Library","player_choice":"Read","floor":20,"damage_taken":0},{"event_name":"Back to Basics","player_choice":"Simplicity","floor":27,"damage_taken":0},{"event_name":"Mysterious Sphere","player_choice":"Ignore","floor":36,"damage_taken":0}],"boss_relics":[{"not_picked":["Tiny House","Lizard Tail"],"picked":"Eternal Feather"},{"not_picked":["Snecko Eye","Runic Pyramid"],"picked":"Philosopher\u0027s Stone"}],"potions_floor_spawned":[4,11,12,21,24,25,33,39,44,48],"seed_played":"462808700105581698","ascension_level":0,"is_trial":false}