{"path_per_floor":["M","$","?","?","M","E","M","$","T","R","M","R","M","M","R","B",null,"M","M","M","$","?","R","$","R","T","M","R","M","R","E","R","B",null,"M","?","?","?","M","R","M","R","T","M","?","$","M","M","R","B"],"character_chosen":"THE_SILENT","items_purchased":["Dash","Footwork","Footwork","Ice Cream"],"gold_per_floor":[113,0,0,0,10,37,55,55,55,55,70,70,89,101,101,197,197,214,228,242,167,167,167,85,85,111,128,128,148,148,177,177,280,280,296,296,296,296,315,315,334,334,334,351,351,63,78,90,90,90],"floor_reached":51,"campfire_rested":1,"playtime":2663,"current_hp_per_floor":[70,70,70,70,70,46,45,45,45,45,44,44,44,44,44,28,70,70,70,69,69,69,69,69,69,69,69,69,69,69,60,60,60,70,70,70,61,61,61,61,56,56,56,56,56,56,56,56,70,69],"items_purged":["Strike_G"],"gold":90,"score":569,"play_id":"65cfd117-32e5-49e5-93f5-ee4e140cb4b1","is_prod":false,"is_daily":false,"is_ascension_mode":false,"campfire_upgraded":10,"path_taken":["M","$","?","?","M","E","M","?","T","R","M","R","?","M","R","BOSS","M","?","M","?","?","R","$","R","T","M","R","M","R","E","R","BOSS","M","?","?","?","?","R","M","R","T","M","?","$","M","M","R","BOSS"],"build_version":"2018-02-22-PROD2","purchased_purges":1,"victory":true,"master_deck":["Defend_G+1","Defend_G","Defend_G","Defend_G","Defend_G+1","Survivor","Neutralize+1","Dagger Spray+1","Dash+1","Footwork+1","Quick Slash+1","Tools of the Trade","Malaise+1","Backflip+1","Flying Knee","Cloak And Dagger+1","Footwork+1","Finisher+1","Noxious Fumes+1","Well Laid Plans+1","Adrenaline","Madness","Madness","Malaise","Backstab+1","Bane+1","Skewer+1"],"max_hp_per_floor":[70,70,70,70,70,70,70,70,70,70,70,70,70,70,70,70,70,70,70,70,70,70,70,70,70,70,70,70,70,70,70,70,70,70,70,70,70,70,70,70,70,70,70,70,70,70,70,70,70,70],"relics":["Ring of the Snake","Anchor","War Paint","Unceasing Top","Sozu","Omamori","Ancient Tea Set","Cursed Key","Mercury Hourglass","Ice Cream"],"card_choices":[{"not_picked":["Outmaneuver","Crippling Poison"],"picked":"Dagger Spray"},{"not_picked":["Prepared","PiercingWail"],"picked":"Quick Slash"},{"not_picked":["Dagger Throw","Bane"],"picked":"Tools of the Trade"},{"not_picked":["Flying Knee","Poisoned Stab"],"picked":"Malaise"},{"not_picked":["Expertise","Sucker Punch"],"picked":"Backflip"},{"not_picked":["Deadly Poison","Dagger Throw"],"picked":"Flying Knee"},{"not_picked":["Outmaneuver","Blur"],"picked":"Cloak And Dagger"},{"not_picked":["Slice","All Out Attack"],"picked":"Finisher"},{"not_picked":["Dodge and Roll","Prepared"],"picked":"Noxious Fumes"},{"not_picked":["Flechettes","Finisher"],"picked":"Well Laid Plans"},{"not_picked":["Tactician","Tools of the Trade"],"picked":"Adrenaline"},{"not_picked":["Leg Sweep","Infinite Blades"],"picked":"Malaise"},{"not_picked":["Dodge and Roll","Sucker Punch"],"picked":"Backstab"},{"not_picked":["Flying Knee","Eviscerate"],"picked":"Bane"},{"not_picked":["Riddle With Holes","Phantasmal Killer"],"picked":"Skewer"}],"player_experience":1404764,"potions_floor_usage":[33,50],"damage_taken":[{"damage":0.0,"enemies":"2 Louse","floor":1.0,"turns":4.0},{"damage":0.0,"enemies":"Jaw Worm","floor":5.0,"turns":4.0},{"damage":24.0,"enemies":"Gremlin Nob","floor":6.0,"turns":5.0},{"damage":1.0,"enemies":"Cultist","floor":7.0,"turns":3.0},{"damage":1.0,"enemies":"Exordium Wildlife","floor":11.0,"turns":5.0},{"damage":0.0,"enemies":"Looter","floor":13.0,"turns":3.0},{"damage":0.0,"enemies":"Red Slaver","floor":14.0,"turns":4.0},{"damage":16.0,"enemies":"Hexaghost","floor":16.0,"turns":22.0},{"damage":0.0,"enemies":"3 Byrds","floor":18.0,"turns":6.0},{"damage":0.0,"enemies":"Shell Parasite","floor":19.0,"turns":7.0},{"damage":1.0,"enemies":"Sentry and Sphere","floor":20.0,"turns":8.0},{"damage":0,"enemies":"Slaver and Parasite","floor":27,"turns":8},{"damage":0,"enemies":"Snecko","floor":29,"turns":5},{"damage":9,"enemies":"Slavers","floor":31,"turns":6},{"damage":0,"enemies":"Champ","floor":33,"turns":10},{"damage":0,"enemies":"3 Shapes","floor":35,"turns":5},{"damage":0,"enemies":"Orb Walker","floor":39,"turns":4},{"damage":5,"enemies":"4 Shapes","floor":41,"turns":6},{"damage":0,"enemies":"Sphere and 2 Shapes","floor":44,"turns":5},{"damage":0,"enemies":"Maw","floor":47,"turns":8},{"damage":0,"enemies":"3 Darklings","floor":48,"turns":5},{"damage":1,"enemies":"Time Eater","floor":50,"turns":9}],"event_choices":[{"event_name":"Living Wall","player_choice":"Forget","floor":3.0,"damage_taken":0.0},{"event_name":"The Cleric","player_choice":"Leave","floor":4.0,"damage_taken":0.0},{"event_name":"Purifier","player_choice":"One Purge","floor":22,"damage_taken":0},{"event_name":"Winding Halls","player_choice":"Embrace Madness","floor":37,"damage_taken":0},{"event_name":"Purifier","player_choice":"One Purge","floor":38,"damage_taken":0},{"event_name":"Tomb of Lord Red Mask","player_choice":"Ignored","floor":45,"damage_taken":0}],"boss_relics":[{"not_picked":["Question Card","Runic Pyramid"],"picked":"Cursed Key"}],"potions_floor_spawned":[6,7,11,14,19,29,31,39,41,44],"seed_played":"-3669658805216628549","ascension_level":0,"is_trial":false}