{"path_per_floor":["M","?","M","?","?","R","$","R","T","R","$","T","E","M","R","B",null,"M","M","$","M","?","R","M","?","T","R","M","R","M","M","R","B",null,"M","$","M","M","M","R","?","M","T","M","M","R","?","?","R","B"],"character_chosen":"THE_SILENT","items_purchased":["Well Laid Plans","Noxious Fumes"],"gold_per_floor":[111,111,123,123,123,123,48,48,75,75,40,40,69,86,86,191,191,204,214,114,132,132,132,152,152,177,177,196,196,208,226,226,323,323,343,145,164,181,197,197,0,17,41,58,78,78,78,78,78,78],"floor_reached":51,"campfire_rested":1,"playtime":3104,"current_hp_per_floor":[70,63,61,43,43,43,43,43,43,43,43,43,50,54,54,48,70,70,70,70,69,69,69,62,49,49,49,42,64,70,75,75,75,75,75,75,68,75,70,70,70,75,75,75,75,75,75,75,75,39],"items_purged":["Strike_G","Strike_G","Strike_G"],"gold":78,"score":524,"play_id":"fd4944e4-c057-4748-a64a-dc7bf2cc5367","is_prod":false,"is_daily":false,"is_ascension_mode":false,"campfire_upgraded":10,"path_taken":["M","?","M","?","?","R","$","R","T","R","$","?","E","?","R","BOSS","M","M","$","M","?","R","M","?","T","R","M","R","M","M","R","BOSS","M","$","M","M","M","R","?","M","T","M","M","R","?","?","R","BOSS"],"build_version":"2018-02-22-PROD2","purchased_purges":3,"victory":true,"master_deck":["Defend_G","Defend_G","Defend_G+1","Survivor+1","Neutralize+1","A Thousand Cuts+1","Blade Dance+1","Sucker Punch","Well Laid Plans+1","Finisher+1","Burst+1","Endless Agony","Backflip+1","Predator+1","Footwork+1","Infinite Blades","Accuracy+1","Adrenaline","Backflip","Malaise+1","Noxious Fumes+1","Cloak And Dagger+1","Bullet Time+1"],"max_hp_per_floor":[70,70,70,70,70,70,70,70,70,70,70,70,70,70,70,70,70,70,70,70,70,70,70,70,75,75,75,75,75,75,75,75,75,75,75,75,75,75,75,75,75,75,75,75,75,75,75,75,75,75],"relics":["Ring of the Snake","Anchor","Pen Nib","Bird Faced Urn","War Paint","Sozu","Blood Vial","Orrery","Red Mask","Happy Flower"],"card_choices":[{"not_picked":["Slice","Leg Sweep"],"picked":"Blade Dance"},{"not_picked":["Outmaneuver","Crippling Poison"],"picked":"Sucker Punch"},{"not_picked":["Calculated Gamble","Acrobatics"],"picked":"Finisher"},{"not_picked":["Night Terror","Adrenaline"],"picked":"Burst"},{"not_picked":["Bane","Poisoned Stab"],"picked":"Endless Agony"},{"not_picked":["Calculated Gamble","Quick Slash"],"picked":"Backflip"},{"not_picked":["Unload","Bane"],"picked":"Predator"},{"not_picked":["Acrobatics","Flechettes"],"picked":"Footwork"},{"not_picked":["Distraction","Bane"],"picked":"Infinite Blades"},{"not_picked":["Dagger Throw","Outmaneuver"],"picked":"Accuracy"},{"not_picked":["Deflect","Sucker Punch"],"picked":"Adrenaline"},{"not_picked":["Acrobatics","Distraction"],"picked":"Backflip"},{"not_picked":["Escape Plan","Flechettes"],"picked":"Malaise"},{"not_picked":["Dodge and Roll","All Out Attack"],"picked":"Cloak And Dagger"}],"player_experience":1369992,"potions_floor_usage":[13,21],"damage_taken":[{"damage":0,"enemies":"2 Louse","floor":1,"turns":3},{"damage":2,"enemies":"Jaw Worm","floor":3,"turns":4},{"damage":6,"enemies":"Gremlin Nob","floor":13,"turns":4},{"damage":0,"enemies":"Small Slimes","floor":14,"turns":4},{"damage":10,"enemies":"Hexaghost","floor":16,"turns":8},{"damage":0,"enemies":"3 Byrds","floor":18,"turns":4},{"damage":0,"enemies":"Shell Parasite","floor":19,"turns":4},{"damage":1,"enemies":"Cultist and Chosen","floor":21,"turns":4},{"damage":10,"enemies":"Centurion and Healer","floor":24,"turns":4},{"damage":13,"enemies":"Slaver and Parasite","floor":28,"turns":3},{"damage":0,"enemies":"Snecko","floor":30,"turns":3},{"damage":1,"enemies":"Snake Plant","floor":31,"turns":4},{"damage":0,"enemies":"Champ","floor":33,"turns":8},{"damage":0,"enemies":"3 Darklings","floor":35,"turns":4},{"damage":9,"enemies":"Orb Walker","floor":37,"turns":3},{"damage":0,"enemies":"Maw","floor":38,"turns":6},{"damage":5,"enemies":"Sphere and 2 Shapes","floor":39,"turns":4},{"damage":0,"enemies":"3 Darklings","floor":42,"turns":3},{"damage":0,"enemies":"4 Shapes","floor":44,"turns":2},{"damage":0,"enemies":"Sphere and 2 Shapes","floor":45,"turns":5},{"damage":38,"enemies":"Time Eater","floor":50,"turns":8}],"event_choices":[{"event_name":"Golden Wing","player_choice":"Card Removal","floor":2,"damage_taken":0},{"event_name":"Scrap Ooze","player_choice":"success","floor":4,"damage_taken":18},{"event_name":"Living Wall","player_choice":"Forget","floor":5,"damage_taken":0},{"event_name":"Cursed Tome","player_choice":"Ignored","floor":22,"damage_taken":0},{"event_name":"Forgotten Altar","player_choice":"Shed Blood","floor":25,"damage_taken":0},{"event_name":"Tomb of Lord Red Mask","player_choice":"Paid","floor":41,"damage_taken":0},{"event_name":"Transmorgrifier","player_choice":"Transform","floor":47,"damage_taken":0},{"event_name":"Mysterious Sphere","player_choice":"Ignore","floor":48,"damage_taken":0}],"boss_relics":[{"not_picked":["The Specimen","Ectoplasm"],"picked":"Sozu"},{"not_picked":["Pandora\u0027s Box","Runic Dome"],"picked":"Orrery"}],"potions_floor_spawned":[1,16,19,21,24,33,39,42,45],"seed_played":"-2687677291879032976","ascension_level":0,"is_trial":false}