{"path_per_floor":["M","$","M","?","M","R","M","M","T","?","$","R","M","?","R","B",null,"M","?","?","M","$","R","E","R","T","$","M","R","M","M","R","B",null,"M","M","?","M","?","R","?","M","T","R","M","M","M","M","R"],"character_chosen":"THE_SILENT","items_purchased":["Accuracy"],"gold_per_floor":[109,34,49,124,137,137,148,167,167,117,17,17,29,49,49,153,153,168,83,83,94,94,94,129,129,129,49,60,60,72,84,84,179,179,199,219,219,234,234,234,234,254,281,281,298,309,326,345,345],"floor_reached":50,"campfire_rested":4,"playtime":2380,"current_hp_per_floor":[63,63,63,52,52,52,52,52,52,52,52,52,43,51,51,42,63,61,61,45,45,45,45,33,33,33,33,22,40,40,35,35,26,63,50,50,50,20,20,38,38,30,30,48,44,42,32,28,46],"items_purged":["Strike_G","Strike_G"],"gold":345,"score":408,"play_id":"b786df75-5fa2-4e36-bcac-2d767aef3885","is_prod":false,"is_daily":false,"is_ascension_mode":false,"campfire_upgraded":6,"path_taken":["M","$","M","?","?","R","M","M","T","?","$","R","M","?","R","BOSS","M","?","?","?","$","R","E","R","T","?","M","R","M","M","R","BOSS","M","M","?","M","?","R","?","M","T","R","M","M","M","M","R","BOSS"],"build_version":"2018-02-22-PROD2","purchased_purges":2,"victory":false,"master_deck":["Defend_G","Defend_G","Defend_G","Defend_G","Strike_G","Strike_G","Survivor","Neutralize+1","Cloak And Dagger+1","Cloak And Dagger+1","Choke","Caltrops","Flechettes+1","Escape Plan","Cloak And Dagger+1","Escape Plan","Outmaneuver","Accuracy+1","Well Laid Plans","Infinite Blades","Terror","A Thousand Cuts","Backflip+1","Backstab+1","Concentrate+1","Backflip+1"],"max_hp_per_floor":[63,63,63,63,63,63,63,63,63,63,63,63,63,63,63,63,63,63,63,63,63,63,63,63,63,63,63,63,63,63,63,63,63,63,63,63,63,63,63,63,63,63,63,63,63,63,63,63,63],"relics":["Ring of the Snake","Ice Cream","Art of War","Odd Mushroom","Sozu","Prayer Wheel","Nilry\u0027s Codex","Bag of Marbles","Anchor","Juzu Bracelet"],"card_choices":[{"not_picked":["Bullet Time","Eviscerate"],"picked":"Cloak And Dagger"},{"not_picked":["Slice","Sucker Punch"],"picked":"Cloak And Dagger"},{"not_picked":["Quick Slash","Setup"],"picked":"Choke"},{"not_picked":["Slice","Night Terror"],"picked":"Caltrops"},{"not_picked":["Escape Plan","Poisoned Stab"],"picked":"Flechettes"},{"not_picked":["Reflex","Bane"],"picked":"Escape Plan"},{"not_picked":["Leg Sweep","Bane"],"picked":"Cloak And Dagger"},{"not_picked":["Flying Knee","Underhanded Strike"],"picked":"Escape Plan"},{"not_picked":["Choke","Dagger Throw"],"picked":"Outmaneuver"},{"not_picked":["Blur","Outmaneuver"],"picked":"Well Laid Plans"},{"not_picked":["Sucker Punch","Bouncing Flask"],"picked":"Infinite Blades"},{"not_picked":["Prepared","Poisoned Stab"],"picked":"Terror"},{"not_picked":["Wraith Form","Glass Knife"],"picked":"A Thousand Cuts"},{"not_picked":["Dodge and Roll","Masterful Stab"],"picked":"Backflip"},{"not_picked":["Sucker Punch","Bane"],"picked":"Backstab"},{"not_picked":["Crippling Poison","Dagger Throw"],"picked":"Concentrate"},{"not_picked":["Backstab","Quick Slash"],"picked":"Backflip"}],"player_experience":1364566,"potions_floor_usage":[7,14,18,24,28],"damage_taken":[{"damage":0,"enemies":"Small Slimes","floor":1,"turns":4},{"damage":0,"enemies":"Cultist","floor":3,"turns":4},{"damage":0,"enemies":"2 Louse","floor":5,"turns":3},{"damage":0,"enemies":"Exordium Wildlife","floor":7,"turns":4},{"damage":0,"enemies":"2 Fungi Beasts","floor":8,"turns":5},{"damage":9,"enemies":"Large Slime","floor":13,"turns":6},{"damage":4,"enemies":"The Mushroom Lair","floor":14,"turns":5},{"damage":9,"enemies":"The Guardian","floor":16,"turns":13},{"damage":2,"enemies":"Chosen","floor":18,"turns":6},{"damage":0,"enemies":"3 Byrds","floor":21,"turns":4},{"damage":12,"enemies":"Gremlin Leader","floor":24,"turns":12},{"damage":11,"enemies":"Cultist and Chosen","floor":28,"turns":5},{"damage":0,"enemies":"3 Cultists","floor":30,"turns":5},{"damage":5,"enemies":"Snake Plant","floor":31,"turns":4},{"damage":9,"enemies":"Champ","floor":33,"turns":12},{"damage":13,"enemies":"Orb Walker","floor":35,"turns":3},{"damage":0,"enemies":"3 Shapes","floor":36,"turns":6},{"damage":30,"enemies":"Sphere and 2 Shapes","floor":38,"turns":5},{"damage":8,"enemies":"3 Darklings","floor":42,"turns":6},{"damage":4,"enemies":"Maw","floor":45,"turns":6},{"damage":2,"enemies":"4 Shapes","floor":46,"turns":4},{"damage":10,"enemies":"3 Darklings","floor":47,"turns":4},{"damage":4,"enemies":"Sphere and 2 Shapes","floor":48,"turns":4},{"damage":52,"enemies":"Time Eater","floor":50,"turns":5}],"event_choices":[{"event_name":"World of Goop","player_choice":"Gather Gold","floor":4,"damage_taken":0},{"event_name":"The Cleric","player_choice":"Card Removal","floor":10,"damage_taken":0},{"event_name":"Mushrooms","player_choice":"Fought Mushrooms","floor":14,"damage_taken":0},{"event_name":"Addict","player_choice":"Obtained Relic","floor":19,"damage_taken":0},{"event_name":"Cursed Tome","player_choice":"Obtained Book","floor":20,"damage_taken":0},{"event_name":"Tomb of Lord Red Mask","player_choice":"Ignored","floor":39,"damage_taken":0},{"event_name":"The Woman in Blue","player_choice":"Bought 0 Potions","floor":41,"damage_taken":0}],"boss_relics":[{"not_picked":["Runic Pyramid","Philosopher\u0027s Stone"],"picked":"Sozu"},{"not_picked":["Snecko Eye","Calling Bell","Velvet Choker"]}],"potions_floor_spawned":[1,3,8,13,14,21,28,30,31,42,45,47,48],"seed_played":"-520586492626112602","killed_by":"Time Eater","ascension_level":0,"is_trial":false}