{"path_per_floor":["M","M","?","M","M","R","M","$","T","M","R","?","R","M","R","B",null,"M","?","M","M","M","R","?","R","T","M","R","M","M","?","R"],"character_chosen":"THE_SILENT","items_purchased":[],"gold_per_floor":[117,132,132,148,162,162,180,105,160,172,172,172,172,188,188,313,313,329,329,350,366,391,391,391,391,415,438,438,462,485,485,485],"floor_reached":33,"campfire_rested":2,"playtime":1112,"current_hp_per_floor":[70,70,56,56,54,54,50,50,50,45,45,45,45,45,45,39,65,46,38,47,47,30,30,30,49,49,49,49,45,24,45,64],"items_purged":["Strike_G"],"gold":485,"score":243,"play_id":"d04be631-9f1a-4ef5-a8e0-0bd3a4a73d6b","is_prod":false,"is_daily":false,"is_ascension_mode":false,"campfire_upgraded":6,"path_taken":["M","M","?","M","M","R","M","$","T","M","R","?","R","M","R","BOSS","M","?","M","M","?","R","?","R","T","M","R","M","?","?","R","BOSS"],"build_version":"2018-02-22-PROD1","purchased_purges":1,"victory":false,"master_deck":["Defend_G","Defend_G","Defend_G","Defend_G","Defend_G","Strike_G","Strike_G+1","Strike_G","Strike_G","Survivor+1","Neutralize+1","Infinite Blades","Infinite Blades","Blade Dance+1","Flying Knee+1","Terror+1","PiercingWail","Acrobatics+1","Choke+1","Escape Plan","Backflip"],"max_hp_per_floor":[70,70,70,70,70,70,70,70,70,70,70,65,65,65,65,65,65,65,65,65,65,65,65,65,65,65,65,65,65,65,65,65],"relics":["Ring of the Snake","Happy Flower","Golden Idol","Sozu","Ancient Tea Set"],"card_choices":[{"not_picked":["Slice","PiercingWail"],"picked":"Infinite Blades"},{"not_picked":["Quick Slash","Backflip"],"picked":"Infinite Blades"},{"not_picked":["Crippling Poison","Choke"],"picked":"Blade Dance"},{"not_picked":["Sucker Punch","Reflex"],"picked":"Flying Knee"},{"not_picked":["Backflip","Corpse Explosion"],"picked":"Terror"},{"not_picked":["Poisoned Stab","Quick Slash"],"picked":"PiercingWail"},{"not_picked":["Deadly Poison","Prepared"],"picked":"Acrobatics"},{"not_picked":["Dagger Spray","Tools of the Trade"],"picked":"Choke"},{"not_picked":["Poisoned Stab","Deflect"],"picked":"Escape Plan"},{"not_picked":["Expertise","Deflect"],"picked":"Backflip"}],"player_experience":1315343,"potions_floor_usage":[10,20,20],"damage_taken":[{"damage":0,"enemies":"2 Louse","floor":1,"turns":2},{"damage":0,"enemies":"Jaw Worm","floor":2,"turns":6},{"damage":0,"enemies":"Small Slimes","floor":4,"turns":3},{"damage":2,"enemies":"Blue Slaver","floor":5,"turns":6},{"damage":4,"enemies":"Exordium Wildlife","floor":7,"turns":7},{"damage":5,"enemies":"Exordium Thugs","floor":10,"turns":5},{"damage":0,"enemies":"Looter","floor":14,"turns":3},{"damage":6,"enemies":"Slime Boss","floor":16,"turns":9},{"damage":19,"enemies":"Spheric Guardian","floor":18,"turns":5},{"damage":0,"enemies":"Chosen","floor":20,"turns":4},{"damage":0,"enemies":"Centurion and Healer","floor":21,"turns":5},{"damage":17,"enemies":"3 Cultists","floor":22,"turns":6},{"damage":0,"enemies":"Snake Plant","floor":27,"turns":3},{"damage":4,"enemies":"Centurion and Healer","floor":29,"turns":6},{"damage":21,"enemies":"Chosen and Byrds","floor":30,"turns":6},{"damage":72,"enemies":"Champ","floor":33,"turns":10}],"event_choices":[{"event_name":"Shining Light","player_choice":"Entered Light","floor":3,"damage_taken":0},{"event_name":"Golden Idol","player_choice":"Lose Max HP","floor":12,"damage_taken":0},{"event_name":"Knowing Skull","player_choice":"","floor":19,"damage_taken":0},{"event_name":"Vampires","player_choice":"Ignored","floor":24,"damage_taken":0},{"event_name":"The Library","player_choice":"Heal","floor":31,"damage_taken":0}],"boss_relics":[{"not_picked":["Philosopher\u0027s Stone","Question Card"],"picked":"Sozu"}],"potions_floor_spawned":[2,10,16,18,21,29],"seed_played":"-2094468257355241419","killed_by":"Champ","ascension_level":0,"is_trial":false}