{"path_per_floor":["M","M","?","$","M","E","R","M","T","M","R","M","R","?","R","B",null,"M","?","M","?","T","R","E","R","T","M","M","R","$","M","R","B",null,"M","M","?","$","?","R","M","$","T","M","M","R","$","?","R","B"],"character_chosen":"THE_SILENT","items_purchased":["Oddly Smooth Stone","Strawberry","Noxious Fumes","Outmaneuver","Kunai","Dark Shackles"],"gold_per_floor":[119,136,311,83,99,127,127,145,191,211,211,224,224,224,224,327,327,343,343,358,358,381,381,416,416,416,434,445,445,132,142,142,241,241,253,271,271,248,248,248,262,23,77,90,104,104,10,0,0,0],"floor_reached":51,"campfire_rested":0,"playtime":2009,"current_hp_per_floor":[68,68,68,68,68,61,61,61,61,60,60,60,60,60,60,54,70,60,60,60,60,60,60,48,48,48,45,45,45,52,51,51,51,77,77,77,77,77,67,67,63,63,63,76,73,73,73,73,73,70],"items_purged":["Doubt","Acrobatics"],"gold":0,"score":617,"play_id":"70f3ed9a-d0bb-44f1-9ebf-897114cd2800","is_prod":false,"is_daily":false,"is_ascension_mode":false,"campfire_upgraded":11,"path_taken":["M","M","?","$","M","E","R","M","T","M","R","M","R","?","R","BOSS","M","?","?","?","?","R","E","R","T","?","M","R","$","?","R","BOSS","M","M","?","$","?","R","?","$","T","M","M","R","$","?","R","BOSS"],"build_version":"2018-02-22-PROD2","purchased_purges":2,"victory":true,"master_deck":["Survivor","Neutralize+1","Dash+1","Well Laid Plans+1","Caltrops+1","Terror+1","Leg Sweep+1","Quick Slash+1","Quick Slash+1","Backflip+1","Backflip","Backstab","Terror","Heel Hook","Finisher+1","Dodge and Roll","Backflip","Noxious Fumes+1","Deflect+1","Backstab+1","Outmaneuver+1","Madness","Madness","Infinite Blades+1","Infinite Blades","Dark Shackles"],"max_hp_per_floor":[70,70,70,70,70,70,70,70,70,70,70,70,70,70,70,70,70,70,70,70,70,70,70,70,70,70,70,70,70,77,77,77,77,77,77,77,77,77,77,77,77,77,77,79,79,79,79,79,79,79],"relics":["Ring of the Snake","Bronze Scales","Oddly Smooth Stone","Omamori","Pen Nib","Pandora\u0027s Box","Vajra","Paper Crane","Shuriken","Strawberry","Cursed Key","Kunai","Singing Bowl","Red Mask"],"card_choices":[{"not_picked":["Dagger Throw","Cloak And Dagger"],"picked":"Dash"},{"not_picked":["Dodge and Roll","PiercingWail"],"picked":"Well Laid Plans"},{"not_picked":["Night Terror","Slice"],"picked":"Caltrops"},{"not_picked":["Acrobatics","Bane"],"picked":"Terror"},{"not_picked":["Deadly Poison","Riddle With Holes"],"picked":"Dodge and Roll"},{"not_picked":["Blur","Acrobatics"],"picked":"Deflect"},{"not_picked":["Prepared","Acrobatics"],"picked":"Backstab"},{"not_picked":["Deflect","Acrobatics"],"picked":"Infinite Blades"},{"not_picked":["All Out Attack","Dodge and Roll"],"picked":"Infinite Blades"}],"player_experience":1362557,"potions_floor_usage":[44,50,50,50],"damage_taken":[{"damage":2,"enemies":"Jaw Worm","floor":1,"turns":4},{"damage":0,"enemies":"Small Slimes","floor":2,"turns":4},{"damage":0,"enemies":"Cultist","floor":5,"turns":4},{"damage":7,"enemies":"3 Sentries","floor":6,"turns":9},{"damage":0,"enemies":"2 Fungi Beasts","floor":8,"turns":4},{"damage":1,"enemies":"Red Slaver","floor":10,"turns":4},{"damage":0,"enemies":"Large Slime","floor":12,"turns":5},{"damage":6,"enemies":"The Guardian","floor":16,"turns":9},{"damage":10,"enemies":"2 Thieves","floor":18,"turns":3},{"damage":0,"enemies":"Chosen","floor":20,"turns":3},{"damage":12,"enemies":"Gremlin Leader","floor":24,"turns":6},{"damage":3,"enemies":"3 Cultists","floor":27,"turns":4},{"damage":0,"enemies":"Centurion and Healer","floor":28,"turns":5},{"damage":1,"enemies":"Slaver and Parasite","floor":31,"turns":5},{"damage":0,"enemies":"Champ","floor":33,"turns":9},{"damage":0,"enemies":"3 Shapes","floor":35,"turns":4},{"damage":0,"enemies":"Orb Walker","floor":36,"turns":3},{"damage":4,"enemies":"Sphere and 2 Shapes","floor":41,"turns":4},{"damage":1,"enemies":"4 Shapes","floor":44,"turns":5},{"damage":3,"enemies":"Maw","floor":45,"turns":5},{"damage":3,"enemies":"Donu and Deca","floor":50,"turns":7}],"event_choices":[{"event_name":"Liars Game","player_choice":"agreed","floor":3,"damage_taken":0},{"event_name":"Transmorgrifier","player_choice":"Transform","floor":14,"damage_taken":0},{"event_name":"Upgrade Shrine","player_choice":"Upgraded","floor":19,"damage_taken":0},{"event_name":"The Library","player_choice":"Read","floor":21,"damage_taken":0},{"event_name":"The Lab","player_choice":"Got Potions","floor":37,"damage_taken":0},{"event_name":"Winding Halls","player_choice":"Embrace Madness","floor":39,"damage_taken":0},{"event_name":"Tomb of Lord Red Mask","player_choice":"Paid","floor":48,"damage_taken":0}],"boss_relics":[{"not_picked":["White Beast Statue","The Specimen"],"picked":"Pandora\u0027s Box"},{"not_picked":["Tiny House","Astrolabe"],"picked":"Cursed Key"}],"potions_floor_spawned":[2,6,20,28,41,44,45],"seed_played":"9078257365954770962","ascension_level":0,"is_trial":false}