{"path_per_floor":["M","?","M","M","M","R","?","R","T","?","M","R","M","T","R","B",null,"M","M","?","$","M","R","?","M","T","R","$","R","E","M","R","B",null,"M","M","?","T","M","R","M","R","T","M","R","M","M","?","R","B"],"character_chosen":"THE_SILENT","items_purchased":["Paper Crane"],"gold_per_floor":[114,114,125,140,159,159,184,184,184,184,194,194,210,210,210,314,314,332,345,345,21,41,41,41,53,122,122,22,22,53,68,68,166,196,212,225,0,0,17,17,29,29,74,84,84,96,113,113,113,113],"floor_reached":51,"campfire_rested":1,"playtime":2181,"current_hp_per_floor":[70,56,56,56,53,53,47,47,47,47,47,47,47,47,47,16,70,68,68,68,68,67,67,67,61,61,61,61,61,52,52,52,59,75,72,72,72,72,72,72,71,71,71,70,70,68,68,59,75,41],"items_purged":["Strike_G","Decay"],"gold":113,"score":511,"play_id":"74c0618f-f33d-4025-9d27-cf33dc0e40d1","is_prod":false,"is_daily":false,"is_ascension_mode":false,"campfire_upgraded":11,"path_taken":["M","?","M","M","M","R","?","R","T","?","M","R","M","?","R","BOSS","M","M","?","$","M","R","?","M","T","R","$","R","E","M","R","BOSS","M","M","?","?","M","R","M","R","T","M","R","M","?","?","R","BOSS"],"build_version":"2018-02-15-PROD1","purchased_purges":2,"victory":true,"master_deck":["Defend_G+1","Defend_G+1","Defend_G+1","Defend_G+1","Defend_G","Strike_G","Strike_G","Survivor+1","Neutralize+1","Flying Knee+1","Dagger Spray+1","Backflip+1","Escape Plan","Storm of Steel+1","Noxious Fumes+1","Acrobatics+1","Cloak And Dagger+1","Accuracy+1","Adrenaline+1","Prepared+1","Flying Knee+1","Noxious Fumes+1","Blade Dance+1","Acrobatics","Madness","Madness","Calculated Gamble"],"max_hp_per_floor":[70,70,70,70,70,70,70,70,70,70,70,70,70,70,70,70,70,70,70,70,70,70,70,70,70,70,70,70,70,70,70,70,70,75,75,75,75,75,75,75,75,75,75,75,75,75,75,75,75,75],"relics":["Ring of the Snake","Odd Mushroom","Gambling Chip","Tingsha","Philosopher\u0027s Stone","Paper Crane","Pantograph","Happy Flower","Tiny House","Red Mask","Dead Branch","Dream Catcher"],"card_choices":[{"not_picked":["Acrobatics","Dagger Throw"],"picked":"Flying Knee"},{"not_picked":["Envenom","PiercingWail"],"picked":"Dagger Spray"},{"not_picked":["Quick Slash","Underhanded Strike"],"picked":"Backflip"},{"not_picked":["Reflex","Caltrops"],"picked":"Escape Plan"},{"not_picked":["Doppelganger","Grand Finale"],"picked":"Storm of Steel"},{"not_picked":["Sucker Punch","Poisoned Stab"],"picked":"Noxious Fumes"},{"not_picked":["Sucker Punch","Reflex"],"picked":"Acrobatics"},{"not_picked":["Choke","Deadly Poison"],"picked":"Cloak And Dagger"},{"not_picked":["Deflect","Backflip"],"picked":"Accuracy"},{"not_picked":["Envenom","Tools of the Trade"],"picked":"Adrenaline"},{"not_picked":["Predator","Dodge and Roll"],"picked":"Prepared"},{"not_picked":["Expertise","Dash"],"picked":"Flying Knee"},{"not_picked":["Dodge and Roll","Acrobatics"],"picked":"Noxious Fumes"},{"not_picked":["Cloak And Dagger","Malaise"],"picked":"Blade Dance"},{"not_picked":["Distraction","PiercingWail"],"picked":"Acrobatics"},{"not_picked":["Poisoned Stab","Eviscerate"],"picked":"Calculated Gamble"}],"player_experience":1282635,"potions_floor_usage":[16,18,30,50,50,50],"damage_taken":[{"damage":0,"enemies":"Cultist","floor":1,"turns":5},{"damage":0,"enemies":"Jaw Worm","floor":3,"turns":4},{"damage":0,"enemies":"2 Louse","floor":4,"turns":3},{"damage":3,"enemies":"Large Slime","floor":5,"turns":7},{"damage":6,"enemies":"The Mushroom Lair","floor":7,"turns":4},{"damage":0,"enemies":"Exordium Wildlife","floor":11,"turns":2},{"damage":0,"enemies":"Looter","floor":13,"turns":3},{"damage":31,"enemies":"Slime Boss","floor":16,"turns":17},{"damage":2,"enemies":"2 Thieves","floor":18,"turns":2},{"damage":0,"enemies":"3 Byrds","floor":19,"turns":3},{"damage":1,"enemies":"Snecko","floor":22,"turns":5},{"damage":6,"enemies":"3 Cultists","floor":25,"turns":4},{"damage":9,"enemies":"Slavers","floor":30,"turns":4},{"damage":0,"enemies":"Snake Plant","floor":31,"turns":4},{"damage":11,"enemies":"Champ","floor":33,"turns":10},{"damage":3,"enemies":"3 Darklings","floor":35,"turns":3},{"damage":0,"enemies":"Orb Walker","floor":36,"turns":1},{"damage":0,"enemies":"Sphere and 2 Shapes","floor":39,"turns":2},{"damage":1,"enemies":"4 Shapes","floor":41,"turns":4},{"damage":1,"enemies":"Maw","floor":44,"turns":7},{"damage":2,"enemies":"3 Darklings","floor":46,"turns":3},{"damage":0,"enemies":"Sphere and 2 Shapes","floor":47,"turns":2},{"damage":34,"enemies":"Time Eater","floor":50,"turns":13}],"event_choices":[{"event_name":"Shining Light","player_choice":"Entered Light","floor":2,"damage_taken":0},{"event_name":"Mushrooms","player_choice":"Fought Mushrooms","floor":7,"damage_taken":0},{"event_name":"Purifier","player_choice":"One Purge","floor":10,"damage_taken":0},{"event_name":"The Mausoleum","player_choice":"No","floor":20,"damage_taken":0},{"event_name":"Wheel of Change","player_choice":"Curse","floor":24,"damage_taken":0},{"event_name":"Tomb of Lord Red Mask","player_choice":"Paid","floor":37,"damage_taken":0},{"event_name":"Winding Halls","player_choice":"Embrace Madness","floor":48,"damage_taken":0}],"boss_relics":[{"not_picked":["Velvet Choker","The Specimen"],"picked":"Philosopher\u0027s Stone"},{"not_picked":["Pandora\u0027s Box","Snecko Eye"],"picked":"Tiny House"}],"potions_floor_spawned":[11,16,22,30,39,44,46],"seed_played":"5620415310124902187","ascension_level":0,"is_trial":false}