{"path_per_floor":["M","M","M","?","$","R","M","R","T","$","R","$","?","?","R","B",null,"M","?","M","?","$","R","M","E","T","R","M","?","R","$","R"],"character_chosen":"THE_SILENT","items_purchased":["Concentrate"],"gold_per_floor":[113,129,147,147,72,72,90,90,90,90,90,90,90,90,90,186,186,199,199,213,213,113,113,130,165,211,211,221,136,136,64,64],"floor_reached":33,"campfire_rested":0,"playtime":1237,"current_hp_per_floor":[68,61,59,47,47,47,47,47,47,47,54,54,54,54,54,39,77,74,60,63,63,63,69,59,43,43,51,45,45,53,53,61],"items_purged":["Strike_G","Strike_G"],"gold":64,"score":251,"play_id":"374743ee-6935-4dc1-8305-ec88e4db9bee","is_prod":false,"is_daily":false,"is_ascension_mode":false,"campfire_upgraded":3,"path_taken":["M","M","M","?","?","R","?","R","T","$","R","$","?","?","R","BOSS","M","?","?","?","?","R","M","E","T","R","M","?","R","?","R","BOSS"],"build_version":"2018-02-22-PROD2","purchased_purges":2,"victory":false,"master_deck":["Defend_G","Defend_G","Defend_G","Defend_G","Defend_G","Strike_G","Strike_G","Survivor","Neutralize+1","Pain","Parasite","Normality","Dash+1","Escape Plan","Caltrops+1","Infinite Blades","Malaise+1","Backflip","Deadly Poison+1","Backflip","Bane+1","Concentrate+1"],"max_hp_per_floor":[70,70,70,70,70,70,70,70,70,70,77,77,77,77,77,77,77,77,82,82,82,82,82,82,82,82,82,82,82,82,82,82],"relics":["Calling Bell","Mercury Hourglass","Blue Candle","Shovel","Thread and Needle","Bag of Marbles","Strawberry","Meat on the Bone","Eternal Feather","Peace Pipe","Pen Nib","Blood Vial","Bag of Preparation","Dodecahedron","Gremlin Horn"],"card_choices":[{"not_picked":["Deadly Poison","Finisher"],"picked":"Dash"},{"not_picked":["Setup","Venomology"],"picked":"Escape Plan"},{"not_picked":["Deflect","Accuracy"],"picked":"Caltrops"},{"not_picked":["Malaise","Dodge and Roll"],"picked":"Infinite Blades"},{"not_picked":["Dagger Throw","Outmaneuver"],"picked":"Malaise"},{"not_picked":["Finisher","Deadly Poison"],"picked":"Backflip"},{"not_picked":["Slice","Dagger Throw"],"picked":"Deadly Poison"},{"not_picked":["Flying Knee","A Thousand Cuts"],"picked":"Backflip"},{"not_picked":["Finisher","Dagger Spray"],"picked":"Bane"}],"player_experience":1328692,"potions_floor_usage":[7,16,20,20,25,25,33],"damage_taken":[{"damage":2,"enemies":"Jaw Worm","floor":1,"turns":4},{"damage":7,"enemies":"Small Slimes","floor":2,"turns":4},{"damage":2,"enemies":"Cultist","floor":3,"turns":4},{"damage":0,"enemies":"Lots of Slimes","floor":7,"turns":1},{"damage":15,"enemies":"Slime Boss","floor":16,"turns":10},{"damage":3,"enemies":"Shell Parasite","floor":18,"turns":5},{"damage":12,"enemies":"Chosen","floor":20,"turns":6},{"damage":10,"enemies":"3 Cultists","floor":24,"turns":6},{"damage":43,"enemies":"Slavers","floor":25,"turns":6},{"damage":8,"enemies":"Slaver and Parasite","floor":28,"turns":7},{"damage":67,"enemies":"Champ","floor":33,"turns":15}],"event_choices":[{"event_name":"Scrap Ooze","player_choice":"success","floor":4,"damage_taken":12},{"event_name":"The Lab","player_choice":"Got Potions","floor":13,"damage_taken":0},{"event_name":"Upgrade Shrine","player_choice":"Upgraded","floor":14,"damage_taken":0},{"event_name":"Forgotten Altar","player_choice":"Shed Blood","floor":19,"damage_taken":0},{"event_name":"Bonfire Elementals","player_choice":"BASIC","floor":21,"damage_taken":0},{"event_name":"Addict","player_choice":"Obtained Relic","floor":29,"damage_taken":0}],"boss_relics":[{"not_picked":["Question Card","Runic Pyramid"],"picked":"Eternal Feather"}],"potions_floor_spawned":[1,3,18,24,25],"seed_played":"-3877972768460420352","killed_by":"Champ","ascension_level":0,"is_trial":false}