{"path_per_floor":["M","?","M","M","M","R","$","?","T","E","M","M","R","$","R","B",null,"M","?","M","M","?","E","R","M","T","$","?","R","$","M","R","B",null,"M","?","T","M","M","R","M","?","T","?","E","?","R","$","R","B"],"character_chosen":"THE_SILENT","items_purchased":["Vajra","Mango","Oddly Smooth Stone","Letter Opener","Burst","Bandage Up"],"gold_per_floor":[118,118,143,167,183,183,108,208,508,543,564,584,584,329,329,455,455,476,391,414,438,438,471,471,495,521,212,212,212,66,90,90,210,210,235,235,235,255,273,273,298,298,298,298,341,674,674,23,23,23],"floor_reached":51,"campfire_rested":2,"playtime":2443,"current_hp_per_floor":[68,51,51,51,49,49,49,49,49,46,46,46,46,46,46,38,70,70,70,70,70,70,56,56,58,58,72,72,72,72,74,74,59,84,84,73,73,71,52,77,64,64,64,64,49,49,74,74,74,49],"items_purged":["Strike_G","Strike_G","Prepared"],"gold":23,"score":570,"play_id":"89c3bc7d-6e4f-4571-8291-d5abfda278f4","is_prod":false,"is_daily":false,"is_ascension_mode":false,"campfire_upgraded":7,"path_taken":["M","?","M","M","?","R","$","?","T","E","M","M","R","$","R","BOSS","M","?","?","M","?","E","R","M","T","$","?","R","$","M","R","BOSS","M","?","?","M","M","R","M","?","T","?","E","?","R","$","R","BOSS"],"build_version":"2018-02-22-PROD2","purchased_purges":3,"victory":true,"master_deck":["Survivor","Neutralize+1","Backstab","Predator+1","Leg Sweep","Well Laid Plans+1","Glass Knife+1","Storm of Steel+1","Deadly Poison","Cloak And Dagger+1","Leg Sweep","PiercingWail","Prepared","Acrobatics","Caltrops","Predator+1","Terror+1","Backflip","Noxious Fumes+1","Madness","Backstab+1","PiercingWail+1","Burst+1","Bandage Up"],"max_hp_per_floor":[70,70,70,70,70,70,70,70,70,70,70,70,70,70,70,70,70,70,70,70,70,70,70,70,70,70,84,84,84,84,84,84,84,84,84,84,84,84,84,84,84,84,84,84,84,84,84,84,84,84],"relics":["Ring of the Snake","Old Coin","Bottled Tornado","Vajra","Pandora\u0027s Box","Toolbox","Blood Vial","Happy Flower","Mango","Oddly Smooth Stone","Runic Dome","Juzu Bracelet","Shuriken","Sundial","Letter Opener"],"card_choices":[{"not_picked":["Dagger Throw","Distraction"],"picked":"Backstab"},{"not_picked":["Terror","Acrobatics"],"picked":"Predator"},{"not_picked":["Catalyst","Dodge and Roll"],"picked":"Leg Sweep"},{"not_picked":["Prepared","Acrobatics"],"picked":"Well Laid Plans"},{"not_picked":["Infinite Blades","Expertise"],"picked":"Glass Knife"},{"not_picked":["Corpse Explosion","Wraith Form"],"picked":"Storm of Steel"},{"not_picked":["Deflect","Distraction"],"picked":"Terror"},{"not_picked":["Prepared","Predator"],"picked":"Backflip"},{"not_picked":["Quick Slash","Dagger Spray"],"picked":"Noxious Fumes"},{"not_picked":["Sucker Punch","Dodge and Roll"],"picked":"Backstab"},{"not_picked":["Leg Sweep","Sucker Punch"],"picked":"PiercingWail"}],"player_experience":1367549,"potions_floor_usage":[23,31,33,38,50,50,50],"damage_taken":[{"damage":2,"enemies":"Small Slimes","floor":1,"turns":6},{"damage":0,"enemies":"Jaw Worm","floor":3,"turns":3},{"damage":0,"enemies":"Cultist","floor":4,"turns":2},{"damage":2,"enemies":"Looter","floor":5,"turns":2},{"damage":3,"enemies":"3 Sentries","floor":10,"turns":10},{"damage":0,"enemies":"Lots of Slimes","floor":11,"turns":3},{"damage":0,"enemies":"2 Fungi Beasts","floor":12,"turns":2},{"damage":8,"enemies":"The Guardian","floor":16,"turns":11},{"damage":0,"enemies":"Shell Parasite","floor":18,"turns":4},{"damage":0,"enemies":"Chosen","floor":20,"turns":3},{"damage":0,"enemies":"Snake Plant","floor":21,"turns":2},{"damage":14,"enemies":"Gremlin Leader","floor":23,"turns":10},{"damage":0,"enemies":"Snecko","floor":25,"turns":3},{"damage":0,"enemies":"Chosen and Byrds","floor":31,"turns":3},{"damage":17,"enemies":"Automaton","floor":33,"turns":9},{"damage":0,"enemies":"Orb Walker","floor":35,"turns":1},{"damage":8,"enemies":"3 Darklings","floor":38,"turns":5},{"damage":21,"enemies":"Maw","floor":39,"turns":6},{"damage":15,"enemies":"Sphere and 2 Shapes","floor":41,"turns":5},{"damage":17,"enemies":"Nemesis","floor":45,"turns":5},{"damage":31,"enemies":"Donu and Deca","floor":50,"turns":7}],"event_choices":[{"event_name":"Golden Idol","player_choice":"Take Damage","floor":2,"damage_taken":0},{"event_name":"Golden Shrine","player_choice":"Pray","floor":8,"damage_taken":0},{"event_name":"Addict","player_choice":"Obtained Relic","floor":19,"damage_taken":0},{"event_name":"Duplicator","player_choice":"One dupe","floor":22,"damage_taken":0},{"event_name":"The Mausoleum","player_choice":"No","floor":28,"damage_taken":0},{"event_name":"Winding Halls","player_choice":"Embrace Madness","floor":36,"damage_taken":0},{"event_name":"Mysterious Sphere","player_choice":"Ignore","floor":44,"damage_taken":0},{"event_name":"The Moai Head","player_choice":"Gave Idol","floor":46,"damage_taken":0}],"boss_relics":[{"not_picked":["Calling Bell","The Specimen"],"picked":"Pandora\u0027s Box"},{"not_picked":["Orrery","Eternal Feather"],"picked":"Runic Dome"}],"potions_floor_spawned":[4,5,10,18,25,31,35,45],"seed_played":"5184914695120893737","ascension_level":0,"is_trial":false}