{"path_per_floor":["M","?","?","M","M","R","M","R","T","M","?","T","$","E","R","B",null,"M","M","M","$","M","R","M","R","T","R","M","?","M","M","R","B",null,"M","?","M","$","M","R","M","R","T","R","M","M","R","$","R","B"],"character_chosen":"THE_SILENT","items_purchased":["Paper Crane","Shuriken"],"gold_per_floor":[211,211,211,228,246,246,256,256,256,276,276,276,216,242,242,347,347,367,377,387,115,131,131,149,149,149,149,162,162,173,187,187,290,290,307,307,320,12,24,24,34,34,111,111,131,150,150,30,30,30],"floor_reached":51,"campfire_rested":2,"playtime":2642,"current_hp_per_floor":[70,75,68,66,66,66,66,66,66,66,51,51,51,46,46,33,75,59,39,27,27,26,48,63,63,63,63,63,47,47,46,46,22,75,72,72,58,58,46,46,46,46,46,68,68,68,68,68,68,67],"items_purged":["Strike_G","Strike_G","Skewer","Flechettes"],"gold":30,"score":553,"play_id":"ced6ff74-dc40-407e-bfec-21fa6b511ffc","is_prod":false,"is_daily":false,"is_ascension_mode":false,"campfire_upgraded":3,"path_taken":["M","?","?","M","?","R","M","R","T","M","?","?","$","E","R","BOSS","M","M","M","$","M","R","M","R","T","R","M","?","M","M","R","BOSS","M","?","M","$","M","R","?","R","T","R","M","M","R","?","R","BOSS"],"build_version":"2018-02-15-PROD1","purchased_purges":4,"victory":true,"master_deck":["Survivor","Neutralize+1","Caltrops","Escape Plan+1","Predator+1","PiercingWail+1","Acrobatics+1","Backstab+1","Escape Plan","Sucker Punch+1","Blade Dance","Dodge and Roll","Sucker Punch","Slice","Flechettes","Sucker Punch","Acrobatics","Deflect","Concentrate+1","Backflip"],"max_hp_per_floor":[70,75,75,75,75,75,75,75,75,75,75,75,75,75,75,75,75,75,75,75,75,75,75,75,75,75,75,75,75,75,75,75,75,75,75,75,75,75,75,75,75,75,75,75,75,75,75,75,75,75],"relics":["Ring of the Snake","The Courier","Shovel","Sundial","Letter Opener","Orichalcum","Philosopher\u0027s Stone","Paper Crane","Blue Candle","Frozen Eye","Bag of Preparation","Nilry\u0027s Codex","Pandora\u0027s Box","Shuriken","Tough Bandages","Kunai","Tiny Chest","Omamori","Bronze Scales"],"card_choices":[{"not_picked":["Deadly Poison","Dodge and Roll"],"picked":"Caltrops"},{"not_picked":["Envenom","Deadly Poison"],"picked":"Escape Plan"},{"not_picked":["Backflip","All Out Attack"],"picked":"Predator"},{"not_picked":["Terror","Noxious Fumes"],"picked":"PiercingWail"},{"not_picked":["Outmaneuver","Deflect"],"picked":"Acrobatics"},{"not_picked":["Bane","Dagger Throw"],"picked":"Backstab"},{"not_picked":["Dagger Throw","Deadly Poison"],"picked":"Escape Plan"},{"not_picked":["PiercingWail","Backflip"],"picked":"Sucker Punch"},{"not_picked":["Deflect","Blur"],"picked":"Acrobatics"},{"not_picked":["All Out Attack","Catalyst"],"picked":"Deflect"},{"not_picked":["Bouncing Flask","Dodge and Roll"],"picked":"Concentrate"},{"not_picked":["Reflex","Deflect"],"picked":"Backflip"}],"player_experience":1268247,"potions_floor_usage":[7,24,33,33,33,50],"damage_taken":[{"damage":0,"enemies":"Jaw Worm","floor":1,"turns":7},{"damage":2,"enemies":"2 Louse","floor":4,"turns":3},{"damage":0,"enemies":"Cultist","floor":5,"turns":4},{"damage":0,"enemies":"Lots of Slimes","floor":7,"turns":4},{"damage":0,"enemies":"3 Louse","floor":10,"turns":4},{"damage":5,"enemies":"Lagavulin","floor":14,"turns":7},{"damage":13,"enemies":"Hexaghost","floor":16,"turns":11},{"damage":16,"enemies":"Chosen","floor":18,"turns":6},{"damage":20,"enemies":"Spheric Guardian","floor":19,"turns":4},{"damage":12,"enemies":"Snake Plant","floor":20,"turns":5},{"damage":1,"enemies":"Centurion and Healer","floor":22,"turns":8},{"damage":0,"enemies":"Snecko","floor":24,"turns":6},{"damage":0,"enemies":"Slaver and Parasite","floor":28,"turns":7},{"damage":0,"enemies":"Snake Plant","floor":30,"turns":3},{"damage":1,"enemies":"Sentry and Sphere","floor":31,"turns":4},{"damage":24,"enemies":"Champ","floor":33,"turns":14},{"damage":3,"enemies":"Orb Walker","floor":35,"turns":3},{"damage":14,"enemies":"3 Darklings","floor":37,"turns":8},{"damage":12,"enemies":"4 Shapes","floor":39,"turns":6},{"damage":0,"enemies":"Sphere and 2 Shapes","floor":41,"turns":3},{"damage":0,"enemies":"3 Darklings","floor":45,"turns":4},{"damage":0,"enemies":"4 Shapes","floor":46,"turns":3},{"damage":1,"enemies":"Awakened One","floor":50,"turns":10}],"event_choices":[{"event_name":"Big Fish","player_choice":"Donut","floor":2,"damage_taken":0},{"event_name":"Scrap Ooze","player_choice":"success","floor":3,"damage_taken":7},{"event_name":"Shining Light","player_choice":"Entered Light","floor":11,"damage_taken":0},{"event_name":"Cursed Tome","player_choice":"Obtained Book","floor":29,"damage_taken":0},{"event_name":"Tomb of Lord Red Mask","player_choice":"Ignored","floor":36,"damage_taken":0}],"boss_relics":[{"not_picked":["Astrolabe","White Beast Statue"],"picked":"Philosopher\u0027s Stone"},{"not_picked":["Velvet Choker","Eternal Feather"],"picked":"Pandora\u0027s Box"}],"potions_floor_spawned":[1,14,18,22,24,30,37,45,46],"seed_played":"9208064638502944389","ascension_level":0,"is_trial":false}