{"path_per_floor":["M","M","M","?","M","R","E","R","T","R","$","?","E","?","R","B",null,"M","$","?","M","M","?","R","M","T","M","?","M","R","M","R","B",null,"M","M","M","$","?","R","M","M","T","R","?","M","R","M","R","B"],"character_chosen":"THE_SILENT","items_purchased":["Infinite Blades","Predator","Kunai","Oddly Smooth Stone"],"gold_per_floor":[116,135,152,227,243,243,276,276,301,301,111,111,137,137,137,234,234,254,5,5,22,39,39,39,51,76,89,89,101,101,120,120,215,215,228,242,259,4,4,4,15,34,34,34,34,46,46,62,62,62],"floor_reached":51,"campfire_rested":3,"playtime":4788,"current_hp_per_floor":[69,69,69,58,58,58,55,55,62,62,62,67,67,67,67,61,82,52,52,52,48,29,29,53,53,53,41,41,41,41,40,64,68,82,64,64,64,64,64,64,60,56,56,80,80,80,80,80,80,31],"items_purged":["Strike_G","Strike_G"],"gold":62,"score":562,"play_id":"3d370386-5439-4cda-b87e-e8da863254a5","local_time":"20180302193650","is_prod":false,"is_daily":false,"is_ascension_mode":false,"campfire_upgraded":8,"timestamp":1520015810,"path_taken":["M","M","M","?","M","R","E","R","T","R","$","?","E","?","R","BOSS","M","$","?","M","?","?","R","M","T","M","?","?","R","M","R","BOSS","M","M","M","$","?","R","M","?","T","R","?","M","R","?","R","BOSS"],"build_version":"2018-03-01-PROD1","purchased_purges":2,"victory":true,"master_deck":["Defend_G+1","Defend_G+1","Defend_G+1","Defend_G+1","Defend_G+1","Strike_G+1","Strike_G+1","Strike_G+1","Survivor","Neutralize+1","Flying Knee+1","Slice","Terror+1","Footwork+1","Infinite Blades","Predator+1","Deflect","A Thousand Cuts+1","Noxious Fumes+1","Backflip+1","Backflip+1","Backflip","Sucker Punch+1","Backflip","Storm of Steel","Dodge and Roll","Backflip","Calculated Gamble+1","Prepared+1","Concentrate+1"],"max_hp_per_floor":[70,70,70,70,70,70,70,70,77,77,77,82,82,82,82,82,82,82,82,82,82,82,82,82,82,82,82,82,82,82,82,82,82,82,82,82,82,82,82,82,82,82,82,82,82,82,82,82,82,82],"relics":["Ring of the Snake","Dream Catcher","Toolbox","Strawberry","War Paint","Philosopher\u0027s Stone","Kunai","Snake Skull","The Specimen","Oddly Smooth Stone","Frozen Eye"],"card_choices":[{"not_picked":["Finisher","Slice"],"picked":"Footwork"},{"not_picked":["Quick Slash","Backflip"],"picked":"Flying Knee"},{"not_picked":["Poisoned Stab","Deflect"],"picked":"Slice"},{"not_picked":["Backstab","Dagger Throw"],"picked":"Terror"},{"not_picked":["Endless Agony","Wraith Form"],"picked":"Footwork"},{"not_picked":["Sucker Punch","Prepared"],"picked":"Deflect"},{"not_picked":["Glass Knife","Burst"],"picked":"A Thousand Cuts"},{"not_picked":["Underhanded Strike","Deflect"],"picked":"Noxious Fumes"},{"not_picked":["Accuracy","Predator"],"picked":"Backflip"},{"not_picked":["Sucker Punch","Concentrate"],"picked":"Backflip"},{"not_picked":["Bouncing Flask","Flying Knee"],"picked":"Backflip"},{"not_picked":["Terror","Deadly Poison"],"picked":"Sucker Punch"},{"not_picked":["Slice","Eviscerate"],"picked":"Backflip"},{"not_picked":["Adrenaline","Glass Knife"],"picked":"Storm of Steel"},{"not_picked":["Dagger Spray","Slice"],"picked":"Dodge and Roll"},{"not_picked":["Dagger Spray","Quick Slash"],"picked":"Backflip"},{"not_picked":["Flying Knee","Catalyst"],"picked":"Calculated Gamble"},{"not_picked":["Deadly Poison","Dagger Throw"],"picked":"Prepared"},{"not_picked":["Dash","Prepared"],"picked":"Concentrate"}],"player_experience":1435497,"potions_floor_usage":[7,29,50,50,50],"damage_taken":[{"damage":1,"enemies":"2 Louse","floor":1,"turns":3},{"damage":0,"enemies":"Jaw Worm","floor":2,"turns":4},{"damage":0,"enemies":"Cultist","floor":3,"turns":4},{"damage":0,"enemies":"3 Louse","floor":5,"turns":6},{"damage":3,"enemies":"Gremlin Nob","floor":7,"turns":4},{"damage":0,"enemies":"Lagavulin","floor":13,"turns":7},{"damage":6,"enemies":"Slime Boss","floor":16,"turns":12},{"damage":30,"enemies":"3 Byrds","floor":18,"turns":4},{"damage":4,"enemies":"Shell Parasite","floor":21,"turns":6},{"damage":19,"enemies":"Snecko","floor":22,"turns":7},{"damage":0,"enemies":"Snake Plant","floor":25,"turns":5},{"damage":12,"enemies":"Chosen and Byrds","floor":27,"turns":6},{"damage":0,"enemies":"Cultist and Chosen","floor":29,"turns":6},{"damage":1,"enemies":"Sentry and Sphere","floor":31,"turns":6},{"damage":0,"enemies":"Champ","floor":33,"turns":11},{"damage":18,"enemies":"3 Darklings","floor":35,"turns":5},{"damage":0,"enemies":"3 Shapes","floor":36,"turns":7},{"damage":0,"enemies":"Maw","floor":37,"turns":8},{"damage":4,"enemies":"3 Darklings","floor":41,"turns":5},{"damage":4,"enemies":"4 Shapes","floor":42,"turns":5},{"damage":0,"enemies":"Maw","floor":46,"turns":9},{"damage":0,"enemies":"Sphere and 2 Shapes","floor":48,"turns":5},{"damage":49,"enemies":"Awakened One","floor":50,"turns":14}],"event_choices":[{"event_name":"World of Goop","player_choice":"Gather Gold","floor":4,"damage_taken":0},{"event_name":"Big Fish","player_choice":"Donut","floor":12,"damage_taken":0},{"event_name":"Upgrade Shrine","player_choice":"Upgraded","floor":14,"damage_taken":0},{"event_name":"Back to Basics","player_choice":"Simplicity","floor":20,"damage_taken":0},{"event_name":"Beggar","player_choice":"Ignored","floor":23,"damage_taken":0},{"event_name":"The Mausoleum","player_choice":"No","floor":28,"damage_taken":0},{"event_name":"Upgrade Shrine","player_choice":"Upgraded","floor":45,"damage_taken":0}],"boss_relics":[{"not_picked":["Pandora\u0027s Box","Astrolabe"],"picked":"Philosopher\u0027s Stone"},{"not_picked":["Calling Bell","White Beast Statue"],"picked":"The Specimen"}],"potions_floor_spawned":[1,2,25,27,29,35,37,41],"seed_played":"-8079467130888480697","ascension_level":0,"is_trial":false}