{"path_per_floor":["M","?","M","?","?","M","M","R","T","$","T","M","E","M","R","B",null,"M","?","M","$","?","E","R","E","T","?","$","R","M","M","R","B",null,"M","M","?","$","?","R","M","E","T","R","M","R","$","M","R","B"],"character_chosen":"THE_SILENT","items_purchased":["Noxious Fumes","Footwork","Art of War"],"gold_per_floor":[218,218,235,235,235,255,269,269,269,123,123,142,177,198,198,317,317,331,331,349,249,249,284,284,317,340,440,315,315,332,348,348,446,446,456,469,469,93,93,93,106,138,163,163,181,181,6,18,18,18],"floor_reached":51,"campfire_rested":1,"playtime":2206,"current_hp_per_floor":[65,51,51,34,57,55,55,55,55,55,55,55,57,59,59,40,74,73,73,76,76,76,76,76,74,78,78,78,78,80,80,80,82,82,84,84,84,84,84,84,83,65,70,88,90,90,90,92,92,92],"items_purged":["Strike_G","Strike_G","Strike_G","Strike_G","Strike_G"],"gold":18,"score":665,"play_id":"4a3ae937-446f-4d1a-ae38-bf4e4870a30d","local_time":"20180309003354","is_prod":false,"is_daily":false,"is_ascension_mode":false,"campfire_upgraded":8,"timestamp":1520552034,"path_taken":["M","?","?","?","?","M","M","R","T","$","?","M","E","M","R","BOSS","M","?","M","?","?","E","R","E","T","?","$","R","M","M","R","BOSS","M","?","?","?","?","R","M","E","T","R","M","R","$","M","R","BOSS"],"build_version":"2018-03-01-PROD1","purchased_purges":6,"victory":true,"master_deck":["Defend_G+1","Defend_G","Defend_G","Defend_G","Survivor+1","Neutralize+1","Backflip+1","Well Laid Plans+1","Predator+1","Noxious Fumes+1","Noxious Fumes+1","Outmaneuver+1","Adrenaline+1","Leg Sweep+1","Deflect+1","PiercingWail+1","Noxious Fumes+1","Footwork+1"],"max_hp_per_floor":[70,70,70,70,70,70,70,70,70,70,70,70,72,74,74,74,74,74,74,76,76,76,76,76,78,78,78,78,78,80,80,80,82,82,84,84,84,84,84,84,86,88,88,88,90,90,90,92,92,92],"relics":["Ring of the Snake","Bloody Idol","Unceasing Top","Ice Cream","Singing Bowl","Black Star","Oddly Smooth Stone","War Paint","Bag of Preparation","Regal Pillow","Vajra","The Specimen","Art of War","Juzu Bracelet","Blood Vial","Ancient Tea Set"],"card_choices":[{"not_picked":["Flying Knee","Deflect"],"picked":"Backflip"},{"not_picked":["Outmaneuver","Distraction"],"picked":"Well Laid Plans"},{"not_picked":["Prepared","Quick Slash"],"picked":"Predator"},{"not_picked":["Dagger Throw","Quick Slash"],"picked":"Noxious Fumes"},{"not_picked":["Heel Hook","Flying Knee"],"picked":"Outmaneuver"},{"not_picked":["Doppelganger","Venomology"],"picked":"Adrenaline"},{"not_picked":["Outmaneuver","Dagger Throw"],"picked":"Leg Sweep"},{"not_picked":["Accuracy","Night Terror"],"picked":"Deflect"},{"not_picked":["Deadly Poison","Sucker Punch"],"picked":"PiercingWail"},{"not_picked":["Deflect","Poisoned Stab"],"picked":"Noxious Fumes"}],"player_experience":1476165,"potions_floor_usage":[12,25,25,50,50,50],"damage_taken":[{"damage":5,"enemies":"Cultist","floor":1,"turns":5},{"damage":0,"enemies":"Small Slimes","floor":3,"turns":3},{"damage":2,"enemies":"Jaw Worm","floor":6,"turns":4},{"damage":0,"enemies":"Red Slaver","floor":7,"turns":5},{"damage":0,"enemies":"Exordium Thugs","floor":12,"turns":4},{"damage":0,"enemies":"Lagavulin","floor":13,"turns":6},{"damage":0,"enemies":"Large Slime","floor":14,"turns":6},{"damage":19,"enemies":"Hexaghost","floor":16,"turns":10},{"damage":1,"enemies":"Shell Parasite","floor":18,"turns":7},{"damage":1,"enemies":"Spheric Guardian","floor":20,"turns":8},{"damage":5,"enemies":"Book of Stabbing","floor":23,"turns":9},{"damage":9,"enemies":"Slavers","floor":25,"turns":7},{"damage":0,"enemies":"Centurion and Healer","floor":30,"turns":5},{"damage":0,"enemies":"Snake Plant","floor":31,"turns":5},{"damage":4,"enemies":"Collector","floor":33,"turns":11},{"damage":0,"enemies":"3 Darklings","floor":35,"turns":5},{"damage":0,"enemies":"Orb Walker","floor":36,"turns":5},{"damage":8,"enemies":"Sphere and 2 Shapes","floor":41,"turns":5},{"damage":25,"enemies":"2 Orb Walkers","floor":42,"turns":6},{"damage":0,"enemies":"Maw","floor":45,"turns":8},{"damage":0,"enemies":"3 Darklings","floor":48,"turns":5},{"damage":0,"enemies":"Time Eater","floor":50,"turns":14}],"event_choices":[{"event_name":"Shining Light","player_choice":"Entered Light","floor":2,"damage_taken":0},{"event_name":"Golden Idol","player_choice":"Take Damage","floor":4,"damage_taken":0},{"event_name":"Big Fish","player_choice":"Banana","floor":5,"damage_taken":0},{"event_name":"Forgotten Altar","player_choice":"Gave Idol","floor":19,"damage_taken":0},{"event_name":"The Mausoleum","player_choice":"No","floor":22,"damage_taken":0},{"event_name":"Golden Shrine","player_choice":"Pray","floor":27,"damage_taken":0},{"event_name":"The Lab","player_choice":"Got Potions","floor":39,"damage_taken":0}],"boss_relics":[{"not_picked":["Runic Pyramid","Pandora\u0027s Box"],"picked":"Black Star"},{"not_picked":["Orrery","Eternal Feather"],"picked":"The Specimen"}],"potions_floor_spawned":[1,7,12,16,18,25,33,36,42,45],"seed_played":"-1631648547590916203","ascension_level":0,"is_trial":false}