{"path_per_floor":["M","?","?","?","?","R","M","R","T","M","M","R","E","$","R","B",null,"M","?","$","?","?","E","R","M","T","R","E","M","M","M","R","B",null,"M","M","M","M","M","R","M","?","T","M","R","?","M","M","R","B"],"character_chosen":"THE_SILENT","items_purchased":["Footwork","Footwork","Dexterity Potion"],"gold_per_floor":[20,20,20,20,20,20,43,43,67,85,99,99,133,56,56,185,185,185,185,22,22,22,22,22,0,0,0,0,0,0,0,0,0,0,0,0,0,0,0,0,0,0,0,0,0,0,0,0,0,0],"floor_reached":51,"campfire_rested":1,"playtime":2666,"current_hp_per_floor":[70,70,56,39,32,32,32,32,39,36,36,36,38,38,38,27,77,77,77,77,77,77,77,77,76,76,76,76,73,72,72,72,72,82,82,82,80,80,80,80,80,80,80,80,80,80,71,71,82,73],"items_purged":["Strike_G"],"gold":0,"score":641,"play_id":"04c86c4b-5cce-4e22-bedf-9d6d3f355d1c","local_time":"20180309081816","is_prod":false,"is_daily":false,"is_ascension_mode":false,"campfire_upgraded":9,"timestamp":1520579896,"path_taken":["M","?","?","?","?","R","M","R","T","M","?","R","E","$","R","BOSS","M","?","$","?","?","E","R","M","T","R","E","?","?","M","R","BOSS","M","M","M","?","M","R","M","?","T","M","R","?","M","M","R","BOSS"],"build_version":"2018-03-01-PROD1","purchased_purges":2,"victory":true,"master_deck":["Defend_G+1","Defend_G+1","Defend_G+1","Defend_G+1","Strike_G+1","Survivor","Neutralize+1","Predator+1","Well Laid Plans+1","Dagger Spray+1","Acrobatics+1","Predator+1","Backflip+1","Slice","Backstab+1","Footwork+1","Deflect","Footwork+1","Storm of Steel+1","Dash+1","Backflip","Noxious Fumes+1","Footwork+1","Deflect","Concentrate+1","Backstab+1","Adrenaline","PiercingWail+1"],"max_hp_per_floor":[70,70,70,70,70,70,70,70,77,77,77,77,77,77,77,77,77,77,77,77,77,77,77,77,77,77,77,77,77,77,77,77,77,82,82,82,82,82,82,82,82,82,82,82,82,82,82,82,82,82],"relics":["Ring of the Snake","Strawberry","Lantern","Ectoplasm","Darkstone Periapt","Bronze Scales","Pen Nib","Tiny House","Shuriken","Ginger"],"card_choices":[{"not_picked":["Distraction","Slice"],"picked":"Dagger Spray"},{"not_picked":["Malaise","Finisher"],"picked":"Predator"},{"not_picked":["Flying Knee","Terror"],"picked":"Backflip"},{"not_picked":["Dagger Spray","Caltrops"],"picked":"Slice"},{"not_picked":["Reflex","PiercingWail"],"picked":"Backstab"},{"not_picked":["Expertise","Underhanded Strike"],"picked":"Deflect"},{"not_picked":["Outmaneuver","Tools of the Trade"],"picked":"Storm of Steel"},{"not_picked":["Quick Slash","Prepared"],"picked":"Dash"},{"not_picked":["Deadly Poison","Dagger Throw"],"picked":"Backflip"},{"not_picked":["Backflip","Dagger Spray"],"picked":"Noxious Fumes"},{"not_picked":["Acrobatics","Slice"],"picked":"Footwork"},{"not_picked":["Dagger Spray","Doppelganger"],"picked":"Deflect"},{"not_picked":["Accuracy","Slice"],"picked":"Concentrate"},{"not_picked":["Caltrops","Blur"],"picked":"Backstab"},{"not_picked":["Concentrate","Riddle With Holes"],"picked":"Adrenaline"},{"not_picked":["Footwork","Backflip"],"picked":"PiercingWail"}],"player_experience":1483859,"potions_floor_usage":[13,23,23,46,50,50,50],"damage_taken":[{"damage":0,"enemies":"Cultist","floor":1,"turns":3},{"damage":0,"enemies":"Small Slimes","floor":7,"turns":2},{"damage":3,"enemies":"Jaw Worm","floor":10,"turns":2},{"damage":0,"enemies":"Large Slime","floor":11,"turns":4},{"damage":4,"enemies":"Gremlin Nob","floor":13,"turns":3},{"damage":11,"enemies":"Slime Boss","floor":16,"turns":9},{"damage":0,"enemies":"3 Byrds","floor":18,"turns":3},{"damage":0,"enemies":"Slavers","floor":23,"turns":4},{"damage":1,"enemies":"2 Thieves","floor":25,"turns":3},{"damage":0,"enemies":"Book of Stabbing","floor":28,"turns":5},{"damage":3,"enemies":"Slaver and Parasite","floor":29,"turns":4},{"damage":1,"enemies":"Centurion and Healer","floor":30,"turns":5},{"damage":0,"enemies":"Chosen and Byrds","floor":31,"turns":5},{"damage":0,"enemies":"Collector","floor":33,"turns":10},{"damage":0,"enemies":"3 Darklings","floor":35,"turns":6},{"damage":0,"enemies":"Orb Walker","floor":36,"turns":2},{"damage":2,"enemies":"3 Darklings","floor":37,"turns":5},{"damage":0,"enemies":"Sphere and 2 Shapes","floor":38,"turns":5},{"damage":0,"enemies":"Maw","floor":39,"turns":8},{"damage":0,"enemies":"4 Shapes","floor":41,"turns":4},{"damage":0,"enemies":"Sphere and 2 Shapes","floor":44,"turns":4},{"damage":0,"enemies":"Mysterious Sphere","floor":46,"turns":6},{"damage":9,"enemies":"3 Darklings","floor":47,"turns":3},{"damage":0,"enemies":"4 Shapes","floor":48,"turns":3},{"damage":9,"enemies":"Awakened One","floor":50,"turns":12}],"event_choices":[{"event_name":"Transmorgrifier","player_choice":"Transform","floor":2,"damage_taken":0},{"event_name":"Shining Light","player_choice":"Entered Light","floor":3,"damage_taken":0},{"event_name":"Golden Idol","player_choice":"Take Damage","floor":4,"damage_taken":0},{"event_name":"Golden Wing","player_choice":"Card Removal","floor":5,"damage_taken":0},{"event_name":"Golden Shrine","player_choice":"Pray","floor":19,"damage_taken":0},{"event_name":"Back to Basics","player_choice":"Simplicity","floor":21,"damage_taken":0},{"event_name":"Accursed Blacksmith","player_choice":"Forge","floor":22,"damage_taken":0},{"event_name":"The Moai Head","player_choice":"Gave Idol","floor":42,"damage_taken":0},{"event_name":"Mysterious Sphere","player_choice":"Fight","floor":46,"damage_taken":0}],"boss_relics":[{"not_picked":["Runic Pyramid","White Beast Statue"],"picked":"Ectoplasm"},{"not_picked":["Orrery","Snecko Eye"],"picked":"Tiny House"}],"potions_floor_spawned":[1,10,18,25,29,35,37,38,41,48],"seed_played":"8402161520884570876","ascension_level":0,"is_trial":false}