{"path_per_floor":["M","M","M","$","?","R","?","E","T","E","R","M","M","M","R","B",null,"M","$","M","?","M","R","E","R","T","M","R","M","M","M","R","B",null,"M","?","M","$","M","R","M","?","T","M","M","?","R","$","R","B"],"character_chosen":"THE_SILENT","items_purchased":["Storm of Steel","Kunai","Backflip","Ninja Scroll","Backflip","Centennial Puzzle","Infinite Blades"],"gold_per_floor":[110,121,133,56,131,131,159,193,193,228,228,243,257,269,269,373,373,389,5,19,119,129,129,162,162,462,477,477,491,507,525,525,623,623,641,641,656,316,336,336,350,350,350,365,379,379,379,8,8,8],"floor_reached":51,"campfire_rested":1,"playtime":2635,"current_hp_per_floor":[63,63,63,63,52,52,41,48,48,48,48,43,43,40,40,26,63,63,63,50,50,50,50,29,47,47,47,47,42,50,50,50,41,63,63,63,55,55,51,51,51,63,63,63,63,63,63,63,63,44],"items_purged":["Strike_G","Strike_G"],"gold":8,"score":733,"play_id":"c8d41d42-c81c-46a9-ae38-b91dcf7ad57f","local_time":"20180312112416","is_prod":false,"is_daily":false,"is_ascension_mode":false,"campfire_upgraded":8,"timestamp":1520850256,"path_taken":["M","M","M","$","?","R","?","E","T","E","R","M","M","M","R","BOSS","M","$","M","?","M","R","E","R","T","M","R","M","M","?","R","BOSS","M","?","M","$","M","R","M","?","T","M","?","?","R","$","R","BOSS"],"build_version":"2018-03-09","purchased_purges":3,"victory":true,"master_deck":["Defend_G","Defend_G","Defend_G","Defend_G","Defend_G","Survivor","Neutralize+1","Prepared+1","Accuracy","Sucker Punch","Cloak And Dagger+1","Well Laid Plans+1","Storm of Steel","Accuracy+1","Cloak And Dagger+1","Blade Dance+1","After Image","Accuracy","Backflip+1","Outmaneuver+1","Backflip","After Image","Backflip","Infinite Blades"],"max_hp_per_floor":[63,63,63,63,63,63,63,63,63,63,63,63,63,63,63,63,63,63,63,63,63,63,63,63,63,63,63,63,63,63,63,63,63,63,63,63,63,63,63,63,63,63,63,63,63,63,63,63,63,63],"relics":["Ring of the Snake","Odd Mushroom","Gambling Chip","Ice Cream","Art of War","Philosopher\u0027s Stone","Kunai","Bronze Scales","Old Coin","Sozu","Ninja Scroll","Peace Pipe","Centennial Puzzle"],"card_choices":[{"not_picked":["Deflect","Heel Hook"],"picked":"Sucker Punch"},{"not_picked":["Dash","Backflip"],"picked":"Cloak And Dagger"},{"not_picked":["Caltrops","Finisher"],"picked":"Well Laid Plans"},{"not_picked":["Riddle With Holes","Poisoned Stab"],"picked":"Accuracy"},{"not_picked":["Well Laid Plans","Dagger Throw"],"picked":"Cloak And Dagger"},{"not_picked":["Accuracy","Escape Plan"],"picked":"Blade Dance"},{"not_picked":["Bullet Time","Grand Finale"],"picked":"After Image"},{"not_picked":["Prepared","Quick Slash"],"picked":"Accuracy"},{"not_picked":["Flying Knee","Deadly Poison"],"picked":"Outmaneuver"},{"not_picked":["Deflect","Noxious Fumes"],"picked":"Backflip"},{"not_picked":["Storm of Steel","Corpse Explosion"],"picked":"After Image"}],"player_experience":1518978,"potions_floor_usage":[8,24,24,30,33],"damage_taken":[{"damage":0,"enemies":"2 Louse","floor":1,"turns":4},{"damage":0,"enemies":"Cultist","floor":2,"turns":4},{"damage":0,"enemies":"Jaw Worm","floor":3,"turns":5},{"damage":11,"enemies":"The Mushroom Lair","floor":7,"turns":7},{"damage":8,"enemies":"3 Sentries","floor":8,"turns":9},{"damage":0,"enemies":"Lagavulin","floor":10,"turns":7},{"damage":5,"enemies":"Exordium Wildlife","floor":12,"turns":3},{"damage":0,"enemies":"Looter","floor":13,"turns":2},{"damage":3,"enemies":"Gremlin Gang","floor":14,"turns":4},{"damage":14,"enemies":"The Guardian","floor":16,"turns":12},{"damage":0,"enemies":"Spheric Guardian","floor":18,"turns":3},{"damage":13,"enemies":"2 Thieves","floor":20,"turns":3},{"damage":0,"enemies":"Snecko","floor":22,"turns":5},{"damage":33,"enemies":"Slavers","floor":24,"turns":5},{"damage":0,"enemies":"3 Cultists","floor":27,"turns":4},{"damage":5,"enemies":"Centurion and Healer","floor":29,"turns":5},{"damage":4,"enemies":"Sentry and Sphere","floor":30,"turns":5},{"damage":0,"enemies":"Snecko","floor":31,"turns":5},{"damage":9,"enemies":"Collector","floor":33,"turns":8},{"damage":0,"enemies":"3 Shapes","floor":35,"turns":6},{"damage":8,"enemies":"3 Darklings","floor":37,"turns":6},{"damage":4,"enemies":"4 Shapes","floor":39,"turns":6},{"damage":0,"enemies":"Maw","floor":41,"turns":6},{"damage":0,"enemies":"Sphere and 2 Shapes","floor":44,"turns":4},{"damage":0,"enemies":"4 Shapes","floor":45,"turns":4},{"damage":19,"enemies":"Donu and Deca","floor":50,"turns":7}],"event_choices":[{"event_name":"World of Goop","player_choice":"Gather Gold","floor":5,"damage_taken":0},{"event_name":"Mushrooms","player_choice":"Fought Mushrooms","floor":7,"damage_taken":0},{"event_name":"Golden Shrine","player_choice":"Pray","floor":21,"damage_taken":0},{"event_name":"Tomb of Lord Red Mask","player_choice":"Ignored","floor":36,"damage_taken":0},{"event_name":"Wheel of Change","player_choice":"Full Heal","floor":42,"damage_taken":0},{"event_name":"Match and Keep!","player_choice":"0 cards matched","floor":46,"damage_taken":0}],"boss_relics":[{"not_picked":["Astrolabe","Black Star"],"picked":"Philosopher\u0027s Stone"},{"not_picked":["Runic Dome","Lizard Tail"],"picked":"Sozu"}],"potions_floor_spawned":[3,7,8,13,16,18,24,29,35,39,45],"seed_played":"-353446641979445825","ascension_level":0,"is_trial":false}