{"path_per_floor":["M","M","?","?","M","R","E","M","T","R","M","$","M","E","R","B",null,"M","?","$","?","M","R","M","R","T","$","R","?","R","M","R","B",null,"M","$","M","?","M","R","M","?","T","R","$","M","M","M","R","B"],"character_chosen":"THE_SILENT","items_purchased":["Oddly Smooth Stone","Calculated Gamble","Malaise","Predator","Acrobatics"],"gold_per_floor":[109,120,120,120,140,140,198,213,236,236,247,31,41,74,74,176,176,189,189,114,114,124,124,135,135,159,24,24,24,24,42,42,140,140,155,30,45,96,107,107,119,119,144,144,45,61,80,95,95,95],"floor_reached":51,"campfire_rested":3,"playtime":2868,"current_hp_per_floor":[68,68,68,72,72,72,57,57,57,57,57,57,57,48,48,40,77,72,72,72,72,69,69,67,67,67,67,67,53,53,35,59,43,82,74,74,71,56,22,46,42,63,63,63,63,65,67,68,82,60],"items_purged":["Strike_G","Strike_G","Strike_G"],"gold":95,"score":484,"play_id":"7098f656-ce0a-4eb7-9d0a-9954fdce3df3","local_time":"20180309031318","is_prod":false,"is_daily":false,"is_ascension_mode":false,"campfire_upgraded":8,"timestamp":1520561598,"path_taken":["M","?","?","?","M","R","E","M","T","R","M","?","M","E","R","BOSS","M","?","$","?","?","R","M","R","T","$","R","?","R","M","R","BOSS","M","$","M","?","M","R","M","?","T","R","$","?","M","M","R","BOSS"],"build_version":"2018-03-01-PROD1","purchased_purges":3,"victory":true,"master_deck":["Defend_G","Defend_G","Defend_G","Defend_G","Defend_G","Strike_G","Survivor","Neutralize+1","Prepared+1","Escape Plan","PiercingWail","Dagger Spray+1","Eviscerate","Poisoned Stab","Bouncing Flask+1","Calculated Gamble+1","Dagger Throw+1","Tactician+1","Dash+1","Escape Plan","Flying Knee+1","Malaise+1","Envenom","Tactician","Bane+1","Backflip+1","Escape Plan+1","Dagger Throw+1","Predator+1","Writhe","Predator","Acrobatics","Backstab+1","Predator"],"max_hp_per_floor":[70,70,70,77,77,77,77,77,77,77,77,77,77,77,77,77,77,77,77,77,77,77,77,77,77,77,77,77,82,82,82,82,82,82,82,82,82,82,82,82,82,82,82,82,82,82,82,82,82,82],"relics":["Ring of the Snake","Strawberry","Tiny Chest","Dream Catcher","Oddly Smooth Stone","Ornamental Fan","Philosopher\u0027s Stone","Blood Vial","Lizard Tail","Du-Vu Doll","Bag of Marbles"],"card_choices":[{"not_picked":["Blur","Riddle With Holes"],"picked":"Escape Plan"},{"not_picked":["Bane","Deflect"],"picked":"PiercingWail"},{"not_picked":["Deflect","Deadly Poison"],"picked":"Dagger Spray"},{"not_picked":["Quick Slash","Phantasmal Killer"],"picked":"Eviscerate"},{"not_picked":["Accuracy","Deadly Poison"],"picked":"Poisoned Stab"},{"not_picked":["Crippling Poison","Flying Knee"],"picked":"Bouncing Flask"},{"not_picked":["Catalyst","Quick Slash"],"picked":"Dagger Throw"},{"not_picked":["Storm of Steel","Envenom"],"picked":"Tactician"},{"not_picked":["Outmaneuver","Cloak And Dagger"],"picked":"Dash"},{"not_picked":["Outmaneuver","Endless Agony"],"picked":"Escape Plan"},{"not_picked":["PiercingWail","Quick Slash"],"picked":"Flying Knee"},{"not_picked":["Outmaneuver","Dodge and Roll"],"picked":"Envenom"},{"not_picked":["Glass Knife","Storm of Steel"],"picked":"Tactician"},{"not_picked":["Quick Slash","Slice"],"picked":"Bane"},{"not_picked":["Outmaneuver","Escape Plan"],"picked":"Backflip"},{"not_picked":["Poisoned Stab","Caltrops"],"picked":"Escape Plan"},{"not_picked":["Prepared","Bouncing Flask"],"picked":"Dagger Throw"},{"not_picked":["Prepared","Dodge and Roll"],"picked":"Predator"},{"not_picked":["Outmaneuver","Quick Slash"],"picked":"Backstab"},{"not_picked":["Cloak And Dagger","Tactician"],"picked":"Predator"}],"player_experience":1480991,"potions_floor_usage":[8,16,24,33,35,38,50,50,50],"damage_taken":[{"damage":2,"enemies":"Cultist","floor":1,"turns":5},{"damage":0,"enemies":"Small Slimes","floor":2,"turns":4},{"damage":0,"enemies":"2 Louse","floor":5,"turns":5},{"damage":15,"enemies":"3 Sentries","floor":7,"turns":13},{"damage":0,"enemies":"Exordium Wildlife","floor":8,"turns":9},{"damage":0,"enemies":"Blue Slaver","floor":11,"turns":5},{"damage":0,"enemies":"Looter","floor":13,"turns":3},{"damage":9,"enemies":"Lagavulin","floor":14,"turns":6},{"damage":8,"enemies":"Hexaghost","floor":16,"turns":8},{"damage":5,"enemies":"Spheric Guardian","floor":18,"turns":5},{"damage":3,"enemies":"Shell Parasite","floor":22,"turns":4},{"damage":2,"enemies":"Snecko","floor":24,"turns":5},{"damage":20,"enemies":"Cultist and Chosen","floor":31,"turns":8},{"damage":18,"enemies":"Automaton","floor":33,"turns":11},{"damage":8,"enemies":"3 Shapes","floor":35,"turns":5},{"damage":5,"enemies":"Orb Walker","floor":37,"turns":4},{"damage":17,"enemies":"Mysterious Sphere","floor":38,"turns":9},{"damage":36,"enemies":"Sphere and 2 Shapes","floor":39,"turns":9},{"damage":6,"enemies":"4 Shapes","floor":41,"turns":10},{"damage":0,"enemies":"3 Darklings","floor":46,"turns":4},{"damage":0,"enemies":"Sphere and 2 Shapes","floor":47,"turns":5},{"damage":1,"enemies":"4 Shapes","floor":48,"turns":6},{"damage":22,"enemies":"Awakened One","floor":50,"turns":19}],"event_choices":[{"event_name":"The Woman in Blue","player_choice":"Bought 0 Potions","floor":3,"damage_taken":0},{"event_name":"Scrap Ooze","player_choice":"success","floor":4,"damage_taken":3},{"event_name":"The Mausoleum","player_choice":"No","floor":19,"damage_taken":0},{"event_name":"Upgrade Shrine","player_choice":"Upgraded","floor":21,"damage_taken":0},{"event_name":"Forgotten Altar","player_choice":"Shed Blood","floor":29,"damage_taken":0},{"event_name":"Mysterious Sphere","player_choice":"Fight","floor":38,"damage_taken":0},{"event_name":"Winding Halls","player_choice":"Writhe","floor":42,"damage_taken":0}],"boss_relics":[{"not_picked":["Pandora\u0027s Box","Runic Dome"],"picked":"Philosopher\u0027s Stone"},{"not_picked":["Velvet Choker","Tiny House"],"picked":"Lizard Tail"}],"potions_floor_spawned":[1,5,7,16,18,31,33,35,46,47],"seed_played":"-5647758426180629490","ascension_level":0,"is_trial":false}