{"path_per_floor":["M","?","M","M","M","R","?","R","T","R","M","$","E","M","R","B",null,"M","M","M","M","$","R","?","R","T","E","M","M","R","E","R","B",null,"M","M","?","$","?","R","?","R","T","M","M","$","$","?","R","B"],"character_chosen":"THE_SILENT","items_purchased":["Happy Flower","Noxious Fumes","Sadistic Nature","Noxious Fumes","Finesse","Dodge and Roll"],"gold_per_floor":[119,119,137,153,176,176,237,237,237,237,260,31,69,94,94,225,225,244,262,276,290,215,215,215,215,297,333,358,383,383,417,417,543,543,562,576,576,204,204,204,204,204,204,228,252,132,7,340,340,340],"floor_reached":51,"campfire_rested":2,"playtime":2291,"current_hp_per_floor":[66,49,49,49,49,49,35,35,35,56,57,57,61,63,63,49,70,69,70,70,45,45,45,45,45,45,47,53,59,59,53,53,45,70,65,51,42,42,42,42,42,63,63,70,67,67,67,67,67,68],"items_purged":["Strike_G","Phantasmal Killer","Strike_G"],"gold":340,"score":712,"play_id":"3e03cd5c-3eee-4577-9fd6-c47771404287","local_time":"20180313090840","is_prod":false,"is_daily":false,"is_ascension_mode":false,"campfire_upgraded":9,"timestamp":1520928520,"path_taken":["M","?","?","M","M","R","?","R","T","R","M","$","E","M","R","BOSS","M","M","?","M","$","R","?","R","T","E","M","M","R","E","R","BOSS","M","M","?","$","?","R","?","R","T","M","M","?","$","?","R","BOSS"],"build_version":"2018-03-09","purchased_purges":4,"victory":true,"master_deck":["Defend_G+1","Defend_G+1","Defend_G+1","Defend_G+1","Defend_G+1","Survivor+1","Neutralize+1","Footwork+1","PiercingWail","Slice+1","Caltrops+1","Blur+1","Sucker Punch+1","Noxious Fumes+1","Malaise+1","Concentrate+1","Unload+1","Bouncing Flask+1","Dodge and Roll+1","Catalyst+1","Reflex+1","Caltrops+1","Night Terror+1","PiercingWail+1","Leg Sweep+1","Madness+1","Madness+1","Sadistic Nature+1","Noxious Fumes+1","Footwork+1","Finesse+1","Dodge and Roll+1"],"max_hp_per_floor":[70,70,70,70,70,70,70,70,70,70,70,70,70,70,70,70,70,70,70,70,70,70,70,70,70,70,70,70,70,70,70,70,70,70,70,70,70,70,70,70,70,70,70,70,70,70,70,70,70,70],"relics":["Ring of the Snake","Vajra","Bottled Lightning","Bird Faced Urn","Happy Flower","Toxic Egg 2","Astrolabe","Meat on the Bone","Whetstone","Sundial","Sozu","Ginger"],"card_choices":[{"not_picked":["Slice","Dagger Throw"],"picked":"Footwork"},{"not_picked":["Outmaneuver","Prepared"],"picked":"PiercingWail"},{"not_picked":["Outmaneuver","Underhanded Strike"],"picked":"Slice"},{"not_picked":["Sucker Punch","Die Die Die"],"picked":"Caltrops"},{"not_picked":["Sucker Punch","Underhanded Strike"],"picked":"Blur"},{"not_picked":["Dagger Spray","Poisoned Stab"],"picked":"Sucker Punch"},{"not_picked":["Calculated Gamble","Slice"],"picked":"Malaise"},{"not_picked":["PiercingWail","Bane"],"picked":"Concentrate"},{"not_picked":["Quick Slash","Outmaneuver"],"picked":"Dodge and Roll"},{"not_picked":["Poisoned Stab","Sucker Punch"],"picked":"Catalyst"},{"not_picked":["PiercingWail","Quick Slash"],"picked":"Reflex"},{"not_picked":["Slice","Eviscerate"],"picked":"Caltrops"},{"not_picked":["Phantasmal Killer","Envenom"],"picked":"Night Terror"},{"not_picked":["Outmaneuver","Prepared"],"picked":"PiercingWail"},{"not_picked":["Infinite Blades","Skewer"],"picked":"Leg Sweep"},{"not_picked":["Cloak And Dagger","Crippling Poison"],"picked":"Footwork"}],"player_experience":1528521,"potions_floor_usage":[7,20,27,31,33,50,50,50],"damage_taken":[{"damage":4,"enemies":"Jaw Worm","floor":1,"turns":5},{"damage":0,"enemies":"Cultist","floor":3,"turns":4},{"damage":0,"enemies":"2 Louse","floor":4,"turns":3},{"damage":0,"enemies":"2 Fungi Beasts","floor":5,"turns":4},{"damage":14,"enemies":"Lagavulin Event","floor":7,"turns":9},{"damage":3,"enemies":"Gremlin Gang","floor":11,"turns":4},{"damage":2,"enemies":"Lagavulin","floor":13,"turns":7},{"damage":0,"enemies":"3 Louse","floor":14,"turns":3},{"damage":20,"enemies":"Hexaghost","floor":16,"turns":11},{"damage":1,"enemies":"Spheric Guardian","floor":18,"turns":5},{"damage":0,"enemies":"Shell Parasite","floor":19,"turns":6},{"damage":0,"enemies":"Snecko","floor":20,"turns":6},{"damage":25,"enemies":"3 Cultists","floor":21,"turns":5},{"damage":19,"enemies":"Book of Stabbing","floor":27,"turns":5},{"damage":0,"enemies":"Snake Plant","floor":28,"turns":7},{"damage":0,"enemies":"Centurion and Healer","floor":29,"turns":7},{"damage":12,"enemies":"Slavers","floor":31,"turns":6},{"damage":16,"enemies":"Automaton","floor":33,"turns":9},{"damage":6,"enemies":"Orb Walker","floor":35,"turns":6},{"damage":19,"enemies":"3 Shapes","floor":36,"turns":6},{"damage":0,"enemies":"Maw","floor":44,"turns":7},{"damage":19,"enemies":"3 Darklings","floor":45,"turns":5},{"damage":16,"enemies":"Donu and Deca","floor":50,"turns":9}],"event_choices":[{"event_name":"Golden Idol","player_choice":"Take Damage","floor":2,"damage_taken":0},{"event_name":"Dead Adventurer","player_choice":"Searched \u00272\u0027 times","floor":7,"damage_taken":0},{"event_name":"Back to Basics","player_choice":"Simplicity","floor":24,"damage_taken":0},{"event_name":"Winding Halls","player_choice":"Embrace Madness","floor":37,"damage_taken":0},{"event_name":"Mysterious Sphere","player_choice":"Ignore","floor":39,"damage_taken":0},{"event_name":"Tomb of Lord Red Mask","player_choice":"Ignored","floor":41,"damage_taken":0},{"event_name":"The Moai Head","player_choice":"Gave Idol","floor":48,"damage_taken":0}],"boss_relics":[{"not_picked":["Runic Pyramid","White Beast Statue"],"picked":"Astrolabe"},{"not_picked":["Black Star","Philosopher\u0027s Stone"],"picked":"Sozu"}],"potions_floor_spawned":[1,4,7,14,16,20,21,29,31,33,44,45],"seed_played":"-8039315760287160943","ascension_level":0,"is_trial":false}