{"path_per_floor":["M","M","$","M","?","R","M","R","T","M","R","M","M","E","R","B",null,"M","M","M","?","M","E","R","M","T","M","?","R","$","?","R","B",null,"M","?","$","M","?","E","R","M","T","$","R","M","M","M","R","B"],"character_chosen":"THE_SILENT","items_purchased":["Singing Bowl","Noxious Fumes","Footwork","Dexterity Potion","Regen Potion","Block Potion","Deflect"],"gold_per_floor":[212,224,3,17,17,17,32,32,78,91,91,108,126,151,151,254,254,269,286,296,296,306,340,340,356,407,417,417,417,174,174,174,271,271,291,291,191,201,201,227,227,241,241,24,24,44,56,73,73,73],"floor_reached":51,"campfire_rested":2,"playtime":3641,"current_hp_per_floor":[69,69,69,69,69,69,69,69,69,71,71,71,73,54,54,44,74,76,70,47,47,42,15,37,31,31,31,31,31,31,31,53,29,78,80,80,80,81,81,81,81,69,69,69,69,71,71,86,86,86],"items_purged":["Strike_G","Strike_G","Strike_G","Strike_G"],"gold":73,"score":753,"play_id":"adb4b659-450b-4f87-9c92-97038df227ac","local_time":"20180310075420","is_prod":false,"is_daily":false,"is_ascension_mode":false,"campfire_upgraded":8,"timestamp":1520664860,"path_taken":["M","M","$","M","?","R","M","R","T","M","R","M","M","E","R","BOSS","M","M","?","?","M","E","R","?","T","M","?","R","$","?","R","BOSS","M","?","?","?","?","E","R","M","T","$","R","M","?","M","R","BOSS"],"build_version":"2018-03-09","purchased_purges":4,"victory":true,"master_deck":["Defend_G","Defend_G","Defend_G","Defend_G","Defend_G","Survivor","Neutralize+1","Dagger Spray+1","Dagger Throw","Well Laid Plans+1","Adrenaline+1","Slice","Outmaneuver+1","Night Terror+1","Dagger Throw+1","Malaise+1","Backflip","Escape Plan","Footwork+1","Backflip+1","Noxious Fumes+1","Footwork+1","Dodge and Roll+1","Backflip+1","Injury","Deflect","Noxious Fumes+1"],"max_hp_per_floor":[70,70,70,70,70,70,70,70,70,72,72,72,74,74,74,74,74,76,76,76,76,76,76,76,76,76,76,76,76,76,76,76,78,78,80,80,80,82,82,82,82,82,82,82,82,84,84,86,86,86],"relics":["Ring of the Snake","Singing Bowl","Oddly Smooth Stone","Frozen Eye","Lizard Tail","The Courier","Whetstone","Cursed Key","Gambling Chip","Du-Vu Doll"],"card_choices":[{"not_picked":["Backflip","Acrobatics"],"picked":"Dagger Spray"},{"not_picked":["Backflip","Deflect"],"picked":"Dagger Throw"},{"not_picked":["Deflect","Concentrate"],"picked":"Well Laid Plans"},{"not_picked":["Underhanded Strike","Backflip"],"picked":"Adrenaline"},{"not_picked":["Quick Slash","Bane"],"picked":"Slice"},{"not_picked":["Dagger Spray","Bane"],"picked":"Outmaneuver"},{"not_picked":["Storm of Steel","Unload"],"picked":"Night Terror"},{"not_picked":["Finisher","Outmaneuver"],"picked":"Dagger Throw"},{"not_picked":["Quick Slash","Underhanded Strike"],"picked":"Malaise"},{"not_picked":["Finisher","Outmaneuver"],"picked":"Backflip"},{"not_picked":["Expertise","Cloak And Dagger"],"picked":"Escape Plan"},{"not_picked":["Backflip","Blur"],"picked":"Footwork"},{"not_picked":["PiercingWail","Bane"],"picked":"Backflip"},{"not_picked":["Storm of Steel","Deflect"],"picked":"Dodge and Roll"},{"not_picked":["Bane","Underhanded Strike"],"picked":"Backflip"},{"not_picked":["Heel Hook","Concentrate"],"picked":"Noxious Fumes"}],"player_experience":1498721,"potions_floor_usage":[25,27,33,42,48,50,50],"damage_taken":[{"damage":1.0,"enemies":"Jaw Worm","floor":1.0,"turns":6.0},{"damage":0.0,"enemies":"Cultist","floor":2.0,"turns":4.0},{"damage":0.0,"enemies":"Small Slimes","floor":4.0,"turns":4.0},{"damage":0.0,"enemies":"3 Louse","floor":7.0,"turns":3.0},{"damage":0.0,"enemies":"Lots of Slimes","floor":10.0,"turns":4.0},{"damage":0.0,"enemies":"Looter","floor":12.0,"turns":3.0},{"damage":0.0,"enemies":"Blue Slaver","floor":13.0,"turns":3.0},{"damage":19.0,"enemies":"Gremlin Nob","floor":14.0,"turns":4.0},{"damage":10.0,"enemies":"Slime Boss","floor":16.0,"turns":14.0},{"damage":0.0,"enemies":"3 Byrds","floor":18.0,"turns":6.0},{"damage":6.0,"enemies":"Chosen","floor":19.0,"turns":9.0},{"damage":23.0,"enemies":"Snake Plant","floor":20.0,"turns":7.0},{"damage":5.0,"enemies":"Snecko","floor":22.0,"turns":7.0},{"damage":27.0,"enemies":"Slavers","floor":23.0,"turns":8.0},{"damage":6,"enemies":"Chosen and Byrds","floor":25,"turns":7},{"damage":0,"enemies":"Snake Plant","floor":27,"turns":6},{"damage":26,"enemies":"Collector","floor":33,"turns":10},{"damage":0,"enemies":"3 Darklings","floor":35,"turns":8},{"damage":1,"enemies":"Orb Walker","floor":38,"turns":6},{"damage":0,"enemies":"Giant Head","floor":40,"turns":10},{"damage":12,"enemies":"4 Shapes","floor":42,"turns":7},{"damage":0,"enemies":"Maw","floor":46,"turns":7},{"damage":0,"enemies":"3 Darklings","floor":47,"turns":6},{"damage":0,"enemies":"Sphere and 2 Shapes","floor":48,"turns":5},{"damage":0,"enemies":"Time Eater","floor":50,"turns":20}],"event_choices":[{"event_name":"Purifier","player_choice":"One Purge","floor":5.0,"damage_taken":0.0},{"event_name":"Cursed Tome","player_choice":"Ignored","floor":21.0,"damage_taken":0.0},{"event_name":"Vampires","player_choice":"Ignored","floor":28,"damage_taken":0},{"event_name":"Upgrade Shrine","player_choice":"Upgraded","floor":31,"damage_taken":0},{"event_name":"Mysterious Sphere","player_choice":"Ignore","floor":36,"damage_taken":0},{"event_name":"Tomb of Lord Red Mask","player_choice":"Ignored","floor":39,"damage_taken":0}],"boss_relics":[{"not_picked":["Pandora\u0027s Box","Runic Dome"],"picked":"Cursed Key"}],"potions_floor_spawned":[2,12,14,16,22,23,25,33,38,40,46,48],"seed_played":"7155685672137495529","ascension_level":0,"is_trial":false}