{"path_per_floor":["M","M","M","$","?","?","M","R","T","M","R","E","R","?","R","B",null,"M","M","?","?","M","R","E","M","T","?","R","$","R","M","R","B",null,"M","M","?","?","T","R","M","R","T","R","M","M","?","?","R","B"],"character_chosen":"THE_SILENT","items_purchased":["Thread and Needle"],"gold_per_floor":[115,127,146,71,146,146,159,159,183,198,198,226,226,226,226,321,321,337,348,348,348,363,363,396,413,413,413,413,20,20,37,37,138,138,156,169,0,353,380,380,395,395,422,422,433,448,448,448,448,448],"floor_reached":51,"campfire_rested":2,"playtime":2309,"current_hp_per_floor":[70,67,62,62,51,37,37,37,37,36,57,57,57,57,57,40,70,70,70,57,57,57,57,57,57,57,57,57,57,57,57,57,57,75,75,75,75,75,75,75,75,75,75,75,75,75,66,66,75,75],"items_purged":["Strike_G","Strike_G"],"gold":448,"score":665,"play_id":"9d7ceff2-7415-4216-b047-0bc685bf436b","local_time":"20180305200622","is_prod":false,"is_daily":false,"is_ascension_mode":false,"campfire_upgraded":10,"timestamp":1520276782,"path_taken":["M","?","M","$","?","?","?","R","T","M","R","E","R","?","R","BOSS","M","M","?","?","M","R","E","M","T","?","R","$","R","M","R","BOSS","M","M","?","?","?","R","M","R","T","R","M","M","?","?","R","BOSS"],"build_version":"2018-03-01-PROD1","purchased_purges":2,"victory":true,"master_deck":["Defend_G","Defend_G","Defend_G","Defend_G","Defend_G+1","Strike_G","Strike_G+1","Survivor+1","Escape Plan","Noxious Fumes+1","Backflip+1","Well Laid Plans+1","Adrenaline","Blur+1","Burst+1","Backstab","Blur+1","Caltrops+1","Backflip+1","Wraith Form+1","Blur+1","Malaise+1","PiercingWail","PiercingWail+1","Madness","Madness","Sucker Punch+1"],"max_hp_per_floor":[70,70,70,70,70,70,70,70,70,70,70,70,70,70,70,70,70,70,70,75,75,75,75,75,75,75,75,75,75,75,75,75,75,75,75,75,75,75,75,75,75,75,75,75,75,75,75,75,75,75],"relics":["Ring of the Snake","Bag of Marbles","Art of War","Sozu","Snake Skull","Happy Flower","Thread and Needle","Lizard Tail","Red Mask","Old Coin","Dream Catcher","Omamori"],"card_choices":[{"not_picked":["Crippling Poison","Choke"],"picked":"Escape Plan"},{"not_picked":["Backstab","Quick Slash"],"picked":"Noxious Fumes"},{"not_picked":["Skewer","Infinite Blades"],"picked":"Backflip"},{"not_picked":["Endless Agony","Slice"],"picked":"Well Laid Plans"},{"not_picked":["Dash","Deadly Poison"],"picked":"Adrenaline"},{"not_picked":["Cloak And Dagger","PiercingWail"],"picked":"Blur"},{"not_picked":["Grand Finale","Glass Knife"],"picked":"Burst"},{"not_picked":["Dodge and Roll","Poisoned Stab"],"picked":"Backstab"},{"not_picked":["Poisoned Stab","Deadly Poison"],"picked":"Blur"},{"not_picked":["Acrobatics","Blur"],"picked":"Caltrops"},{"not_picked":["Deadly Poison","Dagger Throw"],"picked":"Backflip"},{"not_picked":["Night Terror","Envenom"],"picked":"Wraith Form"},{"not_picked":["Dodge and Roll","Choke"],"picked":"Blur"},{"not_picked":["Reflex","Flying Knee"],"picked":"Malaise"},{"not_picked":["Prepared","Dagger Throw"],"picked":"PiercingWail"},{"not_picked":["Cloak And Dagger","Poisoned Stab"],"picked":"PiercingWail"},{"not_picked":["Underhanded Strike","Backstab"],"picked":"Sucker Punch"}],"player_experience":1457814,"potions_floor_usage":[22,50,50],"damage_taken":[{"damage":0,"enemies":"Cultist","floor":1,"turns":4},{"damage":3,"enemies":"Small Slimes","floor":2,"turns":4},{"damage":5,"enemies":"Jaw Worm","floor":3,"turns":4},{"damage":0,"enemies":"Blue Slaver","floor":7,"turns":5},{"damage":1,"enemies":"Exordium Wildlife","floor":10,"turns":5},{"damage":0,"enemies":"Lagavulin","floor":12,"turns":7},{"damage":17,"enemies":"Hexaghost","floor":16,"turns":12},{"damage":0,"enemies":"3 Byrds","floor":18,"turns":6},{"damage":0,"enemies":"Shell Parasite","floor":19,"turns":6},{"damage":0,"enemies":"Snecko","floor":22,"turns":6},{"damage":0,"enemies":"Book of Stabbing","floor":24,"turns":7},{"damage":0,"enemies":"Snake Plant","floor":25,"turns":6},{"damage":0,"enemies":"Centurion and Healer","floor":31,"turns":7},{"damage":0,"enemies":"Champ","floor":33,"turns":17},{"damage":0,"enemies":"3 Shapes","floor":35,"turns":5},{"damage":0,"enemies":"Orb Walker","floor":36,"turns":4},{"damage":0,"enemies":"Mysterious Sphere","floor":38,"turns":6},{"damage":0,"enemies":"Sphere and 2 Shapes","floor":41,"turns":6},{"damage":0,"enemies":"3 Darklings","floor":45,"turns":6},{"damage":0,"enemies":"4 Shapes","floor":46,"turns":5},{"damage":0,"enemies":"Donu and Deca","floor":50,"turns":11}],"event_choices":[{"event_name":"World of Goop","player_choice":"Gather Gold","floor":5,"damage_taken":0},{"event_name":"Shining Light","player_choice":"Entered Light","floor":6,"damage_taken":0},{"event_name":"The Woman in Blue","player_choice":"Bought 0 Potions","floor":14,"damage_taken":0},{"event_name":"Forgotten Altar","player_choice":"Shed Blood","floor":20,"damage_taken":0},{"event_name":"Bonfire Elementals","player_choice":"BASIC","floor":21,"damage_taken":0},{"event_name":"Vampires","player_choice":"Ignored","floor":27,"damage_taken":0},{"event_name":"Tomb of Lord Red Mask","player_choice":"Paid","floor":37,"damage_taken":0},{"event_name":"Mysterious Sphere","player_choice":"Fight","floor":38,"damage_taken":0},{"event_name":"Winding Halls","player_choice":"Embrace Madness","floor":47,"damage_taken":0}],"boss_relics":[{"not_picked":["Calling Bell","Velvet Choker"],"picked":"Sozu"},{"not_picked":["Snecko Eye","Pandora\u0027s Box"],"picked":"Lizard Tail"}],"potions_floor_spawned":[1,2,3,12,18,19,25,31,36,45],"seed_played":"8462535772375780615","ascension_level":0,"is_trial":false}