{"path_per_floor":["M","?","M","?","M","R","?","R","T","R","M","M","?","$","R","B",null,"M","?","$","T","M","R","E","M","T","$","M","?","E","?","R","B",null,"M","M","$","M","?","R","M","?","T","R","?","R","?","E","R","B"],"character_chosen":"THE_SILENT","items_purchased":["Infinite Blades","Noxious Fumes","Cloak And Dagger"],"gold_per_floor":[113,113,124,124,143,143,143,143,169,169,188,203,203,128,128,225,225,238,238,71,71,81,81,109,124,171,46,60,60,86,86,86,191,191,205,224,91,103,203,203,221,221,221,221,221,221,221,256,256,256],"floor_reached":51,"campfire_rested":0,"playtime":2178,"current_hp_per_floor":[70,70,69,55,55,55,55,55,55,55,55,53,53,53,53,43,70,70,54,54,54,54,54,54,54,54,54,54,54,54,54,54,54,70,70,57,57,57,57,57,57,57,57,57,57,57,70,70,70,43],"items_purged":["Defend_G","Strike_G","Strike_G"],"gold":256,"score":676,"play_id":"21ec488c-7b24-43f9-820f-0f88f4174d7c","local_time":"20180304230742","is_prod":false,"is_daily":false,"is_ascension_mode":false,"campfire_upgraded":9,"timestamp":1520201262,"path_taken":["M","?","M","?","?","R","?","R","T","R","M","M","?","$","R","BOSS","M","?","?","?","M","R","E","M","T","$","M","?","E","?","R","BOSS","M","M","$","M","?","R","M","?","T","R","?","R","?","E","R","BOSS"],"build_version":"2018-03-01-PROD1","purchased_purges":3,"victory":true,"master_deck":["Defend_G","Defend_G","Defend_G","Defend_G","Survivor+1","Flying Knee+1","Accuracy+1","Caltrops+1","Leg Sweep+1","Footwork+1","Cloak And Dagger+1","Adrenaline+1","Infinite Blades","Acrobatics+1","Noxious Fumes+1","Cloak And Dagger+1"],"max_hp_per_floor":[70,70,70,70,70,70,70,70,70,70,70,70,70,70,70,70,70,70,70,70,70,70,70,70,70,70,70,70,70,70,70,70,70,70,70,70,70,70,70,70,70,70,70,70,70,70,70,70,70,70],"relics":["Ring of the Snake","Anchor","Runic Dome","Enchiridion","Ninja Scroll","Pen Nib","Juzu Bracelet","Letter Opener","Philosopher\u0027s Stone","Ice Cream","Peace Pipe"],"card_choices":[{"not_picked":["Deadly Poison","Bane"],"picked":"Flying Knee"},{"not_picked":["Deadly Poison","Underhanded Strike"],"picked":"Caltrops"},{"not_picked":["Deadly Poison","Backstab"],"picked":"Leg Sweep"},{"not_picked":["Deadly Poison","Cloak And Dagger"],"picked":"Footwork"},{"not_picked":["Finisher","Concentrate"],"picked":"Cloak And Dagger"},{"not_picked":["A Thousand Cuts","Die Die Die"],"picked":"Adrenaline"},{"not_picked":["Concentrate","Deadly Poison"],"picked":"Acrobatics"}],"player_experience":1451813,"potions_floor_usage":[33,48,50,50],"damage_taken":[{"damage":0,"enemies":"Jaw Worm","floor":1,"turns":5},{"damage":1,"enemies":"Cultist","floor":3,"turns":5},{"damage":0,"enemies":"Small Slimes","floor":5,"turns":4},{"damage":0,"enemies":"3 Louse","floor":11,"turns":3},{"damage":2,"enemies":"Blue Slaver","floor":12,"turns":4},{"damage":10,"enemies":"Slime Boss","floor":16,"turns":12},{"damage":0,"enemies":"3 Byrds","floor":18,"turns":3},{"damage":0,"enemies":"Spheric Guardian","floor":22,"turns":3},{"damage":0,"enemies":"Slavers","floor":24,"turns":5},{"damage":0,"enemies":"Snake Plant","floor":25,"turns":3},{"damage":0,"enemies":"3 Cultists","floor":28,"turns":4},{"damage":0,"enemies":"Gremlin Leader","floor":30,"turns":8},{"damage":0,"enemies":"Collector","floor":33,"turns":11},{"damage":0,"enemies":"3 Shapes","floor":35,"turns":3},{"damage":13,"enemies":"Orb Walker","floor":36,"turns":4},{"damage":0,"enemies":"4 Shapes","floor":38,"turns":6},{"damage":0,"enemies":"Maw","floor":41,"turns":6},{"damage":0,"enemies":"Nemesis","floor":48,"turns":5},{"damage":27,"enemies":"Time Eater","floor":50,"turns":11}],"event_choices":[{"event_name":"Transmorgrifier","player_choice":"Transform","floor":2,"damage_taken":0},{"event_name":"Shining Light","player_choice":"Entered Light","floor":4,"damage_taken":0},{"event_name":"Dead Adventurer","player_choice":"Searched \u00270\u0027 times","floor":7,"damage_taken":0},{"event_name":"Purifier","player_choice":"One Purge","floor":13,"damage_taken":0},{"event_name":"Cursed Tome","player_choice":"Obtained Book","floor":19,"damage_taken":0},{"event_name":"Vampires","player_choice":"Ignored","floor":29,"damage_taken":0},{"event_name":"Accursed Blacksmith","player_choice":"Forge","floor":31,"damage_taken":0},{"event_name":"Golden Shrine","player_choice":"Pray","floor":39,"damage_taken":0},{"event_name":"Tomb of Lord Red Mask","player_choice":"Ignored","floor":42,"damage_taken":0},{"event_name":"Winding Halls","player_choice":"Writhe","floor":47,"damage_taken":0}],"boss_relics":[{"not_picked":["The Specimen","Black Star"],"picked":"Runic Dome"},{"not_picked":["Velvet Choker","Calling Bell"],"picked":"Philosopher\u0027s Stone"}],"potions_floor_spawned":[1,12,16,22,28,30,36,41],"seed_played":"1972995922286334843","ascension_level":0,"is_trial":false}