{"path_per_floor":["M","$","?","M","M","R","M","R","T","M","M","M","M","E","R","B",null,"M","M","$","M","?","E","R","M","T","?","E","M","?","M","R","B",null,"M","?","?","?","?","$","M","R","T","E","?","?","R","M","R","B"],"character_chosen":"THE_SILENT","items_purchased":["Footwork","Sadistic Nature","Poison Potion"],"gold_per_floor":[15,15,15,28,42,42,52,52,52,68,81,100,111,146,146,247,247,265,277,19,29,29,56,56,67,67,67,102,117,117,135,135,237,237,257,257,257,308,308,182,195,195,266,291,291,291,291,311,311,311],"floor_reached":51,"campfire_rested":0,"playtime":4277,"current_hp_per_floor":[70,70,63,63,63,63,59,59,59,59,55,55,55,70,70,65,70,70,68,68,61,61,63,63,58,58,58,60,50,50,68,68,76,76,76,66,59,74,74,74,80,80,80,96,106,106,106,97,97,108],"items_purged":["Bane"],"gold":311,"score":820,"play_id":"59b96fe4-1a0c-4f30-a6dd-c96185fa809a","local_time":"20180314164132","is_prod":false,"is_daily":false,"is_ascension_mode":false,"campfire_upgraded":8,"timestamp":1521042092,"path_taken":["M","?","?","M","M","R","M","R","T","M","M","M","M","E","R","BOSS","M","M","$","M","?","E","R","M","T","?","E","M","?","M","R","BOSS","M","?","?","?","?","$","M","R","T","E","?","?","R","M","R","BOSS"],"build_version":"2018-03-09","purchased_purges":1,"victory":true,"master_deck":["Defend_G","Defend_G","Defend_G","Defend_G","Defend_G","Survivor","Neutralize+1","Well Laid Plans+1","Backflip","Noxious Fumes+1","Flying Knee","Leg Sweep","Adrenaline","Prepared+1","Dagger Spray+1","Footwork+1","Sadistic Nature","Dodge and Roll+1","Backflip+1","Footwork+1","Bite","Bite","Bite","Bite","Night Terror","Bouncing Flask+1","Madness","Madness"],"max_hp_per_floor":[70,70,70,70,70,70,70,70,70,70,70,70,70,70,70,70,70,70,70,70,70,70,72,72,72,72,72,74,74,74,76,76,76,76,76,76,76,92,92,92,94,94,94,96,106,106,106,108,108,108],"relics":["Ring of the Snake","Gambling Chip","Juzu Bracelet","Oddly Smooth Stone","Black Star","Bag of Marbles","Singing Bowl","Lantern","Letter Opener","Whetstone","Philosopher\u0027s Stone","Mango","Centennial Puzzle","Pantograph","Bottled Lightning"],"card_choices":[{"not_picked":["Malaise","Cloak And Dagger"],"picked":"Well Laid Plans"},{"not_picked":["Underhanded Strike","Acrobatics"],"picked":"Backflip"},{"not_picked":["Quick Slash","Dodge and Roll"],"picked":"Noxious Fumes"},{"not_picked":["Deflect","Distraction"],"picked":"Flying Knee"},{"not_picked":["Masterful Stab","Dagger Throw"],"picked":"Bane"},{"not_picked":["Slice","Blade Dance"],"picked":"Leg Sweep"},{"not_picked":["Dodge and Roll","Deflect"],"picked":"Adrenaline"},{"not_picked":["A Thousand Cuts","Corpse Explosion"],"picked":"Tactician"},{"not_picked":["Distraction","Well Laid Plans"],"picked":"Prepared"},{"not_picked":["Deflect","Masterful Stab"],"picked":"Dagger Spray"},{"not_picked":["Dagger Throw","PiercingWail"],"picked":"Dodge and Roll"},{"not_picked":["Blade Dance","Caltrops"],"picked":"Backflip"},{"not_picked":["Accuracy","Slice"],"picked":"Footwork"},{"not_picked":["Bullet Time","Phantasmal Killer"],"picked":"Night Terror"},{"not_picked":["Quick Slash","Deflect"],"picked":"Bouncing Flask"}],"player_experience":1533041,"potions_floor_usage":[14,18,25,28,29,50,50,50],"damage_taken":[{"damage":0,"enemies":"Cultist","floor":1,"turns":4},{"damage":0,"enemies":"Jaw Worm","floor":4,"turns":4},{"damage":0,"enemies":"Small Slimes","floor":5,"turns":3},{"damage":4,"enemies":"Blue Slaver","floor":7,"turns":4},{"damage":0,"enemies":"Large Slime","floor":10,"turns":7},{"damage":4,"enemies":"2 Fungi Beasts","floor":11,"turns":3},{"damage":0,"enemies":"Looter","floor":12,"turns":3},{"damage":0,"enemies":"Blue Slaver","floor":13,"turns":5},{"damage":0,"enemies":"3 Sentries","floor":14,"turns":7},{"damage":5,"enemies":"Slime Boss","floor":16,"turns":11},{"damage":0,"enemies":"Spheric Guardian","floor":18,"turns":7},{"damage":2,"enemies":"Chosen","floor":19,"turns":6},{"damage":7,"enemies":"Snake Plant","floor":21,"turns":5},{"damage":0,"enemies":"Book of Stabbing","floor":23,"turns":8},{"damage":5,"enemies":"Sentry and Sphere","floor":25,"turns":6},{"damage":0,"enemies":"Slavers","floor":28,"turns":5},{"damage":12,"enemies":"Snecko","floor":29,"turns":6},{"damage":2,"enemies":"Snake Plant","floor":31,"turns":5},{"damage":1,"enemies":"Champ","floor":33,"turns":14},{"damage":12,"enemies":"3 Darklings","floor":35,"turns":7},{"damage":13,"enemies":"Mysterious Sphere","floor":38,"turns":5},{"damage":0,"enemies":"3 Shapes","floor":41,"turns":5},{"damage":1,"enemies":"Giant Head","floor":44,"turns":10},{"damage":17,"enemies":"Sphere and 2 Shapes","floor":48,"turns":4},{"damage":1,"enemies":"Awakened One","floor":50,"turns":17}],"event_choices":[{"event_name":"Golden Wing","player_choice":"Card Removal","floor":3,"damage_taken":0},{"event_name":"Beggar","player_choice":"Ignored","floor":22,"damage_taken":0},{"event_name":"The Mausoleum","player_choice":"Yes","floor":27,"damage_taken":0},{"event_name":"Vampires","player_choice":"Became a vampire (Vial)","floor":30,"damage_taken":0},{"event_name":"Winding Halls","player_choice":"Embrace Madness","floor":36,"damage_taken":0},{"event_name":"Wheel of Change","player_choice":"Damage","floor":37,"damage_taken":0},{"event_name":"Mysterious Sphere","player_choice":"Fight","floor":38,"damage_taken":0},{"event_name":"Tomb of Lord Red Mask","player_choice":"Ignored","floor":39,"damage_taken":0},{"event_name":"Bonfire Elementals","player_choice":"RARE","floor":45,"damage_taken":0}],"boss_relics":[{"not_picked":["Velvet Choker","Question Card"],"picked":"Black Star"},{"not_picked":["Eternal Feather","Tiny House"],"picked":"Philosopher\u0027s Stone"}],"potions_floor_spawned":[1,4,11,13,14,19,25,29,31,35,48],"seed_played":"-7364218437973204367","ascension_level":0,"is_trial":false}