{"path_per_floor":["M","?","M","$","M","R","?","E","T","R","M","?","R","E","R","B",null,"M","$","M","?","M","R","E","M","T","M","R","?","E","M","R","B",null,"M","?","M","$","M","R","M","R","T","M","M","M","R","$","R","B"],"character_chosen":"THE_SILENT","items_purchased":["Slice","Cloak And Dagger","Predator","Leg Sweep","Happy Flower","Backflip"],"gold_per_floor":[117,117,134,33,51,51,51,86,86,86,106,106,106,132,132,233,233,250,36,47,47,63,63,89,101,156,167,167,167,194,207,207,310,310,326,326,337,103,117,117,132,132,132,149,169,183,183,88,88,88],"floor_reached":51,"campfire_rested":2,"playtime":2481,"current_hp_per_floor":[70,70,70,70,70,70,70,60,60,60,60,60,60,60,60,17,70,60,60,55,55,55,55,37,27,27,33,54,38,38,38,60,64,78,75,78,80,80,78,78,84,84,84,84,86,84,84,84,84,81],"items_purged":["Strike_G","Defend_G","Defend_G","Defend_G"],"gold":88,"score":900,"play_id":"b23161cb-1bf1-4cf5-9d9d-fda0626cf1a9","local_time":"20180322230007","is_prod":false,"is_daily":false,"is_ascension_mode":false,"campfire_upgraded":9,"timestamp":1521756007,"path_taken":["M","?","M","$","M","R","?","E","T","R","M","?","R","E","R","BOSS","M","$","M","?","M","R","E","M","T","M","R","?","E","M","R","BOSS","M","?","M","$","M","R","M","R","T","?","?","M","R","$","R","BOSS"],"build_version":"2018-03-15v3","purchased_purges":5,"victory":true,"master_deck":["Defend_G","Defend_G","Strike_G","Strike_G","Strike_G","Survivor","Neutralize+1","Backflip+1","Dagger Throw","Slice","Dash+1","Backflip+1","Backstab","Terror+1","Tools of the Trade","Regret","Pain","Decay","Concentrate+1","Cloak And Dagger+1","Predator+1","Writhe","Well Laid Plans+1","Backflip","Predator+1","Backflip","Leg Sweep+1","Clumsy","Backstab+1","Backflip"],"max_hp_per_floor":[70,70,70,70,70,70,70,70,70,70,70,70,70,70,70,70,70,70,70,70,70,70,70,70,70,70,72,72,72,74,76,76,78,78,78,78,80,80,82,82,84,84,84,84,86,88,88,88,88,88],"relics":["Ring of the Snake","Bird Faced Urn","Du-Vu Doll","Singing Bowl","Calling Bell","Lantern","Ninja Scroll","Paper Crane","Smiling Mask","Gremlin Horn","Anchor","Nilry\u0027s Codex","Shuriken","Cursed Key","Happy Flower","Calipers"],"card_choices":[{"not_picked":["Quick Slash","Prepared"],"picked":"Backflip"},{"not_picked":["Poisoned Stab","Skewer"],"picked":"Dagger Throw"},{"not_picked":["Flying Knee","Poisoned Stab"],"picked":"Dash"},{"not_picked":["Prepared","Die Die Die"],"picked":"Backflip"},{"not_picked":["Dodge and Roll","Deflect"],"picked":"Backstab"},{"not_picked":["Cloak And Dagger","Finisher"],"picked":"Terror"},{"not_picked":["Storm of Steel","Doppelganger"],"picked":"Tools of the Trade"},{"not_picked":["Sucker Punch","Bane"],"picked":"Concentrate"},{"not_picked":["Deflect","Poisoned Stab"],"picked":"Concentrate"},{"not_picked":["Flying Knee","Slice"],"picked":"Well Laid Plans"},{"not_picked":["PiercingWail","Choke"],"picked":"Backflip"},{"not_picked":["Dash","Cloak And Dagger"],"picked":"Predator"},{"not_picked":["Finisher","Bane"],"picked":"Backflip"},{"not_picked":["Venomology","Crippling Poison"],"picked":"Backstab"}],"player_experience":1575236,"potions_floor_usage":[14,22,22,24,30,50],"damage_taken":[{"damage":0,"enemies":"Small Slimes","floor":1,"turns":4},{"damage":0,"enemies":"Cultist","floor":3,"turns":3},{"damage":0,"enemies":"Jaw Worm","floor":5,"turns":3},{"damage":10,"enemies":"Gremlin Nob","floor":8,"turns":5},{"damage":0,"enemies":"3 Louse","floor":11,"turns":3},{"damage":0,"enemies":"Lagavulin","floor":14,"turns":6},{"damage":43,"enemies":"Slime Boss","floor":16,"turns":23},{"damage":12,"enemies":"Chosen","floor":18,"turns":3},{"damage":5,"enemies":"3 Byrds","floor":20,"turns":4},{"damage":8,"enemies":"Snake Plant","floor":22,"turns":3},{"damage":22,"enemies":"Book of Stabbing","floor":24,"turns":4},{"damage":14,"enemies":"Sentry and Sphere","floor":25,"turns":4},{"damage":0,"enemies":"Snecko","floor":27,"turns":3},{"damage":6,"enemies":"Gremlin Leader","floor":30,"turns":4},{"damage":2,"enemies":"Snake Plant","floor":31,"turns":2},{"damage":8,"enemies":"Collector","floor":33,"turns":9},{"damage":3,"enemies":"3 Shapes","floor":35,"turns":3},{"damage":0,"enemies":"Orb Walker","floor":37,"turns":2},{"damage":5,"enemies":"Maw","floor":39,"turns":5},{"damage":1,"enemies":"Sphere and 2 Shapes","floor":41,"turns":3},{"damage":0,"enemies":"3 Darklings","floor":44,"turns":3},{"damage":0,"enemies":"4 Shapes","floor":45,"turns":2},{"damage":6,"enemies":"Maw","floor":46,"turns":5},{"damage":7,"enemies":"Awakened One","floor":50,"turns":11}],"event_choices":[{"event_name":"Wheel of Change","player_choice":"Full Heal","floor":2,"damage_taken":0},{"event_name":"Living Wall","player_choice":"Forget","floor":7,"damage_taken":0},{"event_name":"The Lab","player_choice":"Got Potions","floor":12,"damage_taken":0},{"event_name":"The Mausoleum","player_choice":"Yes","floor":21,"damage_taken":0},{"event_name":"Cursed Tome","player_choice":"Obtained Book","floor":29,"damage_taken":0},{"event_name":"Bonfire Elementals","player_choice":"UNCOMMON","floor":36,"damage_taken":0}],"boss_relics":[{"not_picked":["Astrolabe","Pandora\u0027s Box"],"picked":"Calling Bell"},{"not_picked":["Eternal Feather","Runic Pyramid"],"picked":"Cursed Key"}],"potions_floor_spawned":[8,16,20,22,27,30,33,41,45,46],"seed_played":"-1626685020824115347","ascension_level":0,"is_trial":false}