{"path_per_floor":["M","$","?","M","M","R","?","R","T","R","M","?","?","E","R","B",null,"M","?","T","?","M","R","M","R","T","R","?","M","M","$","R","B",null,"M","$","?","?","M","R","M","?","T","?","R","M","M","M","R","B"],"character_chosen":"THE_SILENT","items_purchased":["Bag of Marbles","Oddly Smooth Stone","Backflip","Pen Nib"],"gold_per_floor":[210,53,53,68,88,88,144,144,144,144,158,158,178,211,211,306,306,326,326,351,451,464,464,482,482,507,507,432,449,466,32,32,135,135,147,47,47,0,14,14,30,130,130,130,130,148,161,175,175,175],"floor_reached":51,"campfire_rested":0,"playtime":1793,"current_hp_per_floor":[67,67,67,67,67,67,60,60,60,60,60,60,54,51,51,17,77,77,63,63,63,63,63,59,59,59,59,59,48,42,42,42,65,82,82,82,72,72,71,71,71,71,71,71,71,82,82,81,81,52],"items_purged":["Strike_G","Strike_G"],"gold":175,"score":695,"play_id":"33cc1032-48e7-4e0b-be49-0a8c472be1cb","local_time":"20180315114502","is_prod":false,"is_daily":false,"is_ascension_mode":false,"campfire_upgraded":11,"timestamp":1521110702,"path_taken":["M","$","?","M","M","R","?","R","T","R","?","?","?","E","R","BOSS","M","?","?","?","M","R","M","R","T","R","?","M","M","?","R","BOSS","M","$","?","?","M","R","M","?","T","?","R","?","M","M","R","BOSS"],"build_version":"2018-03-09","purchased_purges":2,"victory":true,"master_deck":["Defend_G","Defend_G","Defend_G","Defend_G","Defend_G","Survivor","Neutralize+1","Predator+1","Flying Knee+1","Backflip+1","Footwork+1","Dagger Throw","Dodge and Roll","Phantasmal Killer+1","Sucker Punch+1","Caltrops+1","Footwork+1","Terror+1","Caltrops+1","Backflip+1","Adrenaline","Madness","Caltrops+1","Escape Plan+1","Backstab"],"max_hp_per_floor":[70,70,70,70,70,70,77,77,77,77,77,77,77,77,77,77,77,77,82,82,82,82,82,82,82,82,82,82,82,82,82,82,82,82,82,82,82,82,82,82,82,82,82,82,82,82,82,82,82,82],"relics":["Ring of the Snake","Bag of Marbles","Strawberry","Du-Vu Doll","Odd Mushroom","Pantograph","Philosopher\u0027s Stone","Dream Catcher","Prayer Wheel","Oddly Smooth Stone","Pen Nib","White Beast Statue","Red Mask"],"card_choices":[{"not_picked":["Dagger Throw","Catalyst"],"picked":"Predator"},{"not_picked":["Distraction","Bouncing Flask"],"picked":"Flying Knee"},{"not_picked":["Riddle With Holes","Flechettes"],"picked":"Backflip"},{"not_picked":["Deadly Poison","Flying Knee"],"picked":"Footwork"},{"not_picked":["Bane","Dagger Spray"],"picked":"Dagger Throw"},{"not_picked":["Grand Finale","Flying Knee"],"picked":"Dodge and Roll"},{"not_picked":["Corpse Explosion","Unload"],"picked":"Phantasmal Killer"},{"not_picked":["Infinite Blades","Dagger Spray"],"picked":"Sucker Punch"},{"not_picked":["Dodge and Roll","Predator"],"picked":"Caltrops"},{"not_picked":["Cloak And Dagger","A Thousand Cuts"],"picked":"Footwork"},{"not_picked":["Acrobatics","Slice"],"picked":"Terror"},{"not_picked":["Setup","Catalyst"],"picked":"Caltrops"},{"not_picked":["Wraith Form","Corpse Explosion"],"picked":"Adrenaline"},{"not_picked":["Masterful Stab","Acrobatics"],"picked":"Caltrops"},{"not_picked":["Endless Agony","Poisoned Stab"],"picked":"Escape Plan"},{"not_picked":["Dagger Spray","Slice"],"picked":"Backstab"}],"player_experience":1542074,"potions_floor_usage":[7,41,46,47,47,50,50,50],"damage_taken":[{"damage":3,"enemies":"Jaw Worm","floor":1,"turns":7},{"damage":0,"enemies":"Cultist","floor":4,"turns":2},{"damage":0,"enemies":"2 Louse","floor":5,"turns":2},{"damage":14,"enemies":"Lagavulin Event","floor":7,"turns":10},{"damage":0,"enemies":"Exordium Wildlife","floor":11,"turns":2},{"damage":6,"enemies":"The Mushroom Lair","floor":13,"turns":4},{"damage":3,"enemies":"3 Sentries","floor":14,"turns":9},{"damage":59,"enemies":"Hexaghost","floor":16,"turns":18},{"damage":0,"enemies":"Spheric Guardian","floor":18,"turns":3},{"damage":0,"enemies":"Chosen","floor":22,"turns":4},{"damage":4,"enemies":"Centurion and Healer","floor":24,"turns":5},{"damage":11,"enemies":"Snake Plant","floor":29,"turns":5},{"damage":6,"enemies":"3 Cultists","floor":30,"turns":5},{"damage":2,"enemies":"Champ","floor":33,"turns":10},{"damage":0,"enemies":"3 Shapes","floor":35,"turns":6},{"damage":1,"enemies":"Orb Walker","floor":39,"turns":3},{"damage":0,"enemies":"4 Shapes","floor":41,"turns":6},{"damage":0,"enemies":"3 Darklings","floor":46,"turns":7},{"damage":0,"enemies":"Sphere and 2 Shapes","floor":47,"turns":4},{"damage":1,"enemies":"Maw","floor":48,"turns":5},{"damage":30,"enemies":"Donu and Deca","floor":50,"turns":9}],"event_choices":[{"event_name":"Bonfire Elementals","player_choice":"BASIC","floor":3,"damage_taken":0},{"event_name":"Dead Adventurer","player_choice":"Searched \u00271\u0027 times","floor":7,"damage_taken":0},{"event_name":"Purifier","player_choice":"One Purge","floor":12,"damage_taken":0},{"event_name":"Mushrooms","player_choice":"Fought Mushrooms","floor":13,"damage_taken":0},{"event_name":"Forgotten Altar","player_choice":"Shed Blood","floor":19,"damage_taken":0},{"event_name":"Golden Shrine","player_choice":"Pray","floor":21,"damage_taken":0},{"event_name":"Beggar","player_choice":"Gave Gold","floor":28,"damage_taken":0},{"event_name":"Winding Halls","player_choice":"Embrace Madness","floor":37,"damage_taken":0},{"event_name":"Tomb of Lord Red Mask","player_choice":"Paid","floor":38,"damage_taken":0},{"event_name":"Golden Shrine","player_choice":"Pray","floor":42,"damage_taken":0}],"boss_relics":[{"not_picked":["Pandora\u0027s Box","Lizard Tail"],"picked":"Philosopher\u0027s Stone"},{"not_picked":["Snecko Eye","Orrery"],"picked":"White Beast Statue"}],"potions_floor_spawned":[4,13,16,18,35,39,41,46,47,48],"seed_played":"5081176222476438628","ascension_level":0,"is_trial":false}