{"path_per_floor":["M","?","M","?","T","R","E","R","T","R","M","M","R","M","R","B",null,"M","M","$","M","M","R","?","R","T","R","M","M","M","E","R","B",null,"M","M","?","T","$","R","E","R","T","?","$","R","E","M","R","B"],"character_chosen":"THE_SILENT","items_purchased":["Shuriken","Oddly Smooth Stone","Omamori","Cloak And Dagger","Sadistic Nature","Dexterity Potion"],"gold_per_floor":[18,18,28,28,53,53,94,94,118,118,134,150,150,175,175,296,296,311,324,10,24,37,37,137,137,190,190,215,233,246,279,279,400,438,456,480,813,813,363,363,394,394,394,394,17,17,46,66,66,66],"floor_reached":51,"campfire_rested":1,"playtime":1802,"current_hp_per_floor":[70,70,70,53,53,53,40,40,40,40,40,40,40,40,40,35,70,70,70,70,63,62,62,62,62,62,62,62,60,57,51,51,49,75,75,73,73,73,73,73,77,77,77,66,66,85,85,84,84,79],"items_purged":["Strike_G","Regret","Decay"],"gold":66,"score":801,"play_id":"27f07f00-ab4a-4f6b-bfab-bbca143de72d","local_time":"20180320174525","is_prod":false,"is_daily":false,"is_ascension_mode":false,"campfire_upgraded":12,"timestamp":1521564325,"path_taken":["M","?","M","?","?","R","E","R","T","R","?","M","R","M","R","BOSS","M","?","$","?","M","R","?","R","T","R","M","M","M","E","R","BOSS","M","?","?","?","$","R","E","R","T","?","?","R","E","?","R","BOSS"],"build_version":"2018-03-15v3","purchased_purges":4,"victory":true,"master_deck":["Defend_G","Defend_G+1","Defend_G","Defend_G","Strike_G","Strike_G","Strike_G","Survivor+1","Neutralize+1","Envenom+1","Finisher+1","Cloak And Dagger+1","Dash+1","Die Die Die+1","A Thousand Cuts+1","Predator+1","Blade Dance+1","Blade Dance+1","Endless Agony","After Image","PiercingWail","Sucker Punch+1","Cloak And Dagger+1","Cloak And Dagger+1","Finisher+1","Cloak And Dagger","Madness","Madness","Sadistic Nature+1","Backstab+1"],"max_hp_per_floor":[70,70,70,70,70,70,70,70,70,70,70,70,70,70,70,70,70,70,70,70,70,70,70,70,70,70,70,70,70,70,70,70,70,75,75,75,75,75,75,75,85,85,85,85,85,85,85,85,85,85],"relics":["Ring of the Snake","Happy Flower","War Paint","Ancient Tea Set","Cursed Key","Shuriken","Prayer Wheel","Lantern","Tiny House","Bird Faced Urn","Oddly Smooth Stone","Omamori","Pear","Du-Vu Doll","Regal Pillow"],"card_choices":[{"not_picked":["Dagger Throw","Bane"],"picked":"Finisher"},{"not_picked":["Dagger Throw","Poisoned Stab"],"picked":"Cloak And Dagger"},{"not_picked":["Acrobatics","Concentrate"],"picked":"Dash"},{"not_picked":["Dodge and Roll","Dagger Throw"],"picked":"Die Die Die"},{"not_picked":["Bullet Time","Doppelganger"],"picked":"A Thousand Cuts"},{"not_picked":["Bane","Calculated Gamble"],"picked":"Predator"},{"not_picked":["Outmaneuver","Calculated Gamble"],"picked":"Blade Dance"},{"not_picked":["Dagger Throw","Bane"],"picked":"Blade Dance"},{"not_picked":["Outmaneuver","Deadly Poison"],"picked":"Endless Agony"},{"not_picked":["Storm of Steel","Unload"],"picked":"After Image"},{"not_picked":["Underhanded Strike","Quick Slash"],"picked":"PiercingWail"},{"not_picked":["Deflect","Deadly Poison"],"picked":"Sucker Punch"},{"not_picked":["Reflex","Prepared"],"picked":"Cloak And Dagger"},{"not_picked":["Skewer","Deflect"],"picked":"Finisher"},{"not_picked":["Riddle With Holes","Dagger Throw"],"picked":"Cloak And Dagger"},{"not_picked":["Outmaneuver","Choke"],"picked":"Backstab"}],"player_experience":1561780,"potions_floor_usage":[7,31,31,47,47,50,50],"damage_taken":[{"damage":0,"enemies":"Small Slimes","floor":1,"turns":3},{"damage":0,"enemies":"Cultist","floor":3,"turns":5},{"damage":13,"enemies":"Lagavulin","floor":7,"turns":8},{"damage":0,"enemies":"Jaw Worm","floor":11,"turns":3},{"damage":0,"enemies":"2 Fungi Beasts","floor":12,"turns":2},{"damage":0,"enemies":"Exordium Wildlife","floor":14,"turns":2},{"damage":5,"enemies":"Slime Boss","floor":16,"turns":8},{"damage":0,"enemies":"3 Byrds","floor":18,"turns":3},{"damage":0,"enemies":"Chosen","floor":19,"turns":3},{"damage":7,"enemies":"Centurion and Healer","floor":21,"turns":5},{"damage":1,"enemies":"3 Cultists","floor":22,"turns":4},{"damage":0,"enemies":"Snake Plant","floor":28,"turns":3},{"damage":2,"enemies":"Chosen and Byrds","floor":29,"turns":4},{"damage":3,"enemies":"Centurion and Healer","floor":30,"turns":3},{"damage":6,"enemies":"Book of Stabbing","floor":31,"turns":4},{"damage":2,"enemies":"Collector","floor":33,"turns":6},{"damage":0,"enemies":"3 Darklings","floor":35,"turns":5},{"damage":2,"enemies":"Orb Walker","floor":36,"turns":3},{"damage":8,"enemies":"Giant Head","floor":41,"turns":7},{"damage":1,"enemies":"Nemesis","floor":47,"turns":5},{"damage":2,"enemies":"Maw","floor":48,"turns":5},{"damage":10,"enemies":"Time Eater","floor":50,"turns":8}],"event_choices":[{"event_name":"Match and Keep!","player_choice":"1 cards matched","floor":2,"damage_taken":0},{"event_name":"Golden Idol","player_choice":"Take Damage","floor":4,"damage_taken":0},{"event_name":"Golden Shrine","player_choice":"Pray","floor":24,"damage_taken":0},{"event_name":"The Moai Head","player_choice":"Gave Idol","floor":37,"damage_taken":0},{"event_name":"Winding Halls","player_choice":"Embrace Madness","floor":44,"damage_taken":0}],"boss_relics":[{"not_picked":["Calling Bell","The Specimen"],"picked":"Cursed Key"},{"not_picked":["Eternal Feather","Question Card"],"picked":"Tiny House"}],"potions_floor_spawned":[1,3,11,21,22,28,33,47],"seed_played":"3396976647642058087","ascension_level":0,"is_trial":false}