{"path_per_floor":["M","M","?","?","$","R","E","R","T","?","R","M","$","M","R","B",null,"M","?","T","?","M","R","E","R","T","$","R","M","M","M","R","B",null,"M","M","$","?","M","R","E","R","T","?","M","M","M","M","R","B"],"character_chosen":"THE_SILENT","items_purchased":["Footwork","War Paint","Noxious Fumes","Finesse"],"gold_per_floor":[113,125,125,125,50,50,93,93,173,208,208,228,45,70,70,193,193,218,133,133,133,156,156,196,196,196,96,96,117,130,149,149,275,275,298,312,63,63,77,77,112,112,112,0,25,48,61,79,79,79],"floor_reached":51,"campfire_rested":0,"playtime":2449,"current_hp_per_floor":[66,66,49,70,70,70,45,45,45,37,37,37,37,37,37,36,70,70,70,70,54,51,51,51,51,51,51,51,51,51,51,51,51,70,70,70,70,70,70,70,70,70,70,70,70,70,70,70,70,70],"items_purged":["Defend_G","Strike_G","Strike_G"],"gold":79,"score":847,"play_id":"0f06b756-f675-477f-8dbf-5fe31c957900","local_time":"20180321084641","is_prod":false,"is_daily":false,"is_ascension_mode":false,"campfire_upgraded":9,"timestamp":1521618401,"path_taken":["M","M","?","?","?","R","E","R","T","?","R","M","$","M","R","BOSS","M","?","?","?","M","R","E","R","T","?","R","M","M","M","R","BOSS","M","M","$","?","M","R","E","R","T","?","M","M","M","?","R","BOSS"],"build_version":"2018-03-15v3","purchased_purges":3,"victory":true,"master_deck":["Defend_G","Defend_G","Defend_G","Defend_G","Strike_G","Strike_G","Survivor+1","Neutralize+1","Terror+1","Dagger Throw","Backflip+1","Predator+1","Well Laid Plans+1","Prepared+1","Footwork+1","Deflect","Tools of the Trade+1","Reflex+1","Backflip","Deflect+1","Adrenaline","Sucker Punch+1","After Image","Dagger Throw+1","Noxious Fumes+1","Finesse","Backflip+1","Calculated Gamble+1","Cloak And Dagger+1","Eviscerate+1"],"max_hp_per_floor":[70,70,70,70,70,70,70,70,70,70,70,70,70,70,70,70,70,70,70,70,70,70,70,70,70,70,70,70,70,70,70,70,70,70,70,70,70,70,70,70,70,70,70,70,70,70,70,70,70,70],"relics":["Ring of the Snake","Golden Idol","Paper Crane","Tough Bandages","Odd Mushroom","War Paint","Sozu","Dodecahedron","Girya","Enchiridion","Shuriken","Pen Nib","Philosopher\u0027s Stone","Gremlin Horn","Shovel","Red Mask"],"card_choices":[{"not_picked":["Escape Plan","Crippling Poison"],"picked":"Dagger Throw"},{"not_picked":["Dagger Spray","Sucker Punch"],"picked":"Backflip"},{"not_picked":["PiercingWail","Dagger Spray"],"picked":"Predator"},{"not_picked":["Slice","Riddle With Holes"],"picked":"Well Laid Plans"},{"not_picked":["Die Die Die","Skewer"],"picked":"Prepared"},{"not_picked":["Deadly Poison","Flying Knee"],"picked":"Deflect"},{"not_picked":["Unload","Corpse Explosion"],"picked":"Tools of the Trade"},{"not_picked":["Riddle With Holes","Bane"],"picked":"Reflex"},{"not_picked":["Dodge and Roll","PiercingWail"],"picked":"Backflip"},{"not_picked":["Slice","Outmaneuver"],"picked":"Deflect"},{"not_picked":["Backflip","Deadly Poison"],"picked":"Adrenaline"},{"not_picked":["Slice","PiercingWail"],"picked":"Sucker Punch"},{"not_picked":["Phantasmal Killer","Wraith Form"],"picked":"After Image"},{"not_picked":["Slice","Infinite Blades"],"picked":"Dagger Throw"},{"not_picked":["Skewer","Flying Knee"],"picked":"Backflip"},{"not_picked":["Expertise","Finisher"],"picked":"Calculated Gamble"},{"not_picked":["Deflect","Slice"],"picked":"Cloak And Dagger"},{"not_picked":["Calculated Gamble","Blade Dance"],"picked":"Eviscerate"}],"player_experience":1563582,"potions_floor_usage":[7,50,50],"damage_taken":[{"damage":4,"enemies":"Small Slimes","floor":1,"turns":6},{"damage":0,"enemies":"2 Louse","floor":2,"turns":4},{"damage":25,"enemies":"Gremlin Nob","floor":7,"turns":4},{"damage":8,"enemies":"The Mushroom Lair","floor":10,"turns":4},{"damage":0,"enemies":"Cultist","floor":12,"turns":2},{"damage":0,"enemies":"Blue Slaver","floor":14,"turns":2},{"damage":1,"enemies":"Hexaghost","floor":16,"turns":9},{"damage":0,"enemies":"Spheric Guardian","floor":18,"turns":4},{"damage":3,"enemies":"2 Thieves","floor":22,"turns":3},{"damage":0,"enemies":"Gremlin Leader","floor":24,"turns":6},{"damage":0,"enemies":"Cultist and Chosen","floor":29,"turns":5},{"damage":0,"enemies":"Snake Plant","floor":30,"turns":3},{"damage":0,"enemies":"Centurion and Healer","floor":31,"turns":3},{"damage":0,"enemies":"Collector","floor":33,"turns":8},{"damage":0,"enemies":"Orb Walker","floor":35,"turns":2},{"damage":0,"enemies":"3 Darklings","floor":36,"turns":5},{"damage":0,"enemies":"Maw","floor":39,"turns":5},{"damage":0,"enemies":"Giant Head","floor":41,"turns":4},{"damage":0,"enemies":"4 Shapes","floor":45,"turns":3},{"damage":0,"enemies":"3 Darklings","floor":46,"turns":3},{"damage":0,"enemies":"Maw","floor":47,"turns":5},{"damage":0,"enemies":"Sphere and 2 Shapes","floor":48,"turns":3},{"damage":0,"enemies":"Awakened One","floor":50,"turns":6}],"event_choices":[{"event_name":"Golden Idol","player_choice":"Take Damage","floor":3,"damage_taken":0},{"event_name":"Big Fish","player_choice":"Banana","floor":4,"damage_taken":0},{"event_name":"Mushrooms","player_choice":"Fought Mushrooms","floor":10,"damage_taken":0},{"event_name":"Addict","player_choice":"Obtained Relic","floor":19,"damage_taken":0},{"event_name":"Cursed Tome","player_choice":"Obtained Book","floor":21,"damage_taken":0},{"event_name":"Upgrade Shrine","player_choice":"Upgraded","floor":38,"damage_taken":0},{"event_name":"Tomb of Lord Red Mask","player_choice":"Paid","floor":44,"damage_taken":0}],"boss_relics":[{"not_picked":["Snecko Eye","Pandora\u0027s Box"],"picked":"Sozu"},{"not_picked":["Runic Dome","The Specimen"],"picked":"Philosopher\u0027s Stone"}],"potions_floor_spawned":[2,14,16,18,30,31,33,35,36,48],"seed_played":"3913119361113656769","ascension_level":0,"is_trial":false}