{"path_per_floor":["M","?","?","?","M","R","$","R","T","M","R","M","E","M","R","B",null,"M","$","M","$","?","R","E","?","T","?","R","M","M","E","R","B",null,"M","?","?","$","M","M","R","$","T","M","R","M","R","?","R","B"],"character_chosen":"THE_SILENT","items_purchased":["Ice Cream","Footwork","Lantern","PiercingWail"],"gold_per_floor":[119,294,294,294,309,309,12,12,12,32,32,52,83,102,102,222,222,240,86,109,9,9,9,44,44,99,99,99,119,144,175,175,298,298,311,311,377,103,116,135,135,109,109,124,124,149,149,149,149,149],"floor_reached":51,"campfire_rested":0,"playtime":2627,"current_hp_per_floor":[70,70,63,46,46,46,46,46,46,46,46,46,38,37,37,43,70,65,65,65,65,65,65,56,56,56,56,56,52,52,52,52,52,70,70,70,70,70,70,70,70,70,70,70,70,70,70,61,61,61],"items_purged":["Doubt","Strike_G","Strike_G"],"gold":149,"score":833,"play_id":"1122bb1d-6c97-4374-afe6-e69a16e3254f","local_time":"20180314185916","is_prod":false,"is_daily":false,"is_ascension_mode":false,"campfire_upgraded":6,"timestamp":1521050356,"path_taken":["M","?","?","?","M","R","$","R","T","M","R","M","E","M","R","BOSS","M","$","M","$","?","R","E","?","T","?","R","M","M","E","R","BOSS","M","?","?","$","?","M","R","$","T","M","R","M","R","?","R","BOSS"],"build_version":"2018-03-09","purchased_purges":4,"victory":true,"master_deck":["Defend_G","Defend_G","Survivor","Neutralize+1","Noxious Fumes+1","Deadly Poison+1","Deflect","After Image","Backstab","Well Laid Plans+1","Noxious Fumes+1","Footwork+1","Concentrate+1","Concentrate+1","Backflip+1","After Image","Malaise","After Image","Expertise+1","Cloak And Dagger+1","Backflip","PiercingWail","Acrobatics+1","Reflex+1","Madness","Madness"],"max_hp_per_floor":[70,70,70,70,70,70,70,70,70,70,70,70,70,70,70,70,70,70,70,70,70,70,70,70,70,70,70,70,70,70,70,70,70,70,70,70,70,70,70,70,70,70,70,70,70,70,70,70,70,70],"relics":["Ring of the Snake","Meat on the Bone","Golden Idol","Ice Cream","Tough Bandages","Toolbox","Question Card","Bottled Tornado","Dream Catcher","Peace Pipe","Runic Dome","Calipers","Lantern","Gambling Chip"],"card_choices":[{"not_picked":["Flying Knee","Underhanded Strike"],"picked":"Deadly Poison"},{"not_picked":["Underhanded Strike","Slice"],"picked":"Deflect"},{"not_picked":["Heel Hook","Bane"],"picked":"After Image"},{"not_picked":["Deadly Poison","Underhanded Strike"],"picked":"Backstab"},{"not_picked":["Quick Slash","Underhanded Strike"],"picked":"Well Laid Plans"},{"not_picked":["Dagger Spray","Masterful Stab","Acrobatics"],"picked":"Noxious Fumes"},{"not_picked":["Slice","Cloak And Dagger","Prepared"],"picked":"Concentrate"},{"not_picked":["Sucker Punch","Reflex","Poisoned Stab"],"picked":"Concentrate"},{"not_picked":["Bane","Malaise","Poisoned Stab"],"picked":"Backflip"},{"not_picked":["Acrobatics","Dodge and Roll","Dagger Throw"],"picked":"After Image"},{"not_picked":["Quick Slash","Terror","Footwork"],"picked":"Malaise"},{"not_picked":["Corpse Explosion","Night Terror","Phantasmal Killer"],"picked":"After Image"},{"not_picked":["Masterful Stab","Bane","Distraction"],"picked":"Expertise"},{"not_picked":["Finisher","Slice","Phantasmal Killer"],"picked":"Cloak And Dagger"},{"not_picked":["Deadly Poison","All Out Attack","Dodge and Roll"],"picked":"Backflip"},{"not_picked":["Underhanded Strike","Crippling Poison","Deadly Poison"],"picked":"Acrobatics"},{"not_picked":["Cloak And Dagger","Well Laid Plans","Riddle With Holes"],"picked":"Reflex"}],"player_experience":1537318,"potions_floor_usage":[24,24,37,50,50,50],"damage_taken":[{"damage":0,"enemies":"2 Louse","floor":1,"turns":3},{"damage":0,"enemies":"Small Slimes","floor":5,"turns":5},{"damage":0,"enemies":"Cultist","floor":10,"turns":4},{"damage":0,"enemies":"Looter","floor":12,"turns":4},{"damage":8,"enemies":"Gremlin Nob","floor":13,"turns":5},{"damage":1,"enemies":"Blue Slaver","floor":14,"turns":4},{"damage":6,"enemies":"The Guardian","floor":16,"turns":10},{"damage":5,"enemies":"Shell Parasite","floor":18,"turns":7},{"damage":0,"enemies":"Spheric Guardian","floor":20,"turns":5},{"damage":9,"enemies":"Slavers","floor":24,"turns":8},{"damage":4,"enemies":"Snake Plant","floor":29,"turns":5},{"damage":0,"enemies":"Centurion and Healer","floor":30,"turns":6},{"damage":0,"enemies":"Book of Stabbing","floor":31,"turns":7},{"damage":0,"enemies":"Automaton","floor":33,"turns":12},{"damage":0,"enemies":"Orb Walker","floor":35,"turns":5},{"damage":0,"enemies":"Mysterious Sphere","floor":37,"turns":7},{"damage":0,"enemies":"3 Darklings","floor":39,"turns":6},{"damage":0,"enemies":"Sphere and 2 Shapes","floor":40,"turns":6},{"damage":0,"enemies":"Maw","floor":44,"turns":9},{"damage":0,"enemies":"3 Darklings","floor":46,"turns":4},{"damage":0,"enemies":"Donu and Deca","floor":50,"turns":6}],"event_choices":[{"event_name":"Liars Game","player_choice":"agreed","floor":2,"damage_taken":0},{"event_name":"Scrap Ooze","player_choice":"success","floor":3,"damage_taken":7},{"event_name":"Golden Idol","player_choice":"Take Damage","floor":4,"damage_taken":0},{"event_name":"Vampires","player_choice":"Ignored","floor":22,"damage_taken":0},{"event_name":"Cursed Tome","player_choice":"Ignored","floor":25,"damage_taken":0},{"event_name":"Drug Dealer","player_choice":"Ignored","floor":27,"damage_taken":0},{"event_name":"Tomb of Lord Red Mask","player_choice":"Ignored","floor":36,"damage_taken":0},{"event_name":"Mysterious Sphere","player_choice":"Fight","floor":37,"damage_taken":0},{"event_name":"Winding Halls","player_choice":"Embrace Madness","floor":48,"damage_taken":0}],"boss_relics":[{"not_picked":["Runic Pyramid","The Specimen"],"picked":"Question Card"},{"not_picked":["Philosopher\u0027s Stone","Calling Bell"],"picked":"Runic Dome"}],"potions_floor_spawned":[5,16,18,24,29,30,37,39,40],"seed_played":"6661992721304059889","ascension_level":0,"is_trial":false}