{"path_per_floor":["M","?","M","?","$","E","?","E","T","M","R","M","R","M","R","B",null,"M","M","M","$","?","M","E","R","T","R","E","R","M","M","R","B",null,"M","M","$","?","M","R","$","T","T","?","M","M","R","M","R","B"],"character_chosen":"THE_SILENT","items_purchased":["Footwork","Expertise","Terror","Leg Sweep","Backflip","Caltrops","Accuracy","Apotheosis","Infinite Blades","Infinite Blades"],"gold_per_floor":[115,115,133,208,56,90,90,120,175,192,192,209,209,221,221,324,324,343,355,365,113,113,126,188,188,270,270,297,297,309,325,325,430,430,447,458,109,109,129,129,10,10,37,37,50,67,67,85,85,85],"floor_reached":51,"campfire_rested":2,"playtime":2780,"current_hp_per_floor":[70,70,70,59,59,59,45,50,50,50,50,50,50,50,50,4,77,74,74,74,74,74,73,40,40,40,40,28,28,28,28,51,10,77,77,77,77,77,66,66,66,66,66,66,77,69,69,56,77,64],"items_purged":["Strike_G","Strike_G"],"gold":85,"score":724,"play_id":"8f1c0950-392b-4b43-9370-cbdbb1452cf7","local_time":"20180323154804","is_prod":false,"is_daily":false,"is_ascension_mode":false,"campfire_upgraded":8,"timestamp":1521816484,"path_taken":["M","?","?","?","?","E","?","E","T","M","R","M","R","M","R","BOSS","M","M","M","$","?","M","E","R","T","R","E","R","M","M","R","BOSS","M","M","?","?","M","R","$","?","T","?","M","M","R","M","R","BOSS"],"build_version":"2018-03-22","purchased_purges":3,"victory":true,"master_deck":["Defend_G","Defend_G","Defend_G","Defend_G","Defend_G","Strike_G","Strike_G","Strike_G+1","Survivor","Neutralize+1","Footwork+1","Footwork+1","Deflect","Quick Slash","Cloak And Dagger+1","Venomology","Deflect","Flying Knee+1","Expertise+1","Terror","Cloak And Dagger+1","A Thousand Cuts+1","Backflip","Cloak And Dagger+1","After Image","PiercingWail+1","Leg Sweep","Backflip","Caltrops+1","Accuracy","Apotheosis+1","Infinite Blades","Infinite Blades","Injury","Regret","Footwork+1"],"max_hp_per_floor":[70,70,70,70,70,70,70,77,77,77,77,77,77,77,77,77,77,77,77,77,77,77,77,77,77,77,77,77,77,77,77,77,77,77,77,77,77,77,77,77,77,77,77,77,77,77,77,77,77,77],"relics":["Ring of the Snake","NeowsBlessing","Bottled Tornado","Strawberry","Lantern","Runic Dome","Tiny Chest","The Courier","Bronze Scales","Cursed Key","Art of War","Regal Pillow"],"card_choices":[{"not_picked":["Sucker Punch","Crippling Poison"],"picked":"Flying Knee","floor":1.0},{"not_picked":["Eviscerate","Acrobatics"],"picked":"Footwork","floor":6.0},{"not_picked":["Slice","Skewer"],"picked":"Deflect","floor":8.0},{"not_picked":["Phantasmal Killer","Dagger Throw"],"picked":"Quick Slash","floor":10.0},{"not_picked":["Dodge and Roll","Malaise"],"picked":"Cloak And Dagger","floor":12.0},{"not_picked":["Unload","Wraith Form"],"picked":"Venomology","floor":16.0},{"not_picked":["Acrobatics","Outmaneuver"],"picked":"Deflect","floor":18.0},{"not_picked":["All Out Attack","Bane"],"picked":"Flying Knee","floor":20.0},{"not_picked":["Acrobatics","Deflect"],"picked":"Cloak And Dagger","floor":23},{"not_picked":["Outmaneuver","Malaise"],"picked":"A Thousand Cuts","floor":24},{"not_picked":["Flechettes","Bane"],"picked":"Backflip","floor":30},{"not_picked":["Poisoned Stab","Dash"],"picked":"Cloak And Dagger","floor":31},{"not_picked":["Tools of the Trade","Night Terror"],"picked":"After Image","floor":33},{"not_picked":["Prepared","Malaise"],"picked":"PiercingWail","floor":35},{"not_picked":["Flying Knee","Deadly Poison"],"picked":"Footwork","floor":45}],"player_experience":1577717,"potions_floor_usage":[23,23,23,24,24,30,33,33,35,39,45,46,48,50,50,50,50],"damage_taken":[{"damage":0.0,"enemies":"Small Slimes","floor":1.0,"turns":1.0},{"damage":0.0,"enemies":"Cultist","floor":3.0,"turns":1.0},{"damage":0.0,"enemies":"Lagavulin","floor":6.0,"turns":1.0},{"damage":2.0,"enemies":"3 Sentries","floor":8.0,"turns":13.0},{"damage":0.0,"enemies":"Jaw Worm","floor":10.0,"turns":8.0},{"damage":0.0,"enemies":"Red Slaver","floor":12.0,"turns":4.0},{"damage":0.0,"enemies":"Large Slime","floor":14.0,"turns":6.0},{"damage":46.0,"enemies":"Hexaghost","floor":16.0,"turns":18.0},{"damage":3.0,"enemies":"Spheric Guardian","floor":18.0,"turns":6.0},{"damage":0.0,"enemies":"3 Byrds","floor":19.0,"turns":6.0},{"damage":0.0,"enemies":"Centurion and Healer","floor":20.0,"turns":10.0},{"damage":1,"enemies":"Cultist and Chosen","floor":23,"turns":6},{"damage":33,"enemies":"Gremlin Leader","floor":24,"turns":12},{"damage":12,"enemies":"Slavers","floor":28,"turns":5},{"damage":0,"enemies":"Sentry and Sphere","floor":30,"turns":4},{"damage":0,"enemies":"Snecko","floor":31,"turns":5},{"damage":41,"enemies":"Champ","floor":33,"turns":12},{"damage":0,"enemies":"3 Darklings","floor":35,"turns":4},{"damage":0,"enemies":"Orb Walker","floor":36,"turns":5},{"damage":11,"enemies":"3 Darklings","floor":39,"turns":6},{"damage":0,"enemies":"Maw","floor":45,"turns":7},{"damage":8,"enemies":"4 Shapes","floor":46,"turns":3},{"damage":13,"enemies":"3 Darklings","floor":48,"turns":5},{"damage":28,"enemies":"Donu and Deca","floor":50,"turns":9}],"event_choices":[{"event_name":"Accursed Blacksmith","player_choice":"Forge","floor":2.0,"damage_taken":0.0},{"event_name":"World of Goop","player_choice":"Gather Gold","floor":4.0,"damage_taken":0.0},{"event_name":"Shining Light","player_choice":"Entered Light","floor":7.0,"damage_taken":0.0},{"event_name":"Drug Dealer","player_choice":"Ignored","floor":22.0,"damage_taken":0.0},{"event_name":"Tomb of Lord Red Mask","player_choice":"Ignored","floor":38,"damage_taken":0}],"boss_relics":[{"not_picked":["White Beast Statue","Tiny House"],"picked":"Cursed Key"}],"potions_floor_spawned":[3,8,10,12,18,28,31,33,36,45],"seed_played":"-483503232921706995","ascension_level":0,"is_trial":false}