{"path_per_floor":["M","M","M","?","T","R","M","E","T","?","M","R","E","M","R","B",null,"M","$","M","$","M","E","R","?","T","E","R","M","?","E","R","B",null,"M","T","M","$","M","R","?","R","T","M","R","M","?","M","R","B"],"character_chosen":"THE_SILENT","items_purchased":["Mummified Hand","Infinite Blades","Accuracy","Calipers","Caltrops"],"gold_per_floor":[111,121,132,132,132,132,150,182,482,482,496,496,526,545,545,641,641,660,267,286,153,166,200,200,200,200,260,260,276,276,305,305,406,406,419,419,434,84,94,94,0,0,0,19,19,34,34,52,52,52],"floor_reached":51,"campfire_rested":1,"playtime":2728,"current_hp_per_floor":[69,69,68,68,68,68,60,45,45,38,38,38,38,38,38,12,70,65,65,65,65,65,64,64,64,64,60,60,55,55,55,55,55,70,70,70,58,58,57,57,57,57,57,57,57,57,57,40,61,57],"items_purged":["Strike_G","Strike_G"],"gold":52,"score":843,"play_id":"10c1547d-4f31-4a6b-bf97-81004dcb41aa","local_time":"20180321215616","is_prod":false,"is_daily":false,"is_ascension_mode":false,"campfire_upgraded":9,"timestamp":1521665776,"path_taken":["M","?","M","?","?","R","M","E","T","?","?","R","E","M","R","BOSS","M","$","M","$","M","E","R","?","T","E","R","M","?","E","R","BOSS","M","?","M","$","M","R","?","R","T","?","R","M","?","M","R","BOSS"],"build_version":"2018-03-15v3","purchased_purges":2,"victory":true,"master_deck":["Defend_G","Defend_G","Defend_G","Defend_G","Defend_G","Strike_G","Strike_G","Survivor","Neutralize+1","Leg Sweep","Poisoned Stab","Flying Knee","Cloak And Dagger+1","Tactician+1","Slice","Leg Sweep","Endless Agony","After Image","Well Laid Plans+1","Infinite Blades","Endless Agony","Accuracy+1","Dagger Throw+1","Cloak And Dagger+1","Heel Hook","Footwork+1","Night Terror+1","Burst+1","Backflip","Regret","Quick Slash+1","Caltrops","Dash+1","Injury","Expertise+1","Cloak And Dagger+1","Cloak And Dagger+1"],"max_hp_per_floor":[70,70,70,70,70,70,70,70,70,70,70,70,70,70,70,70,70,70,70,70,70,70,70,70,70,70,70,70,70,70,70,70,70,70,70,70,70,70,70,70,70,70,70,70,70,70,70,70,70,70],"relics":["Ring of the Snake","Orichalcum","Du-Vu Doll","Kunai","Old Coin","Paper Crane","Philosopher\u0027s Stone","Mummified Hand","Letter Opener","Oddly Smooth Stone","Tiny Chest","Girya","Cursed Key","Torii","Calipers","Red Mask","Sundial"],"card_choices":[{"not_picked":["Bane","Quick Slash"],"picked":"Leg Sweep"},{"not_picked":["Doppelganger","Backflip"],"picked":"Poisoned Stab"},{"not_picked":["Accuracy","Prepared"],"picked":"Flying Knee"},{"not_picked":["Acrobatics","Outmaneuver"],"picked":"Slice"},{"not_picked":["Quick Slash","Dodge and Roll"],"picked":"Leg Sweep"},{"not_picked":["Reflex","Deflect"],"picked":"Endless Agony"},{"not_picked":["Glass Knife","Venomology"],"picked":"After Image"},{"not_picked":["Deadly Poison","Reflex"],"picked":"Well Laid Plans"},{"not_picked":["Dagger Throw","Outmaneuver"],"picked":"Endless Agony"},{"not_picked":["Predator","Calculated Gamble"],"picked":"Dagger Throw"},{"not_picked":["Noxious Fumes","Flechettes"],"picked":"Cloak And Dagger"},{"not_picked":["PiercingWail","Escape Plan"],"picked":"Heel Hook"},{"not_picked":["Bane","Eviscerate"],"picked":"Footwork"},{"not_picked":["Escape Plan","Bane"],"picked":"Night Terror"},{"not_picked":["Tactician","Wraith Form"],"picked":"Burst"},{"not_picked":["Dodge and Roll","Dagger Throw"],"picked":"Backflip"},{"not_picked":["Underhanded Strike","Sucker Punch"],"picked":"Quick Slash"},{"not_picked":["Quick Slash","Deflect"],"picked":"Dash"},{"not_picked":["Endless Agony","Prepared"],"picked":"Expertise"},{"not_picked":["Finisher","Predator"],"picked":"Cloak And Dagger"}],"player_experience":1568112,"potions_floor_usage":[50,50,50],"damage_taken":[{"damage":1.0,"enemies":"Cultist","floor":1.0,"turns":4.0},{"damage":0.0,"enemies":"2 Louse","floor":2.0,"turns":3.0},{"damage":1.0,"enemies":"Jaw Worm","floor":3.0,"turns":4.0},{"damage":8.0,"enemies":"Large Slime","floor":7.0,"turns":10.0},{"damage":15.0,"enemies":"Gremlin Nob","floor":8.0,"turns":6.0},{"damage":0.0,"enemies":"Blue Slaver","floor":11.0,"turns":4.0},{"damage":0.0,"enemies":"Lagavulin","floor":13.0,"turns":10.0},{"damage":0.0,"enemies":"Red Slaver","floor":14.0,"turns":4.0},{"damage":26.0,"enemies":"The Guardian","floor":16.0,"turns":21.0},{"damage":5.0,"enemies":"Spheric Guardian","floor":18.0,"turns":8.0},{"damage":0.0,"enemies":"3 Byrds","floor":20.0,"turns":7.0},{"damage":0.0,"enemies":"Snecko","floor":22.0,"turns":7.0},{"damage":1.0,"enemies":"Book of Stabbing","floor":23.0,"turns":7.0},{"damage":4.0,"enemies":"Slavers","floor":27.0,"turns":5.0},{"damage":5.0,"enemies":"3 Cultists","floor":29.0,"turns":7.0},{"damage":0,"enemies":"Gremlin Leader","floor":31,"turns":9},{"damage":0,"enemies":"Automaton","floor":33,"turns":14},{"damage":0,"enemies":"3 Shapes","floor":35,"turns":7},{"damage":12,"enemies":"3 Darklings","floor":37,"turns":7},{"damage":1,"enemies":"Sphere and 2 Shapes","floor":39,"turns":7},{"damage":0,"enemies":"4 Shapes","floor":44,"turns":7},{"damage":0,"enemies":"3 Darklings","floor":46,"turns":6},{"damage":17,"enemies":"Sphere and 2 Shapes","floor":48,"turns":4},{"damage":4,"enemies":"Donu and Deca","floor":50,"turns":8}],"event_choices":[{"event_name":"Match and Keep!","player_choice":"2 cards matched","floor":4.0,"damage_taken":0.0},{"event_name":"Golden Wing","player_choice":"Card Removal","floor":10.0,"damage_taken":0.0},{"event_name":"Drug Dealer","player_choice":"Ignored","floor":25.0,"damage_taken":0.0},{"event_name":"Cursed Tome","player_choice":"Ignored","floor":30.0,"damage_taken":0.0},{"event_name":"Tomb of Lord Red Mask","player_choice":"Paid","floor":41,"damage_taken":0},{"event_name":"Duplicator","player_choice":"One dupe","floor":47,"damage_taken":0}],"boss_relics":[{"not_picked":["Question Card","Tiny House"],"picked":"Cursed Key"}],"potions_floor_spawned":[8,13,14,16,27,29,33,46,48],"seed_played":"3901499270846889258","ascension_level":0,"is_trial":false}