{"path_per_floor":["M","?","M","M","?","E","R","?","T","M","$","M","M","E","R","B",null,"M","M","?","?","M","R","E","M","T","M","R","$","R","M","R","B",null,"M","M","?","$","?","R","M","R","T","R","M","?","R","M","R","B"],"character_chosen":"THE_SILENT","items_purchased":["Well Laid Plans","Backflip","Thread and Needle","Footwork"],"gold_per_floor":[116,116,140,159,159,194,194,194,217,235,74,88,101,134,134,259,259,278,297,297,297,316,316,350,368,368,381,381,73,73,98,98,219,219,244,265,265,128,0,0,23,23,47,47,61,61,61,85,85,85],"floor_reached":51,"campfire_rested":0,"playtime":2091,"current_hp_per_floor":[69,52,52,52,52,36,36,36,36,36,36,36,35,34,34,34,70,70,62,62,62,62,62,60,40,40,34,34,34,34,32,32,47,70,70,70,70,70,70,70,70,70,70,70,70,70,70,70,70,41],"items_purged":["Strike_G","Decay"],"gold":85,"score":779,"play_id":"42389f44-6d65-44a8-894d-c9f30261ca94","local_time":"20180401170643","is_prod":false,"is_daily":false,"is_ascension_mode":false,"campfire_upgraded":11,"timestamp":1522595203,"path_taken":["M","?","M","M","?","E","R","?","T","?","$","?","M","E","R","BOSS","M","?","?","?","M","R","E","M","T","M","R","$","R","M","R","BOSS","M","?","?","$","?","R","M","R","T","R","M","?","R","?","R","BOSS"],"build_version":"2018-03-29v2","purchased_purges":2,"victory":true,"master_deck":["Defend_G+1","Defend_G+1","Defend_G+1","Defend_G+1","Defend_G+1","Strike_G+1","Strike_G+1","Strike_G+1","Survivor","Neutralize+1","Dagger Spray","Malaise+1","Infinite Blades","Blade Dance+1","Well Laid Plans+1","Backflip+1","Noxious Fumes+1","Footwork+1","Adrenaline+1","Infinite Blades+1","Noxious Fumes+1","Cloak And Dagger+1","Burst+1","Dodge and Roll+1","PiercingWail+1","Footwork+1","Finisher+1","Malaise+1"],"max_hp_per_floor":[70,70,70,70,70,70,70,70,70,70,70,70,70,70,70,70,70,70,70,70,70,70,70,70,70,70,70,70,70,70,70,70,70,70,70,70,70,70,70,70,70,70,70,70,70,70,70,70,70,70],"relics":["Ring of the Snake","Golden Idol","Vajra","Lantern","Whetstone","Sozu","Happy Flower","Bottled Lightning","Thread and Needle","Runic Dome","Red Mask","Blood Vial"],"card_choices":[{"not_picked":["Flechettes","Heel Hook"],"picked":"Dagger Spray","floor":0.0},{"not_picked":["Finisher","Outmaneuver"],"picked":"Malaise","floor":1.0},{"not_picked":["Deflect","Burst"],"picked":"Infinite Blades","floor":6.0},{"not_picked":["Quick Slash","Riddle With Holes"],"picked":"Blade Dance","floor":10.0},{"not_picked":["Backstab","Eviscerate"],"picked":"Noxious Fumes","floor":12.0},{"not_picked":["Eviscerate","Escape Plan"],"picked":"Footwork","floor":14.0},{"not_picked":["Phantasmal Killer","Storm of Steel"],"picked":"Adrenaline","floor":16.0},{"not_picked":["Dodge and Roll","Bane"],"picked":"Infinite Blades","floor":18.0},{"not_picked":["Underhanded Strike","Bouncing Flask"],"picked":"Noxious Fumes","floor":22.0},{"not_picked":["Backflip","Deflect"],"picked":"Cloak And Dagger","floor":25.0},{"not_picked":["Endless Agony","Sucker Punch"],"picked":"Burst","floor":31.0},{"not_picked":["Prepared","Crippling Poison"],"picked":"Dodge and Roll","floor":35.0},{"not_picked":["Heel Hook","Dagger Spray"],"picked":"PiercingWail","floor":36.0},{"not_picked":["Prepared","Dagger Spray"],"picked":"Finisher","floor":41.0},{"not_picked":["Flying Knee","Noxious Fumes"],"picked":"Malaise","floor":45}],"player_experience":1640689,"potions_floor_usage":[],"damage_taken":[{"damage":1.0,"enemies":"Jaw Worm","floor":1.0,"turns":5.0},{"damage":0.0,"enemies":"2 Louse","floor":3.0,"turns":3.0},{"damage":0.0,"enemies":"Cultist","floor":4.0,"turns":4.0},{"damage":16.0,"enemies":"Gremlin Nob","floor":6.0,"turns":4.0},{"damage":0.0,"enemies":"Exordium Wildlife","floor":10.0,"turns":5.0},{"damage":0.0,"enemies":"Looter","floor":12.0,"turns":3.0},{"damage":1.0,"enemies":"Blue Slaver","floor":13.0,"turns":3.0},{"damage":1.0,"enemies":"3 Sentries","floor":14.0,"turns":5.0},{"damage":0.0,"enemies":"Hexaghost","floor":16.0,"turns":11.0},{"damage":0.0,"enemies":"3 Byrds","floor":18.0,"turns":4.0},{"damage":8.0,"enemies":"Spheric Guardian","floor":19.0,"turns":4.0},{"damage":0.0,"enemies":"Chosen and Byrds","floor":22.0,"turns":5.0},{"damage":2.0,"enemies":"Gremlin Leader","floor":24.0,"turns":6.0},{"damage":20.0,"enemies":"Centurion and Healer","floor":25.0,"turns":5.0},{"damage":6.0,"enemies":"Snecko","floor":27.0,"turns":6.0},{"damage":2.0,"enemies":"Slaver and Parasite","floor":31.0,"turns":5.0},{"damage":0.0,"enemies":"Automaton","floor":33.0,"turns":10.0},{"damage":0.0,"enemies":"3 Shapes","floor":35.0,"turns":3.0},{"damage":0.0,"enemies":"3 Darklings","floor":36.0,"turns":5.0},{"damage":0.0,"enemies":"Maw","floor":41.0,"turns":10.0},{"damage":0,"enemies":"Sphere and 2 Shapes","floor":45,"turns":5},{"damage":0,"enemies":"4 Shapes","floor":48,"turns":5},{"damage":29,"enemies":"Donu and Deca","floor":50,"turns":10}],"event_choices":[{"event_name":"Golden Idol","player_choice":"Take Damage","floor":2.0,"damage_taken":0.0},{"event_name":"Living Wall","player_choice":"Grow","floor":5.0,"damage_taken":0.0},{"event_name":"The Lab","player_choice":"Got Potions","floor":8.0,"damage_taken":0.0},{"event_name":"Back to Basics","player_choice":"Simplicity","floor":20.0,"damage_taken":0.0},{"event_name":"Cursed Tome","player_choice":"Ignored","floor":21.0,"damage_taken":0.0},{"event_name":"Wheel of Change","player_choice":"Curse","floor":37.0,"damage_taken":0.0},{"event_name":"Tomb of Lord Red Mask","player_choice":"Paid","floor":39.0,"damage_taken":0.0},{"event_name":"Purifier","player_choice":"One Purge","floor":46,"damage_taken":0}],"boss_relics":[],"potions_floor_spawned":[1,4,6,18,22,24,33,41,48],"seed_played":"6118109462102039002","ascension_level":0,"is_trial":false}