{"path_per_floor":["M","?","M","$","?","R","M","R","T","R","E","M","M","E","R","B",null,"M","M","?","M","M","R","E","?","T","E","$","M","R","M","R","B",null,"M","?","$","?","M","R","?","R","T","?","R","?","$","M","R","B"],"character_chosen":"THE_SILENT","items_purchased":["Lee\u0027s Waffle"],"gold_per_floor":[114,114,124,49,49,49,69,69,143,143,174,184,203,230,230,326,326,343,357,357,370,385,385,413,328,381,414,314,334,334,345,345,443,443,457,457,139,139,155,155,155,155,155,155,155,155,5,24,24,24],"floor_reached":51,"campfire_rested":0,"playtime":2271,"current_hp_per_floor":[70,70,70,70,63,63,63,63,63,63,59,59,59,59,59,37,70,65,65,57,57,56,56,51,51,51,50,50,50,50,50,50,24,70,68,58,77,77,77,77,77,77,77,77,77,77,77,77,77,77],"items_purged":["Strike_G","Strike_G","Strike_G","Strike_G"],"gold":24,"score":768,"play_id":"42ee7697-21ba-4920-b975-7533cbd412cf","local_time":"20180404210257","is_prod":false,"is_daily":false,"is_ascension_mode":false,"campfire_upgraded":11,"timestamp":1522868577,"path_taken":["M","?","?","$","?","R","M","R","T","R","E","M","M","E","R","BOSS","M","M","?","?","?","R","E","?","T","E","$","M","R","M","R","BOSS","M","?","$","?","M","R","?","R","T","?","R","?","$","M","R","BOSS"],"build_version":"2018-03-29v2","purchased_purges":4,"victory":true,"master_deck":["Defend_G","Defend_G","Defend_G","Survivor","Neutralize+1","Quick Slash+1","Dash+1","Slice+1","Backflip+1","Flying Knee+1","Blur+1","Dash+1","Bullet Time+1","Acrobatics+1","Predator+1","Terror+1","Purity","Secret Weapon","Bandage Up","Backstab+1"],"max_hp_per_floor":[70,70,70,70,70,70,70,70,70,70,70,70,70,70,70,70,70,70,70,70,70,70,70,70,70,70,70,70,70,70,70,70,70,70,70,70,77,77,77,77,77,77,77,77,77,77,77,77,77,77],"relics":["Ring of the Snake","Blue Candle","Mummified Hand","Du-Vu Doll","Sozu","Ornamental Fan","Dodecahedron","Tiny Chest","Juzu Bracelet","Black Star","Lee\u0027s Waffle","Matryoshka","Omamori","Whetstone"],"card_choices":[{"not_picked":["Dagger Throw","Catalyst"],"picked":"Quick Slash","floor":1.0},{"not_picked":["Skewer","Backflip"],"picked":"Dash","floor":3.0},{"not_picked":["Dagger Throw","Outmaneuver"],"picked":"Slice","floor":7.0},{"not_picked":["Quick Slash","Dodge and Roll"],"picked":"Backflip","floor":11.0},{"not_picked":["Bouncing Flask","Dagger Throw"],"picked":"Flying Knee","floor":12.0},{"not_picked":["Setup","Tactician"],"picked":"Blur","floor":13.0},{"not_picked":["Prepared","Choke"],"picked":"Dash","floor":14.0},{"not_picked":["Wraith Form","Storm of Steel"],"picked":"Bullet Time","floor":16.0},{"not_picked":["Cloak And Dagger","Poisoned Stab"],"picked":"Acrobatics","floor":18.0},{"not_picked":["Acrobatics","Flying Knee"],"picked":"Predator","floor":21.0},{"not_picked":["PiercingWail","Blade Dance"],"picked":"Terror","floor":24.0},{"not_picked":["Master of Strategy","Madness"],"picked":"Purity","floor":36.0},{"not_picked":["Jack Of All Trades","Transmutation"],"picked":"Secret Weapon","floor":36.0},{"not_picked":["Swift Strike","Panacea"],"picked":"Bandage Up","floor":36.0},{"not_picked":["Dagger Spray","Well Laid Plans"],"picked":"Backstab","floor":48}],"player_experience":1661932,"potions_floor_usage":[50],"damage_taken":[{"damage":0.0,"enemies":"Small Slimes","floor":1.0,"turns":6.0},{"damage":0.0,"enemies":"2 Louse","floor":3.0,"turns":2.0},{"damage":0.0,"enemies":"Cultist","floor":7.0,"turns":3.0},{"damage":4.0,"enemies":"Lagavulin","floor":11.0,"turns":6.0},{"damage":0.0,"enemies":"Blue Slaver","floor":12.0,"turns":3.0},{"damage":0.0,"enemies":"3 Louse","floor":13.0,"turns":3.0},{"damage":0.0,"enemies":"3 Sentries","floor":14.0,"turns":7.0},{"damage":22.0,"enemies":"Hexaghost","floor":16.0,"turns":15.0},{"damage":5.0,"enemies":"Chosen","floor":18.0,"turns":4.0},{"damage":0.0,"enemies":"3 Byrds","floor":19.0,"turns":5.0},{"damage":0.0,"enemies":"Cultist and Chosen","floor":21.0,"turns":8.0},{"damage":1.0,"enemies":"Centurion and Healer","floor":22.0,"turns":8.0},{"damage":5.0,"enemies":"Gremlin Leader","floor":24.0,"turns":14.0},{"damage":1.0,"enemies":"Slavers","floor":27.0,"turns":9.0},{"damage":0.0,"enemies":"Snecko","floor":29.0,"turns":3.0},{"damage":0.0,"enemies":"3 Cultists","floor":31.0,"turns":5.0},{"damage":26.0,"enemies":"Automaton","floor":33.0,"turns":13.0},{"damage":2.0,"enemies":"3 Shapes","floor":35.0,"turns":5.0},{"damage":0,"enemies":"3 Darklings","floor":39,"turns":7},{"damage":0,"enemies":"Maw","floor":48,"turns":5},{"damage":0,"enemies":"Awakened One","floor":50,"turns":13}],"event_choices":[{"event_name":"Living Wall","player_choice":"Forget","floor":2.0,"damage_taken":0.0},{"event_name":"Golden Wing","player_choice":"Card Removal","floor":5.0,"damage_taken":0.0},{"event_name":"Knowing Skull","player_choice":"","floor":20.0,"damage_taken":0.0},{"event_name":"Addict","player_choice":"Obtained Relic","floor":25.0,"damage_taken":0.0},{"event_name":"SensoryStone","player_choice":"Memory 3","floor":36.0,"damage_taken":0.0},{"event_name":"Tomb of Lord Red Mask","player_choice":"Ignored","floor":38.0,"damage_taken":0.0},{"event_name":"Wheel of Change","player_choice":"Relic","floor":41,"damage_taken":0},{"event_name":"Winding Halls","player_choice":"Writhe","floor":44,"damage_taken":0},{"event_name":"SecretPortal","player_choice":"Rejected Portal.","floor":46,"damage_taken":0}],"boss_relics":[],"potions_floor_spawned":[3,13,14,16,18,19,27,29,39,48],"seed_played":"4370767656012546494","ascension_level":0,"is_trial":false}