{"path_per_floor":["M","M","M","?","?","R","$","R","T","R","?","M","R","M","R","B",null,"M","$","?","M","$","E","T","E","T","E","M","R","M","M","R","B",null,"M","M","?","$","?","R","M","R","T","$","T","M","?","M","R","B"],"character_chosen":"THE_SILENT","items_purchased":["Cloak And Dagger","Footwork","Bag of Preparation","Acrobatics","Oddly Smooth Stone"],"gold_per_floor":[111,124,140,315,315,315,188,188,188,188,188,201,201,212,212,309,309,327,155,155,172,16,74,74,102,129,163,177,177,187,202,202,300,300,318,336,336,186,186,186,201,201,250,94,94,106,206,224,224,224],"floor_reached":51,"campfire_rested":1,"playtime":2082,"current_hp_per_floor":[70,66,66,66,59,59,59,59,59,59,59,59,59,59,59,43,70,63,63,63,63,63,55,55,53,53,51,51,51,51,51,51,51,70,70,70,70,70,60,60,60,60,60,60,60,60,60,60,70,64],"items_purged":["Strike_G","Strike_G","Poisoned Stab"],"gold":224,"score":745,"play_id":"5d49c4aa-6fde-4459-a26b-c59ca3a8e0ea","local_time":"20180403184957","is_prod":false,"is_daily":false,"is_ascension_mode":false,"campfire_upgraded":9,"timestamp":1522774197,"path_taken":["M","M","M","?","?","R","$","R","T","R","?","M","R","M","R","BOSS","M","$","?","?","$","E","?","E","T","E","M","R","?","M","R","BOSS","M","M","?","$","?","R","M","R","T","$","?","M","?","?","R","BOSS"],"build_version":"2018-03-29v2","purchased_purges":3,"victory":true,"master_deck":["Defend_G","Defend_G","Defend_G","Defend_G","Defend_G","Strike_G+1","Strike_G+1","Survivor","Neutralize+1","Terror+1","Backflip+1","Deflect","Cloak And Dagger+1","Quick Slash+1","Cloak And Dagger+1","After Image","Endless Agony+1","Footwork","Backflip","Well Laid Plans+1","Backflip+1","Dash","Accuracy","Concentrate+1","After Image","Acrobatics+1","Panache","Panache","Apotheosis+1","Backstab+1","Predator+1","Acrobatics+1"],"max_hp_per_floor":[70,70,70,70,70,70,70,70,70,70,70,70,70,70,70,70,70,70,70,70,70,70,70,70,70,70,70,70,70,70,70,70,70,70,70,70,70,70,70,70,70,70,70,70,70,70,70,70,70,70],"relics":["Ring of the Snake","Dream Catcher","Philosopher\u0027s Stone","Bag of Preparation","Tiny Chest","Whetstone","Gremlin Horn","Art of War","Vajra","Sozu","Lantern","Oddly Smooth Stone","Omamori"],"card_choices":[{"not_picked":["Finisher","Blade Dance"],"picked":"Terror","floor":1},{"not_picked":["Dagger Spray","Catalyst"],"picked":"Backflip","floor":2},{"not_picked":["Escape Plan","Acrobatics"],"picked":"Deflect","floor":3},{"not_picked":["Deflect","Dagger Throw"],"picked":"Quick Slash","floor":12},{"not_picked":["PiercingWail","Leg Sweep"],"picked":"Cloak And Dagger","floor":14},{"not_picked":["Grand Finale","Storm of Steel"],"picked":"After Image","floor":16},{"not_picked":["Acrobatics","PiercingWail"],"picked":"Endless Agony","floor":18},{"not_picked":["Bane","Dodge and Roll"],"picked":"Backflip","floor":21},{"not_picked":["Blur","Tools of the Trade"],"picked":"Well Laid Plans","floor":23},{"not_picked":["Acrobatics","Grand Finale"],"picked":"Backflip","floor":25},{"not_picked":["Dodge and Roll","Bane"],"picked":"Dash","floor":28},{"not_picked":["Bane","Expertise"],"picked":"Accuracy","floor":30},{"not_picked":["Leg Sweep","Slice"],"picked":"Concentrate","floor":31},{"not_picked":["Night Terror","Adrenaline"],"picked":"After Image","floor":33},{"not_picked":["Enlightenment","Mind Blast"],"picked":"Panache","floor":39},{"not_picked":["Madness","Thinking Ahead"],"picked":"Panache","floor":39},{"not_picked":["Good Instincts","Madness"],"picked":"Apotheosis","floor":39},{"not_picked":["Dagger Throw","Underhanded Strike"],"picked":"Backstab","floor":41},{"not_picked":["Deadly Poison","Terror"],"picked":"Predator","floor":46},{"not_picked":["PiercingWail","Deflect"],"picked":"Acrobatics","floor":49}],"player_experience":1654383,"potions_floor_usage":[18,18,23,23,27,50,50],"damage_taken":[{"damage":0,"enemies":"Small Slimes","floor":1,"turns":3},{"damage":4,"enemies":"Cultist","floor":2,"turns":3},{"damage":0,"enemies":"2 Louse","floor":3,"turns":3},{"damage":0,"enemies":"Looter","floor":12,"turns":4},{"damage":0,"enemies":"Lots of Slimes","floor":14,"turns":4},{"damage":16,"enemies":"Slime Boss","floor":16,"turns":13},{"damage":7,"enemies":"2 Thieves","floor":18,"turns":4},{"damage":0,"enemies":"3 Byrds","floor":21,"turns":6},{"damage":8,"enemies":"Slavers","floor":23,"turns":7},{"damage":2,"enemies":"Book of Stabbing","floor":25,"turns":6},{"damage":17,"enemies":"Gremlin Leader","floor":27,"turns":6},{"damage":0,"enemies":"Cultist and Chosen","floor":28,"turns":6},{"damage":0,"enemies":"Centurion and Healer","floor":30,"turns":6},{"damage":0,"enemies":"Sentry and Sphere","floor":31,"turns":4},{"damage":0,"enemies":"Champ","floor":33,"turns":12},{"damage":0,"enemies":"3 Shapes","floor":35,"turns":3},{"damage":0,"enemies":"Orb Walker","floor":36,"turns":3},{"damage":0,"enemies":"4 Shapes","floor":41,"turns":1},{"damage":0,"enemies":"Sphere and 2 Shapes","floor":46,"turns":1},{"damage":0,"enemies":"Maw","floor":48,"turns":5},{"damage":6,"enemies":"Awakened One","floor":50,"turns":10}],"event_choices":[{"event_name":"Liars Game","player_choice":"agreed","floor":4,"damage_taken":0},{"event_name":"Golden Wing","player_choice":"Card Removal","floor":5,"damage_taken":0},{"event_name":"Upgrade Shrine","player_choice":"Upgraded","floor":11,"damage_taken":0},{"event_name":"Cursed Tome","player_choice":"Ignored","floor":20,"damage_taken":0},{"event_name":"Mysterious Sphere","player_choice":"Ignore","floor":37,"damage_taken":0},{"event_name":"SensoryStone","player_choice":"Memory 3","floor":39,"damage_taken":0},{"event_name":"Golden Shrine","player_choice":"Pray","floor":47,"damage_taken":0}],"boss_relics":[{"not_picked":["Runic Pyramid","Snecko Eye"],"picked":"Philosopher\u0027s Stone"},{"not_picked":["Cursed Key","Orrery"],"picked":"Sozu"}],"potions_floor_spawned":[1,2,3,18,21,25,30,35,48],"seed_played":"-4460620677777209496","ascension_level":0,"is_trial":false}