{"path_per_floor":["M","?","M","?","M","R","E","R","T","M","$","?","$","E","R","B",null,"M","$","?","M","?","?","R","M","T","R","?","E","M","E","R","B",null,"M","M","?","$","M","R","M","R","T","M","M","?","$","?","R","B"],"character_chosen":"THE_SILENT","items_purchased":["Bronze Scales","Oddly Smooth Stone","Paper Crane","Backflip","Sundial","Bag of Preparation"],"gold_per_floor":[114,114,128,128,146,146,182,182,205,230,6,6,6,45,45,174,174,193,42,42,28,28,28,28,52,352,352,352,386,400,444,444,573,573,587,603,936,544,555,555,573,573,600,618,638,638,49,49,49,49],"floor_reached":51,"campfire_rested":0,"playtime":1873,"current_hp_per_floor":[70,53,53,53,53,53,50,50,50,50,50,36,36,37,37,26,72,72,72,72,72,72,72,72,72,72,72,72,54,54,55,55,18,74,74,73,73,73,75,75,77,77,84,86,88,90,90,93,93,93],"items_purged":["Strike_G","Pain","Decay"],"gold":49,"score":818,"play_id":"1e3a3f0e-fa1d-4688-80f0-4eee3da46bb3","local_time":"20180401082351","is_prod":false,"is_daily":false,"is_ascension_mode":false,"campfire_upgraded":9,"timestamp":1522563831,"path_taken":["M","?","M","?","M","R","E","R","T","M","$","?","?","E","R","BOSS","M","$","?","M","?","?","R","M","T","R","?","E","M","E","R","BOSS","M","?","?","$","M","R","M","R","T","M","M","?","$","?","R","BOSS"],"build_version":"2018-03-29v2","purchased_purges":5,"victory":true,"master_deck":["Defend_G+1","Defend_G+1","Defend_G+1","Defend_G+1","Defend_G+1","Strike_G+1","Strike_G+1","Strike_G+1","Survivor","Neutralize+1","Dash+1","Dash+1","Setup+1","Bullet Time+1","Choke+1","Adrenaline","Backflip+1","Calculated Gamble+1","Footwork+1","Dagger Throw+1","Malaise+1","Footwork+1","Wraith Form+1","Predator+1","Backflip+1","Writhe"],"max_hp_per_floor":[70,70,70,70,70,70,70,70,70,70,70,70,70,72,72,72,72,72,72,72,72,72,72,72,72,72,72,72,72,72,74,74,74,74,76,76,76,76,78,78,80,80,87,89,91,93,93,93,93,93],"relics":["Ring of the Snake","Orichalcum","Singing Bowl","Bronze Scales","Tough Bandages","Cursed Key","Oddly Smooth Stone","Old Coin","Matryoshka","Lantern","Snecko Eye","Paper Crane","Strawberry","Happy Flower","Sundial","Bag of Preparation"],"card_choices":[{"not_picked":["Leg Sweep","Well Laid Plans"],"picked":"Dash","floor":1},{"not_picked":["Endless Agony","Choke"],"picked":"Dash","floor":3},{"not_picked":["Outmaneuver","Bane"],"picked":"Setup","floor":5},{"not_picked":["Dagger Throw","Sucker Punch"],"picked":"Bullet Time","floor":7},{"not_picked":["Deflect","All Out Attack"],"picked":"Choke","floor":10},{"not_picked":["Tools of the Trade","Corpse Explosion"],"picked":"Adrenaline","floor":16},{"not_picked":["Flying Knee","Sucker Punch"],"picked":"Backflip","floor":18},{"not_picked":["Bouncing Flask","Backstab"],"picked":"Calculated Gamble","floor":21},{"not_picked":["Underhanded Strike","Quick Slash"],"picked":"Dagger Throw","floor":25},{"not_picked":["Dodge and Roll","Tactician"],"picked":"Malaise","floor":29},{"not_picked":["Deflect","Backflip"],"picked":"Footwork","floor":30},{"not_picked":["Die Die Die","Grand Finale"],"picked":"Wraith Form","floor":33},{"not_picked":["Flying Knee","Dodge and Roll"],"picked":"Predator","floor":36}],"player_experience":1638816,"potions_floor_usage":[18,31,35,50,50],"damage_taken":[{"damage":0,"enemies":"2 Louse","floor":1,"turns":4},{"damage":0,"enemies":"Jaw Worm","floor":3,"turns":4},{"damage":0,"enemies":"Small Slimes","floor":5,"turns":3},{"damage":3,"enemies":"3 Sentries","floor":7,"turns":10},{"damage":0,"enemies":"Red Slaver","floor":10,"turns":2},{"damage":1,"enemies":"Lagavulin","floor":14,"turns":8},{"damage":11,"enemies":"The Guardian","floor":16,"turns":13},{"damage":0,"enemies":"Spheric Guardian","floor":18,"turns":3},{"damage":0,"enemies":"2 Thieves","floor":21,"turns":4},{"damage":0,"enemies":"Chosen and Byrds","floor":25,"turns":4},{"damage":18,"enemies":"Gremlin Leader","floor":29,"turns":12},{"damage":0,"enemies":"Snake Plant","floor":30,"turns":3},{"damage":1,"enemies":"Slavers","floor":31,"turns":5},{"damage":37,"enemies":"Automaton","floor":33,"turns":18},{"damage":2,"enemies":"3 Shapes","floor":35,"turns":5},{"damage":1,"enemies":"Orb Walker","floor":36,"turns":2},{"damage":0,"enemies":"3 Darklings","floor":39,"turns":4},{"damage":0,"enemies":"Sphere and 2 Shapes","floor":41,"turns":4},{"damage":0,"enemies":"4 Shapes","floor":44,"turns":3},{"damage":0,"enemies":"3 Darklings","floor":45,"turns":5},{"damage":0,"enemies":"Awakened One","floor":50,"turns":11}],"event_choices":[{"event_name":"Golden Idol","player_choice":"Take Damage","floor":2,"damage_taken":0},{"event_name":"Upgrade Shrine","player_choice":"Upgraded","floor":4,"damage_taken":0},{"event_name":"Shining Light","player_choice":"Entered Light","floor":12,"damage_taken":0},{"event_name":"Addict","player_choice":"Ignored","floor":20,"damage_taken":0},{"event_name":"The Library","player_choice":"Read","floor":22,"damage_taken":0},{"event_name":"Bonfire Elementals","player_choice":"BASIC","floor":23,"damage_taken":0},{"event_name":"Back to Basics","player_choice":"Simplicity","floor":28,"damage_taken":0},{"event_name":"The Moai Head","player_choice":"Gave Idol","floor":37,"damage_taken":0},{"event_name":"SensoryStone","player_choice":"Memory 1","floor":46,"damage_taken":0},{"event_name":"Winding Halls","player_choice":"Writhe","floor":48,"damage_taken":0}],"boss_relics":[{"not_picked":["Eternal Feather","Runic Dome"],"picked":"Cursed Key"},{"not_picked":["Philosopher\u0027s Stone","Black Star"],"picked":"Snecko Eye"}],"potions_floor_spawned":[3,7,14,16,21,25,29,33,36,39,41],"seed_played":"110483310977519027","ascension_level":0,"is_trial":false}