{"path_per_floor":["M","?","?","$","?","R","M","M","T","E","M","E","R","M","R","B",null,"M","?","$","?","?","R","E","M","T","R","$","R","$","M","R","B",null,"M","?","$","M","?","R","M","$","T","R","M","R","M","?","R","B"],"character_chosen":"THE_SILENT","items_purchased":["Noxious Fumes","Toxic Egg 2","Footwork","Gambling Chip","Caltrops"],"gold_per_floor":[111,186,436,56,156,156,176,191,191,220,238,269,269,279,279,375,375,392,392,23,23,23,23,85,99,99,99,49,49,49,68,68,170,170,183,183,60,78,78,78,93,43,96,96,106,106,119,119,119,119],"floor_reached":51,"campfire_rested":1,"playtime":1818,"current_hp_per_floor":[70,59,59,59,59,59,57,57,57,46,43,29,29,26,26,18,70,62,49,49,41,41,41,43,43,43,43,43,43,43,43,43,34,75,75,75,75,74,74,74,74,74,74,74,74,74,61,61,75,75],"items_purged":["Regret","Strike_G","Strike_G","Defend_G"],"gold":119,"score":796,"play_id":"0d4fa715-f806-47bf-8bb0-c92080e9e963","local_time":"20180331092809","is_prod":false,"is_daily":false,"is_ascension_mode":false,"campfire_upgraded":5,"timestamp":1522481289,"path_taken":["M","?","?","$","?","R","M","M","T","E","M","E","R","M","R","BOSS","M","?","$","?","?","R","E","M","T","R","$","R","?","M","R","BOSS","M","?","$","M","?","R","M","$","T","R","M","R","M","?","R","BOSS"],"build_version":"2018-03-29v2","purchased_purges":5,"victory":true,"master_deck":["Defend_G","Defend_G","Defend_G","Survivor","Neutralize+1","Bouncing Flask+1","Noxious Fumes+1","Caltrops+1","PiercingWail+1","Deadly Poison+1","Escape Plan+1","Footwork+1","PiercingWail+1","Backflip+1","Footwork+1","Caltrops+1","Backflip+1","Dodge and Roll+1","Footwork+1"],"max_hp_per_floor":[70,70,70,70,70,70,70,70,70,70,70,70,70,70,70,70,70,70,75,75,75,75,75,75,75,75,75,75,75,75,75,75,75,75,75,75,75,75,75,75,75,75,75,75,75,75,75,75,75,75],"relics":["Ring of the Snake","Juzu Bracelet","Toxic Egg 2","Art of War","Oddly Smooth Stone","Peace Pipe","Sozu","Gambling Chip","Tiny Chest","Smiling Mask","Cursed Key","Bag of Marbles"],"card_choices":[{"not_picked":["Poisoned Stab","PiercingWail"],"picked":"Bouncing Flask","floor":1},{"not_picked":["Prepared","Masterful Stab"],"picked":"Caltrops","floor":7},{"not_picked":["Outmaneuver","Flying Knee"],"picked":"PiercingWail","floor":8},{"not_picked":["Quick Slash","Sucker Punch"],"picked":"Deadly Poison","floor":11},{"not_picked":["Unload","Bouncing Flask"],"picked":"Escape Plan","floor":14},{"not_picked":["Predator","Crippling Poison"],"picked":"PiercingWail","floor":25},{"not_picked":["All Out Attack","Deflect"],"picked":"Backflip","floor":31},{"not_picked":["Backflip","Sucker Punch"],"picked":"Footwork","floor":35},{"not_picked":["Quick Slash","All Out Attack"],"picked":"Backflip","floor":41},{"not_picked":["Dagger Spray","Bouncing Flask"],"picked":"Dodge and Roll","floor":45},{"not_picked":["Malaise","Deflect"],"picked":"Footwork","floor":47}],"player_experience":1632651,"potions_floor_usage":[12,18,24,24],"damage_taken":[{"damage":0,"enemies":"Small Slimes","floor":1,"turns":3},{"damage":2,"enemies":"2 Louse","floor":7,"turns":4},{"damage":0,"enemies":"Cultist","floor":8,"turns":4},{"damage":11,"enemies":"Lagavulin","floor":10,"turns":7},{"damage":3,"enemies":"Lots of Slimes","floor":11,"turns":4},{"damage":14,"enemies":"Gremlin Nob","floor":12,"turns":5},{"damage":3,"enemies":"Gremlin Gang","floor":14,"turns":5},{"damage":8,"enemies":"The Guardian","floor":16,"turns":8},{"damage":8,"enemies":"3 Byrds","floor":18,"turns":2},{"damage":13,"enemies":"Slavers","floor":24,"turns":6},{"damage":0,"enemies":"2 Thieves","floor":25,"turns":4},{"damage":0,"enemies":"Snecko","floor":31,"turns":5},{"damage":9,"enemies":"Automaton","floor":33,"turns":12},{"damage":0,"enemies":"3 Darklings","floor":35,"turns":5},{"damage":1,"enemies":"Orb Walker","floor":38,"turns":4},{"damage":0,"enemies":"Maw","floor":41,"turns":7},{"damage":0,"enemies":"Sphere and 2 Shapes","floor":45,"turns":6},{"damage":13,"enemies":"4 Shapes","floor":47,"turns":5},{"damage":0,"enemies":"Time Eater","floor":50,"turns":12}],"event_choices":[{"event_name":"World of Goop","player_choice":"Gather Gold","floor":2,"damage_taken":0},{"event_name":"Golden Shrine","player_choice":"Desecrate","floor":3,"damage_taken":0},{"event_name":"Wheel of Change","player_choice":"Gold","floor":5,"damage_taken":0},{"event_name":"Forgotten Altar","player_choice":"Shed Blood","floor":19,"damage_taken":0},{"event_name":"Knowing Skull","player_choice":"","floor":21,"damage_taken":0},{"event_name":"Ghosts","player_choice":"Ignored","floor":22,"damage_taken":0},{"event_name":"Accursed Blacksmith","player_choice":"Forge","floor":36,"damage_taken":0},{"event_name":"Tomb of Lord Red Mask","player_choice":"Ignored","floor":39,"damage_taken":0},{"event_name":"SensoryStone","player_choice":"Memory 1","floor":48,"damage_taken":0}],"boss_relics":[{"not_picked":["Eternal Feather","Black Star"],"picked":"Sozu"},{"not_picked":["White Beast Statue","Astrolabe"],"picked":"Cursed Key"}],"potions_floor_spawned":[1,7,11,14,16,24,33,38,41,47],"seed_played":"5597976874996207750","ascension_level":0,"is_trial":false}