{"path_per_floor":["M","?","M","$","?","R","E","R","T","R","?","M","R","M","R","B",null,"M","M","?","?","M","R","M","?","T","R","E","$","T","M","R","B",null,"M","?","?","$","?","R","E","R","T","M","$","M","M","?","R","B"],"character_chosen":"THE_SILENT","items_purchased":["Kunai","Infinite Blades","Flash of Steel","Acrobatics"],"gold_per_floor":[113,113,131,56,56,56,81,81,81,81,107,120,120,134,134,236,236,252,263,263,188,203,203,222,272,320,320,354,15,42,52,52,153,153,164,164,164,36,36,36,69,69,69,83,33,49,69,0,0,0],"floor_reached":51,"campfire_rested":1,"playtime":2946,"current_hp_per_floor":[77,74,74,74,59,59,58,58,58,58,58,58,58,58,58,32,77,77,77,77,77,74,74,73,73,73,73,73,73,73,66,66,49,77,77,67,67,67,57,57,63,63,63,63,63,51,51,51,74,74],"items_purged":["Strike_G","Strike_G","Strike_G"],"gold":0,"score":817,"play_id":"a91833f0-aaf6-447c-8b26-9ba07b113410","local_time":"20180402183134","is_prod":false,"is_daily":false,"is_ascension_mode":false,"campfire_upgraded":7,"timestamp":1522686694,"path_taken":["M","?","M","?","?","R","E","R","T","R","?","M","R","M","R","BOSS","M","M","?","?","M","R","M","?","T","R","E","$","?","M","R","BOSS","M","?","?","$","?","R","E","R","T","?","$","M","M","?","R","BOSS"],"build_version":"2018-03-29v2","purchased_purges":4,"victory":true,"master_deck":["Defend_G","Defend_G","Defend_G","Defend_G","Defend_G","Strike_G","Survivor+1","Neutralize+1","Cloak And Dagger+1","Flying Knee+1","Finisher+1","Slice","Slice","Endless Agony","Adrenaline","Cloak And Dagger+1","Slice+1","Backflip+1","Infinite Blades","Night Terror+1","Predator","Dark Shackles","Deep Breath+1","Finesse","Finisher+1","Flash of Steel","Acrobatics","Madness","Madness","Escape Plan","Slice+1","Malaise+1"],"max_hp_per_floor":[77,77,77,77,77,77,77,77,77,77,77,77,77,77,77,77,77,77,77,77,77,77,77,77,77,77,77,77,77,77,77,77,77,77,77,77,77,77,77,77,77,77,77,77,77,77,77,77,77,77],"relics":["Ring of the Snake","Oddly Smooth Stone","The Courier","Girya","Odd Mushroom","Philosopher\u0027s Stone","Bronze Scales","Dream Catcher","Kunai","Lantern","Sozu","Snake Skull","Smiling Mask","Red Mask"],"card_choices":[{"not_picked":["Infinite Blades","Finisher"],"picked":"Cloak And Dagger","floor":1.0},{"not_picked":["Dagger Throw","Deadly Poison"],"picked":"Flying Knee","floor":3.0},{"not_picked":["Poisoned Stab","Expertise"],"picked":"Finisher","floor":7.0},{"not_picked":["Underhanded Strike","Bane"],"picked":"Slice","floor":11.0},{"not_picked":["Outmaneuver","Heel Hook"],"picked":"Slice","floor":12.0},{"not_picked":["Burst","Slice"],"picked":"Endless Agony","floor":14.0},{"not_picked":["Wraith Form","Unload"],"picked":"Adrenaline","floor":16.0},{"not_picked":["Acrobatics","Bane"],"picked":"Cloak And Dagger","floor":18.0},{"not_picked":["Eviscerate","Choke"],"picked":"Slice","floor":19.0},{"not_picked":["Caltrops","Poisoned Stab"],"picked":"Backflip","floor":24.0},{"not_picked":["Doppelganger","Wraith Form"],"picked":"Night Terror","floor":33},{"not_picked":["Prepared","Setup"],"picked":"Predator","floor":35},{"not_picked":["Sadistic Nature","Swift Strike"],"picked":"Dark Shackles","floor":36},{"not_picked":["Enlightenment","Apotheosis"],"picked":"Deep Breath","floor":36},{"not_picked":["Thinking Ahead","Deep Breath"],"picked":"Finesse","floor":36},{"not_picked":["Calculated Gamble","Dodge and Roll"],"picked":"Escape Plan","floor":44},{"not_picked":["Dagger Throw","Glass Knife"],"picked":"Slice","floor":46},{"not_picked":["Quick Slash","PiercingWail"],"picked":"Malaise","floor":49}],"player_experience":1646454,"potions_floor_usage":[41,50],"damage_taken":[{"damage":0.0,"enemies":"Jaw Worm","floor":1.0,"turns":4.0},{"damage":0.0,"enemies":"2 Louse","floor":3.0,"turns":3.0},{"damage":1.0,"enemies":"3 Sentries","floor":7.0,"turns":6.0},{"damage":0.0,"enemies":"The Mushroom Lair","floor":11.0,"turns":4.0},{"damage":0.0,"enemies":"Cultist","floor":12.0,"turns":1.0},{"damage":0.0,"enemies":"Large Slime","floor":14.0,"turns":2.0},{"damage":26.0,"enemies":"The Guardian","floor":16.0,"turns":7.0},{"damage":0.0,"enemies":"2 Thieves","floor":18.0,"turns":2.0},{"damage":0.0,"enemies":"Spheric Guardian","floor":19.0,"turns":2.0},{"damage":3.0,"enemies":"Centurion and Healer","floor":22.0,"turns":4.0},{"damage":1.0,"enemies":"3 Cultists","floor":24.0,"turns":4.0},{"damage":0.0,"enemies":"Book of Stabbing","floor":28.0,"turns":2.0},{"damage":7.0,"enemies":"Cultist and Chosen","floor":31.0,"turns":4.0},{"damage":17,"enemies":"Champ","floor":33,"turns":8},{"damage":0,"enemies":"Orb Walker","floor":35,"turns":3},{"damage":0,"enemies":"Nemesis","floor":41,"turns":3},{"damage":0,"enemies":"3 Darklings","floor":44,"turns":3},{"damage":12,"enemies":"Sphere and 2 Shapes","floor":46,"turns":3},{"damage":0,"enemies":"Maw","floor":47,"turns":5},{"damage":0,"enemies":"Awakened One","floor":50,"turns":8}],"event_choices":[{"event_name":"Scrap Ooze","player_choice":"success","floor":2.0,"damage_taken":3.0},{"event_name":"Shining Light","player_choice":"Entered Light","floor":5.0,"damage_taken":0.0},{"event_name":"Mushrooms","player_choice":"Fought Mushrooms","floor":11.0,"damage_taken":0.0},{"event_name":"Ghosts","player_choice":"Ignored","floor":20.0,"damage_taken":0.0},{"event_name":"Beggar","player_choice":"Gave Gold","floor":21.0,"damage_taken":0.0},{"event_name":"The Joust","player_choice":"Bet on Murderer","floor":25.0,"damage_taken":0.0},{"event_name":"SensoryStone","player_choice":"Memory 3","floor":36,"damage_taken":0},{"event_name":"Duplicator","player_choice":"One dupe","floor":37,"damage_taken":0},{"event_name":"Winding Halls","player_choice":"Embrace Madness","floor":39,"damage_taken":0},{"event_name":"Tomb of Lord Red Mask","player_choice":"Paid","floor":48,"damage_taken":0}],"boss_relics":[{"not_picked":["Black Star","Snecko Eye"],"picked":"Sozu"}],"potions_floor_spawned":[1,11,14,19,24,31,35],"seed_played":"-3725552908571900943","ascension_level":0,"is_trial":false}