{"path_per_floor":["M","$","M","M","?","R","T","R","T","R","M","?","?","?","R","B",null,"M","?","T","$","M","R","E","M","T","$","R","E","M","?","R","B",null,"M","M","?","$","M","$","R","?","T","R","M","?","$","M","R","B"],"character_chosen":"THE_SILENT","items_purchased":["Anchor","Backflip","Caltrops","Oddly Smooth Stone","Footwork"],"gold_per_floor":[109,34,48,68,143,143,219,219,299,299,313,313,313,313,313,416,416,433,433,433,178,189,189,221,241,265,36,36,67,80,5,5,101,101,121,133,180,27,40,0,0,0,0,0,12,12,12,24,24,24],"floor_reached":51,"campfire_rested":6,"playtime":2031,"current_hp_per_floor":[70,70,70,69,58,58,58,58,58,58,39,44,44,44,44,29,75,75,75,75,75,75,75,65,65,65,65,75,75,75,75,75,75,75,71,71,71,71,65,65,75,85,85,85,85,85,85,85,85,71],"items_purged":["Strike_G","Strike_G","Strike_G"],"gold":24,"score":821,"play_id":"8ee513d9-4454-4d37-af95-038a6d3d1ac0","local_time":"20180409212235","is_prod":false,"is_daily":false,"is_ascension_mode":false,"campfire_upgraded":4,"timestamp":1523301755,"path_taken":["M","$","M","M","?","R","?","R","T","R","M","?","?","?","R","BOSS","M","?","?","$","M","R","E","M","T","?","R","E","M","?","R","BOSS","M","M","?","$","?","$","R","?","T","R","M","?","?","?","R","BOSS"],"build_version":"2018-04-05v2","purchased_purges":3,"victory":true,"master_deck":["Defend_G+1","Defend_G+1","Defend_G+1","Defend_G+1","Defend_G+1","Strike_G+1","Survivor+1","Neutralize+1","Bouncing Flask+1","Burst+1","Deadly Poison+1","Backflip+1","Caltrops+1","Backflip+1","Doppelganger+1","Backflip+1","Footwork+1","Venomology+1"],"max_hp_per_floor":[70,70,70,70,70,70,70,70,70,70,70,75,75,75,75,75,75,75,75,75,75,75,75,75,75,75,75,75,75,75,75,75,75,75,75,75,75,75,75,75,75,85,85,85,85,85,85,85,85,85],"relics":["Ring of the Snake","Toxic Egg 2","Darkstone Periapt","Runic Dome","The Specimen","Anchor","Frozen Egg 2","Bag of Marbles","Bronze Scales","Runic Pyramid","Sundial","Oddly Smooth Stone","Molten Egg 2"],"card_choices":[{"not_picked":["Acrobatics","Deflect"],"picked":"Bouncing Flask","floor":3},{"not_picked":["Riddle With Holes","Leg Sweep"],"picked":"Well Laid Plans","floor":4},{"not_picked":["Venomology","Bullet Time"],"picked":"Burst","floor":16},{"not_picked":["Corpse Explosion","Poisoned Stab"],"picked":"Deadly Poison","floor":24},{"not_picked":["PiercingWail","Cloak And Dagger"],"picked":"Burst","floor":29},{"not_picked":["Flying Knee","Outmaneuver"],"picked":"Backflip","floor":30},{"not_picked":["Tactician","Venomology"],"picked":"Doppelganger","floor":33},{"not_picked":["Endless Agony","Slice"],"picked":"Backflip","floor":37},{"not_picked":["Acrobatics","Deadly Poison"],"picked":"Venomology","floor":48}],"player_experience":1703967,"potions_floor_usage":[25,29,37,37,50,50],"damage_taken":[{"damage":0,"enemies":"2 Louse","floor":1,"turns":4},{"damage":0,"enemies":"Small Slimes","floor":3,"turns":3},{"damage":1,"enemies":"Cultist","floor":4,"turns":4},{"damage":19,"enemies":"Exordium Thugs","floor":11,"turns":4},{"damage":15,"enemies":"Hexaghost","floor":16,"turns":11},{"damage":0,"enemies":"Chosen","floor":18,"turns":5},{"damage":0,"enemies":"2 Thieves","floor":22,"turns":3},{"damage":10,"enemies":"Gremlin Leader","floor":24,"turns":7},{"damage":0,"enemies":"Snecko","floor":25,"turns":4},{"damage":0,"enemies":"Slavers","floor":29,"turns":5},{"damage":0,"enemies":"3 Cultists","floor":30,"turns":4},{"damage":0,"enemies":"Champ","floor":33,"turns":8},{"damage":4,"enemies":"Orb Walker","floor":35,"turns":3},{"damage":0,"enemies":"3 Shapes","floor":36,"turns":4},{"damage":0,"enemies":"Mysterious Sphere","floor":37,"turns":7},{"damage":6,"enemies":"Maw","floor":39,"turns":5},{"damage":0,"enemies":"3 Darklings","floor":45,"turns":4},{"damage":0,"enemies":"Sphere and 2 Shapes","floor":48,"turns":6},{"damage":14,"enemies":"Time Eater","floor":50,"turns":12}],"event_choices":[{"event_name":"World of Goop","player_choice":"Gather Gold","floor":5,"damage_taken":0},{"event_name":"Big Fish","player_choice":"Donut","floor":12,"damage_taken":0},{"event_name":"Accursed Blacksmith","player_choice":"Forge","floor":13,"damage_taken":0},{"event_name":"Golden Idol","player_choice":"Ignored","floor":14,"damage_taken":0},{"event_name":"Back to Basics","player_choice":"Simplicity","floor":19,"damage_taken":0},{"event_name":"Beggar","player_choice":"Gave Gold","floor":31,"damage_taken":0},{"event_name":"Mysterious Sphere","player_choice":"Fight","floor":37,"damage_taken":0},{"event_name":"Bonfire Elementals","player_choice":"RARE","floor":42,"damage_taken":0}],"boss_relics":[{"not_picked":["Orrery","Pandora\u0027s Box"],"picked":"Runic Dome"},{"not_picked":["White Beast Statue","Astrolabe"],"picked":"Runic Pyramid"}],"potions_floor_spawned":[4,11,24,25,35,37],"seed_played":"9126336659173527705","ascension_level":0,"is_trial":false}