{"path_per_floor":["M","M","?","M","M","E","R","E","T","R","?","?","M","M","R","B",null,"M","?","M","$","M","E","R","T","T","M","R","M","M","$","R","B",null,"M","?","$","M","?","R","M","R","T","M","M","$","R","M","R","B"],"character_chosen":"THE_SILENT","items_purchased":["After Image","Letter Opener","Accuracy","Acrobatics"],"gold_per_floor":[110,120,120,134,153,187,187,217,243,243,243,243,253,272,272,368,368,386,386,401,192,203,230,230,280,280,292,292,302,313,18,18,118,118,131,131,81,98,98,98,110,110,161,180,191,9,9,19,19,19],"floor_reached":51,"campfire_rested":1,"playtime":2241,"current_hp_per_floor":[70,70,75,75,75,72,72,70,70,70,70,70,73,71,71,47,75,75,75,67,67,61,75,75,75,75,75,75,75,77,77,77,78,86,88,78,78,80,69,69,70,92,92,92,93,93,93,92,92,92],"items_purged":["Strike_G","Strike_G","Strike_G","Pain"],"gold":19,"score":756,"play_id":"3b083b3f-dc24-456c-8db8-636ae4f95f6b","local_time":"20180408003807","is_prod":false,"is_daily":false,"is_ascension_mode":false,"campfire_upgraded":9,"timestamp":1523140687,"path_taken":["M","M","?","M","M","E","R","E","T","R","?","?","?","M","R","BOSS","M","?","M","$","M","E","R","?","T","M","R","M","M","$","R","BOSS","M","?","$","M","?","R","M","R","T","M","M","$","R","M","R","BOSS"],"build_version":"2018-04-05v2","purchased_purges":4,"victory":true,"master_deck":["Defend_G","Defend_G","Defend_G","Defend_G","Defend_G","Strike_G+1","Survivor","Neutralize+1","Cloak And Dagger+1","Infinite Blades","Sucker Punch+1","Cloak And Dagger+1","Backflip","Infinite Blades","Cloak And Dagger+1","A Thousand Cuts+1","Footwork+1","After Image","Footwork+1","Escape Plan","Footwork+1","Finesse","Flash of Steel","Master of Strategy","Madness","Madness","Accuracy+1","Acrobatics+1","Blade Dance+1"],"max_hp_per_floor":[70,70,75,75,75,75,75,75,75,75,75,75,75,75,75,75,75,75,75,75,75,75,82,82,82,82,82,82,82,84,84,84,86,86,88,88,88,90,90,90,92,92,92,94,96,96,96,96,96,96],"relics":["Ring of the Snake","Omamori","Toolbox","Smiling Mask","Whetstone","Cursed Key","Strawberry","Singing Bowl","Vajra","Letter Opener","Sozu","Orichalcum"],"card_choices":[{"not_picked":["Setup","Blade Dance"],"picked":"Cloak And Dagger","floor":1},{"not_picked":["Choke","Underhanded Strike"],"picked":"Infinite Blades","floor":2},{"not_picked":["Deflect","Quick Slash"],"picked":"Sucker Punch","floor":4},{"not_picked":["Endless Agony","PiercingWail"],"picked":"Cloak And Dagger","floor":5},{"not_picked":["Deadly Poison","Bane"],"picked":"Backflip","floor":6},{"not_picked":["Prepared","Backflip"],"picked":"Infinite Blades","floor":8},{"not_picked":["Sucker Punch","Deadly Poison"],"picked":"Cloak And Dagger","floor":14},{"not_picked":["Bullet Time","Phantasmal Killer"],"picked":"A Thousand Cuts","floor":16},{"not_picked":["Poisoned Stab","Deflect"],"picked":"Footwork","floor":20},{"not_picked":["Dagger Throw","All Out Attack"],"picked":"Footwork","floor":23},{"not_picked":["Heel Hook","Die Die Die"],"picked":"Escape Plan","floor":27},{"not_picked":["Bouncing Flask","Deflect"],"picked":"Footwork","floor":29},{"not_picked":["Jack Of All Trades","Apotheosis"],"picked":"Finesse","floor":36},{"not_picked":["Secret Weapon","Mind Blast"],"picked":"Flash of Steel","floor":36},{"not_picked":["Trip","Bandage Up"],"picked":"Master of Strategy","floor":36},{"not_picked":["Dodge and Roll","Underhanded Strike"],"picked":"Blade Dance","floor":48}],"player_experience":1685865,"potions_floor_usage":[6,8,20,22,23,50,50],"damage_taken":[{"damage":0,"enemies":"Small Slimes","floor":1,"turns":3},{"damage":0,"enemies":"2 Louse","floor":2,"turns":3},{"damage":0,"enemies":"Jaw Worm","floor":4,"turns":4},{"damage":0,"enemies":"Blue Slaver","floor":5,"turns":5},{"damage":3,"enemies":"3 Sentries","floor":6,"turns":8},{"damage":2,"enemies":"Lagavulin","floor":8,"turns":7},{"damage":1,"enemies":"3 Louse","floor":13,"turns":3},{"damage":2,"enemies":"Looter","floor":14,"turns":3},{"damage":24,"enemies":"Hexaghost","floor":16,"turns":12},{"damage":0,"enemies":"Chosen","floor":18,"turns":5},{"damage":8,"enemies":"2 Thieves","floor":20,"turns":3},{"damage":6,"enemies":"Sentry and Sphere","floor":22,"turns":6},{"damage":8,"enemies":"Gremlin Leader","floor":23,"turns":8},{"damage":0,"enemies":"Centurion and Healer","floor":27,"turns":7},{"damage":0,"enemies":"Slaver and Parasite","floor":29,"turns":6},{"damage":0,"enemies":"Snake Plant","floor":30,"turns":5},{"damage":1,"enemies":"Champ","floor":33,"turns":10},{"damage":0,"enemies":"3 Darklings","floor":35,"turns":5},{"damage":0,"enemies":"3 Shapes","floor":38,"turns":3},{"damage":1,"enemies":"Sphere and 2 Shapes","floor":41,"turns":3},{"damage":2,"enemies":"Maw","floor":44,"turns":10},{"damage":1,"enemies":"4 Shapes","floor":45,"turns":3},{"damage":1,"enemies":"Sphere and 2 Shapes","floor":48,"turns":4},{"damage":0,"enemies":"Donu and Deca","floor":50,"turns":6}],"event_choices":[{"event_name":"Big Fish","player_choice":"Donut","floor":3,"damage_taken":0},{"event_name":"Living Wall","player_choice":"Forget","floor":11,"damage_taken":0},{"event_name":"The Woman in Blue","player_choice":"Bought 0 Potions","floor":12,"damage_taken":0},{"event_name":"Vampires","player_choice":"Ignored","floor":19,"damage_taken":0},{"event_name":"SensoryStone","player_choice":"Memory 3","floor":36,"damage_taken":0},{"event_name":"Winding Halls","player_choice":"Embrace Madness","floor":39,"damage_taken":0}],"boss_relics":[{"not_picked":["Tiny House","Snecko Eye"],"picked":"Cursed Key"},{"not_picked":["Calling Bell","Black Star"],"picked":"Sozu"}],"potions_floor_spawned":[1,4,8,13,18,27,29,30,45],"seed_played":"5359049268566116308","ascension_level":0,"is_trial":false}