{"path_per_floor":["M","M","M","$","?","R","M","M","T","R","E","R","M","E","R","B",null,"M","$","M","M","?","R","E","R","T","R","?","M","R","?","R","B",null,"M","?","?","?","M","E","R","?","T","$","M","R","?","M","R","B"],"character_chosen":"THE_SILENT","items_purchased":["Footwork","Malaise"],"gold_per_floor":[111,123,140,31,31,31,47,61,61,61,92,92,106,132,132,229,229,229,129,129,129,129,129,129,129,129,129,129,129,129,129,129,129,129,129,129,129,129,129,129,129,129,129,17,17,17,17,17,17,17],"floor_reached":51,"campfire_rested":0,"playtime":2539,"current_hp_per_floor":[68,68,68,68,68,68,60,60,60,60,60,60,60,54,54,52,70,70,70,70,70,70,77,77,91,91,91,91,91,91,91,91,91,91,91,81,81,81,81,81,81,81,81,81,83,83,83,85,85,88],"items_purged":["Strike_G","Strike_G","Decay"],"gold":17,"score":853,"play_id":"b3f5f2da-a02f-405b-92ed-04cbe2755827","local_time":"20180412115333","is_prod":false,"is_daily":false,"is_ascension_mode":false,"campfire_upgraded":2,"timestamp":1523526813,"path_taken":["M","M","M","$","?","R","?","?","T","R","E","R","M","E","R","BOSS","M","$","M","M","?","R","E","R","T","R","?","M","R","?","R","BOSS","M","?","?","?","M","E","R","?","T","$","M","R","?","M","R","BOSS"],"build_version":"2018-04-05v2","purchased_purges":3,"victory":true,"master_deck":["Defend_G+1","Defend_G+1","Defend_G+1","Defend_G+1","Survivor","Neutralize+1","Deadly Poison","Blade Dance","After Image","Footwork+1","Dash","Noxious Fumes+1","Leg Sweep","Flying Knee+1","Footwork","Wraith Form+1","Expertise+1","Night Terror+1","Cloak And Dagger+1","Flash of Steel","Panache","Secret Technique","Dodge and Roll+1","Cloak And Dagger+1","Malaise","Outmaneuver+1"],"max_hp_per_floor":[70,70,70,70,70,70,70,70,70,70,70,70,70,70,70,70,70,70,70,70,70,70,77,77,91,91,91,91,91,91,91,91,91,91,91,91,91,91,91,91,91,91,91,91,91,91,91,91,91,91],"relics":["Ring of the Snake","Shovel","Prayer Wheel","Oddly Smooth Stone","Centennial Puzzle","Ice Cream","Ectoplasm","Strawberry","Snake Skull","Mango","Juzu Bracelet","Ancient Tea Set","Pen Nib","Smiling Mask","Astrolabe","Bronze Scales","Blood Vial","The Courier","Happy Flower","Art of War"],"card_choices":[{"not_picked":["Dagger Throw","Poisoned Stab"],"picked":"Deadly Poison","floor":1},{"not_picked":["Quick Slash","Concentrate"],"picked":"Blade Dance","floor":2},{"not_picked":["Flechettes","PiercingWail"],"picked":"After Image","floor":3},{"not_picked":["Acrobatics","Poisoned Stab"],"picked":"Dash","floor":7},{"not_picked":["Eviscerate","Riddle With Holes"],"picked":"Noxious Fumes","floor":8},{"not_picked":["Masterful Stab","PiercingWail"],"picked":"Leg Sweep","floor":14},{"not_picked":["Deadly Poison","Leg Sweep"],"picked":"Flying Knee","floor":21},{"not_picked":["Infinite Blades","Corpse Explosion"],"picked":"Footwork","floor":24},{"not_picked":["Dagger Throw","Dagger Spray"],"picked":"Cloak And Dagger","floor":35},{"not_picked":["Apotheosis","Trip"],"picked":"Flash of Steel","floor":36},{"not_picked":["Trip","Good Instincts"],"picked":"Panache","floor":36},{"not_picked":["Madness","Panacea"],"picked":"Secret Technique","floor":36},{"not_picked":["Slice","Well Laid Plans"],"picked":"Dodge and Roll","floor":39},{"not_picked":["Quick Slash","Finisher"],"picked":"Cloak And Dagger","floor":40},{"not_picked":["Flechettes","Backflip"],"picked":"Outmaneuver","floor":45}],"player_experience":1733572,"potions_floor_usage":[18,21,39,50,50,50],"damage_taken":[{"damage":2,"enemies":"Small Slimes","floor":1,"turns":5},{"damage":0,"enemies":"Cultist","floor":2,"turns":4},{"damage":0,"enemies":"2 Louse","floor":3,"turns":3},{"damage":8,"enemies":"Looter","floor":7,"turns":4},{"damage":0,"enemies":"Red Slaver","floor":8,"turns":5},{"damage":0,"enemies":"Gremlin Nob","floor":11,"turns":6},{"damage":0,"enemies":"2 Fungi Beasts","floor":13,"turns":5},{"damage":6,"enemies":"3 Sentries","floor":14,"turns":9},{"damage":2,"enemies":"Hexaghost","floor":16,"turns":11},{"damage":0,"enemies":"Spheric Guardian","floor":18,"turns":5},{"damage":0,"enemies":"3 Byrds","floor":20,"turns":5},{"damage":0,"enemies":"Centurion and Healer","floor":21,"turns":7},{"damage":0,"enemies":"Book of Stabbing","floor":24,"turns":7},{"damage":0,"enemies":"3 Cultists","floor":29,"turns":6},{"damage":0,"enemies":"Automaton","floor":33,"turns":13},{"damage":0,"enemies":"Orb Walker","floor":35,"turns":6},{"damage":0,"enemies":"3 Darklings","floor":39,"turns":6},{"damage":0,"enemies":"Nemesis","floor":40,"turns":7},{"damage":0,"enemies":"4 Shapes","floor":45,"turns":4},{"damage":0,"enemies":"Maw","floor":48,"turns":7},{"damage":8,"enemies":"Awakened One","floor":50,"turns":16}],"event_choices":[{"event_name":"Liars Game","player_choice":"disagreed","floor":5,"damage_taken":0},{"event_name":"The Mausoleum","player_choice":"No","floor":22,"damage_taken":0},{"event_name":"Back to Basics","player_choice":"Simplicity","floor":28,"damage_taken":0},{"event_name":"Vampires","player_choice":"Ignored","floor":31,"damage_taken":0},{"event_name":"SensoryStone","player_choice":"Memory 3","floor":36,"damage_taken":0},{"event_name":"Wheel of Change","player_choice":"Curse","floor":38,"damage_taken":0},{"event_name":"The Lab","player_choice":"Got Potions","floor":42,"damage_taken":0},{"event_name":"Mysterious Sphere","player_choice":"Ignore","floor":47,"damage_taken":0}],"boss_relics":[{"not_picked":["Calling Bell","Velvet Choker"],"picked":"Ectoplasm"},{"not_picked":["Runic Pyramid","Cursed Key"],"picked":"Astrolabe"}],"potions_floor_spawned":[7,11,14,18,20,29,33,35,40,48],"seed_played":"2682548469990025964","ascension_level":0,"is_trial":false}