{"path_per_floor":["M","M","M","?","?","E","R","?","T","M","R","M","R","?","R","B",null,"M","?","M","?","$","R","M","R","T","R","E","$","R","M","R","B",null,"M","M","?","?","M","R","M","R","T","M","M","M","R","?","R","B"],"character_chosen":"THE_SILENT","items_purchased":["Noxious Fumes","Sadistic Nature"],"gold_per_floor":[114,124,144,144,144,180,180,255,255,271,271,296,296,371,371,494,494,509,424,447,447,90,90,106,106,106,106,140,40,40,52,52,157,157,169,179,179,179,194,194,204,204,204,219,235,249,249,249,249,249],"floor_reached":51,"campfire_rested":1,"playtime":2674,"current_hp_per_floor":[77,77,77,77,58,24,24,13,13,13,36,36,36,36,36,14,77,76,76,76,76,76,76,77,77,77,77,76,76,76,77,77,72,77,77,77,67,67,74,74,77,77,77,77,77,77,77,67,67,77],"items_purged":["Strike_G","Strike_G"],"gold":249,"score":667,"play_id":"7cb1cbb8-05dc-4c02-9cf5-c96232c42198","local_time":"20180409071558","is_prod":false,"is_daily":false,"is_ascension_mode":false,"campfire_upgraded":12,"timestamp":1523250958,"path_taken":["M","M","M","?","?","E","R","?","T","?","R","M","R","?","R","BOSS","M","?","M","?","$","R","M","R","T","R","E","?","R","M","R","BOSS","M","M","?","?","M","R","M","R","T","M","?","M","R","?","R","BOSS"],"build_version":"2018-04-05v2","purchased_purges":2,"victory":true,"master_deck":["Defend_G+1","Defend_G+1","Defend_G","Defend_G","Defend_G","Survivor+1","Neutralize+1","Backstab","Quick Slash+1","Sucker Punch","Backflip+1","Cloak And Dagger+1","Malaise+1","Glass Knife+1","Blade Dance+1","Blur+1","PiercingWail+1","Dodge and Roll+1","Noxious Fumes+1","Sadistic Nature+1","Blur+1","Venomology+1","Well Laid Plans+1","After Image+1","Secret Technique","Sadistic Nature+1","After Image+1","Backflip+1","Burst+1","Madness","Madness"],"max_hp_per_floor":[77,77,77,77,77,77,77,77,77,77,77,77,77,77,77,77,77,77,77,77,77,77,77,77,77,77,77,77,77,77,77,77,77,77,77,77,77,77,77,77,77,77,77,77,77,77,77,77,77,77],"relics":["Ring of the Snake","Bloody Idol","Calipers","Dream Catcher","Bag of Marbles","Astrolabe","Frozen Egg 2","Blood Vial","Bottled Lightning","Philosopher\u0027s Stone","Bird Faced Urn"],"card_choices":[{"not_picked":["Choke","Quick Slash"],"picked":"Backstab","floor":1},{"not_picked":["Dagger Throw","Eviscerate"],"picked":"Quick Slash","floor":2},{"not_picked":["Dodge and Roll","Dagger Throw"],"picked":"Sucker Punch","floor":3},{"not_picked":["Dagger Throw","Cloak And Dagger"],"picked":"Backflip","floor":11},{"not_picked":["Blade Dance","Deflect"],"picked":"Cloak And Dagger","floor":12},{"not_picked":["Acrobatics","Crippling Poison"],"picked":"Malaise","floor":14},{"not_picked":["Storm of Steel","Tools of the Trade"],"picked":"Glass Knife","floor":16},{"not_picked":["Prepared","Distraction"],"picked":"Dodge and Roll","floor":20},{"not_picked":["Sucker Punch","Concentrate"],"picked":"Blur","floor":24},{"not_picked":["Outmaneuver","Dagger Spray"],"picked":"Venomology","floor":28},{"not_picked":["Choke","Dagger Throw"],"picked":"Well Laid Plans","floor":31},{"not_picked":["Tools of the Trade","Glass Knife"],"picked":"After Image","floor":33},{"not_picked":["Secret Weapon","Flash of Steel"],"picked":"Secret Technique","floor":37},{"not_picked":["Dramatic Entrance","Madness"],"picked":"Sadistic Nature","floor":37},{"not_picked":["Flying Knee","Dagger Throw"],"picked":"Backflip","floor":45},{"not_picked":["Dodge and Roll","Poisoned Stab"],"picked":"Burst","floor":46}],"player_experience":1694881,"potions_floor_usage":[14,31,33,35,36,39,41,44,45,46,50,50,50,50],"damage_taken":[{"damage":0,"enemies":"Cultist","floor":1,"turns":4},{"damage":0,"enemies":"2 Louse","floor":2,"turns":2},{"damage":0,"enemies":"Small Slimes","floor":3,"turns":2},{"damage":34,"enemies":"Lagavulin","floor":6,"turns":9},{"damage":0,"enemies":"2 Fungi Beasts","floor":10,"turns":3},{"damage":0,"enemies":"Large Slime","floor":12,"turns":6},{"damage":0,"enemies":"3 Sentries","floor":14,"turns":8},{"damage":22,"enemies":"The Guardian","floor":16,"turns":19},{"damage":1,"enemies":"Chosen","floor":18,"turns":4},{"damage":0,"enemies":"Shell Parasite","floor":20,"turns":6},{"damage":1,"enemies":"Snake Plant","floor":24,"turns":3},{"damage":6,"enemies":"Book of Stabbing","floor":28,"turns":7},{"damage":0,"enemies":"3 Cultists","floor":31,"turns":4},{"damage":10,"enemies":"Collector","floor":33,"turns":14},{"damage":0,"enemies":"3 Shapes","floor":35,"turns":5},{"damage":3,"enemies":"3 Darklings","floor":36,"turns":7},{"damage":0,"enemies":"Maw","floor":39,"turns":8},{"damage":0,"enemies":"Sphere and 2 Shapes","floor":41,"turns":6},{"damage":0,"enemies":"3 Darklings","floor":44,"turns":5},{"damage":0,"enemies":"Maw","floor":45,"turns":9},{"damage":0,"enemies":"Sphere and 2 Shapes","floor":46,"turns":6},{"damage":2,"enemies":"Time Eater","floor":50,"turns":18}],"event_choices":[{"event_name":"Liars Game","player_choice":"disagreed","floor":4,"damage_taken":0},{"event_name":"Golden Idol","player_choice":"Take Damage","floor":5,"damage_taken":0},{"event_name":"World of Goop","player_choice":"Gather Gold","floor":8,"damage_taken":0},{"event_name":"Dead Adventurer","player_choice":"Searched \u00271\u0027 times","floor":14,"damage_taken":0},{"event_name":"Addict","player_choice":"Obtained Relic","floor":19,"damage_taken":0},{"event_name":"Forgotten Altar","player_choice":"Gave Idol","floor":21,"damage_taken":0},{"event_name":"SensoryStone","player_choice":"Memory 3","floor":37,"damage_taken":0},{"event_name":"Duplicator","player_choice":"One dupe","floor":38,"damage_taken":0},{"event_name":"Winding Halls","player_choice":"Embrace Madness","floor":48,"damage_taken":0}],"boss_relics":[{"not_picked":["Eternal Feather","Runic Pyramid"],"picked":"Astrolabe"},{"not_picked":["Orrery","Tiny House"],"picked":"Philosopher\u0027s Stone"}],"potions_floor_spawned":[1,12,14,16,18,24,28,36,41,45],"seed_played":"3490883930920686496","ascension_level":0,"is_trial":false}