{"path_per_floor":["M","?","M","M","M","R","E","M","T","R","E","M","?","E","R","B",null,"M","M","?","M","M","M","$","?","T","T","?","E","R","M","R","B",null,"M","?","?","$","M","R","M","M","T","R","M","R","$","?","R","B"],"character_chosen":"THE_SILENT","items_purchased":["War Paint","Noxious Fumes","Sundial","Footwork"],"gold_per_floor":[111,111,130,148,167,167,195,213,213,213,243,258,358,387,387,482,482,494,504,504,515,530,544,322,247,272,298,298,333,333,349,349,450,450,469,469,469,36,47,47,60,71,71,71,87,87,53,106,106,106],"floor_reached":51,"campfire_rested":0,"playtime":2240,"current_hp_per_floor":[70,80,80,80,77,77,69,67,67,67,59,59,59,43,43,28,80,80,80,80,80,80,80,80,80,80,80,80,79,79,79,79,79,80,80,80,70,70,70,70,70,69,69,69,69,69,69,69,69,68],"items_purged":["Strike_G","Strike_G"],"gold":106,"score":765,"play_id":"b895b294-5f2f-4cc1-aaa5-bd0766b36db9","local_time":"20180413020610","is_prod":false,"is_daily":false,"is_ascension_mode":false,"campfire_upgraded":9,"timestamp":1523577970,"path_taken":["M","?","?","M","M","R","E","M","T","R","E","M","?","E","R","BOSS","M","M","?","?","M","?","$","?","T","?","?","E","R","M","R","BOSS","M","?","?","$","M","R","M","M","T","R","?","R","?","?","R","BOSS"],"build_version":"2018-04-05v2","purchased_purges":2,"victory":true,"master_deck":["Defend_G+1","Defend_G","Defend_G","Defend_G","Survivor+1","Neutralize+1","Phantasmal Killer+1","Footwork+1","Predator+1","Noxious Fumes+1","Footwork+1","Footwork+1","Well Laid Plans+1","Dodge and Roll","Adrenaline","Dodge and Roll+1","Predator+1","Footwork+1","Expertise+1","Backflip","Madness","Madness","Noxious Fumes","Quick Slash+1","Footwork+1","Escape Plan+1"],"max_hp_per_floor":[70,80,80,80,80,80,80,80,80,80,80,80,80,80,80,80,80,80,80,80,80,80,80,80,80,80,80,80,80,80,80,80,80,80,80,80,80,80,80,80,80,80,80,80,80,80,80,80,80,80],"relics":["Astrolabe","Ancient Tea Set","Torii","Anchor","Mummified Hand","Sozu","War Paint","Omamori","Orichalcum","Paper Crane","Cursed Key","Sundial","Lantern","Shovel"],"card_choices":[{"not_picked":["Distraction","Well Laid Plans"],"picked":"Predator","floor":1.0},{"not_picked":["Cloak And Dagger","Masterful Stab"],"picked":"Noxious Fumes","floor":4.0},{"not_picked":["Deflect","Deadly Poison"],"picked":"Footwork","floor":5.0},{"not_picked":["All Out Attack","Acrobatics"],"picked":"Footwork","floor":7.0},{"not_picked":["Deadly Poison","Poisoned Stab"],"picked":"Well Laid Plans","floor":8},{"not_picked":["Footwork","Skewer"],"picked":"Dodge and Roll","floor":11},{"not_picked":["Venomology","Envenom"],"picked":"Adrenaline","floor":16},{"not_picked":["Deflect","Riddle With Holes"],"picked":"Dodge and Roll","floor":18},{"not_picked":["Poisoned Stab","Calculated Gamble"],"picked":"Predator","floor":21},{"not_picked":["Slice","Well Laid Plans"],"picked":"Footwork","floor":22},{"not_picked":["Prepared","Slice"],"picked":"Expertise","floor":29},{"not_picked":["Dagger Throw","Blade Dance"],"picked":"Backflip","floor":35},{"not_picked":["Flechettes","Dagger Spray"],"picked":"Quick Slash","floor":39},{"not_picked":["Bouncing Flask","Choke"],"picked":"Escape Plan","floor":48}],"player_experience":1736111,"potions_floor_usage":[8,8,21,29,31],"damage_taken":[{"damage":0.0,"enemies":"Small Slimes","floor":1.0,"turns":5.0},{"damage":0.0,"enemies":"Cultist","floor":3.0,"turns":2.0},{"damage":0.0,"enemies":"Jaw Worm","floor":4.0,"turns":2.0},{"damage":3.0,"enemies":"Gremlin Gang","floor":5.0,"turns":6.0},{"damage":8.0,"enemies":"Gremlin Nob","floor":7.0,"turns":5.0},{"damage":2,"enemies":"Large Slime","floor":8,"turns":9},{"damage":8,"enemies":"3 Sentries","floor":11,"turns":8},{"damage":0,"enemies":"Blue Slaver","floor":12,"turns":4},{"damage":16,"enemies":"Gremlin Nob","floor":14,"turns":5},{"damage":15,"enemies":"Slime Boss","floor":16,"turns":8},{"damage":0,"enemies":"Shell Parasite","floor":18,"turns":5},{"damage":0,"enemies":"Spheric Guardian","floor":19,"turns":5},{"damage":0,"enemies":"Snecko","floor":21,"turns":6},{"damage":0,"enemies":"3 Cultists","floor":22,"turns":5},{"damage":0,"enemies":"Snake Plant","floor":23,"turns":5},{"damage":1,"enemies":"Slavers","floor":29,"turns":6},{"damage":0,"enemies":"Chosen and Byrds","floor":31,"turns":5},{"damage":0,"enemies":"Collector","floor":33,"turns":11},{"damage":0,"enemies":"3 Shapes","floor":35,"turns":5},{"damage":0,"enemies":"3 Darklings","floor":39,"turns":4},{"damage":0,"enemies":"Maw","floor":41,"turns":6},{"damage":1,"enemies":"Sphere and 2 Shapes","floor":42,"turns":6},{"damage":0,"enemies":"4 Shapes","floor":45,"turns":4},{"damage":0,"enemies":"Mysterious Sphere","floor":48,"turns":5},{"damage":1,"enemies":"Donu and Deca","floor":50,"turns":9}],"event_choices":[{"event_name":"Bonfire Elementals","player_choice":"RARE","floor":2.0,"damage_taken":0.0},{"event_name":"Golden Shrine","player_choice":"Pray","floor":13,"damage_taken":0},{"event_name":"Ghosts","player_choice":"Ignored","floor":20,"damage_taken":0},{"event_name":"Beggar","player_choice":"Gave Gold","floor":25,"damage_taken":0},{"event_name":"Vampires","player_choice":"Ignored","floor":28,"damage_taken":0},{"event_name":"Tomb of Lord Red Mask","player_choice":"Ignored","floor":36,"damage_taken":0},{"event_name":"Winding Halls","player_choice":"Embrace Madness","floor":37,"damage_taken":0},{"event_name":"Mysterious Sphere","player_choice":"Fight","floor":48,"damage_taken":0}],"boss_relics":[{"not_picked":["Tiny House","Eternal Feather"],"picked":"Sozu"},{"not_picked":["Philosopher\u0027s Stone","Pandora\u0027s Box"],"picked":"Cursed Key"}],"potions_floor_spawned":[1,3,4,11,14,16,18,19,31,39,41,42,45,48],"seed_played":"339004522655324872","ascension_level":0,"is_trial":false}