{"path_per_floor":["M","?","$","M","M","R","E","R","T","?","E","M","R","M","R","B",null,"M","M","$","?","M","E","?","E","T","R","$","?","?","M","R","B",null,"M","?","?","M","T","E","M","R","T","E","$","T","$","?","R","B"],"character_chosen":"THE_SILENT","items_purchased":["Noxious Fumes","Cloak And Dagger","Dodge and Roll","Caltrops","Bag of Preparation"],"gold_per_floor":[114,114,10,23,41,41,73,73,73,73,102,114,114,124,124,224,224,209,220,95,40,50,80,80,106,106,106,6,256,206,216,216,314,314,327,327,327,345,372,404,415,415,442,467,303,327,32,0,0,0],"floor_reached":51,"campfire_rested":0,"playtime":2243,"current_hp_per_floor":[70,70,70,70,70,70,54,54,54,54,56,56,56,58,58,58,74,61,63,63,63,65,67,67,55,55,55,55,55,55,55,55,51,84,84,84,84,84,84,93,95,95,95,97,97,97,97,97,97,97],"items_purged":["Strike_G","Strike_G","Injury","Injury"],"gold":0,"score":974,"play_id":"a4e85045-d9f9-4dbc-b2c4-fb0c1eefbd36","local_time":"20180417104955","is_prod":false,"is_daily":false,"chose_seed":false,"is_ascension_mode":false,"campfire_upgraded":8,"timestamp":1523954995,"path_taken":["M","?","$","M","M","R","E","R","T","?","E","M","R","?","R","BOSS","M","M","?","?","M","E","?","E","T","R","$","?","?","M","R","BOSS","M","?","?","M","?","E","M","R","T","E","?","?","$","?","R","BOSS"],"build_version":"2018-04-12","seed_source_timestamp":53690707047840,"purchased_purges":6,"victory":true,"master_deck":["Defend_G","Defend_G","Defend_G+1","Defend_G","Defend_G","Strike_G+1","Strike_G+1","Survivor+1","Neutralize+1","Malaise+1","Noxious Fumes+1","Cloak And Dagger","Caltrops+1","Footwork+1","Caltrops+1","After Image","Footwork+1","Dodge and Roll+1","Adrenaline+1","Blur","Expertise+1","Clumsy","Caltrops+1"],"max_hp_per_floor":[70,70,70,70,70,70,70,70,70,70,72,72,72,74,74,74,74,74,76,76,76,78,80,80,82,82,82,82,82,82,84,84,84,84,84,84,84,84,84,93,95,95,95,97,97,97,97,97,97,97],"relics":["Ring of the Snake","Whetstone","Thread and Needle","Ancient Tea Set","Singing Bowl","Black Star","Tiny Chest","Juzu Bracelet","Omamori","Dream Catcher","War Paint","Art of War","Cursed Key","Vajra","Strawberry","Regal Pillow","Bronze Scales","Blood Vial","Lantern","Snake Skull","Bag of Preparation","Red Mask"],"card_choices":[{"not_picked":["Dagger Throw","Bane"],"picked":"Malaise","floor":1.0},{"not_picked":["Acrobatics","Blur"],"picked":"Caltrops","floor":4.0},{"not_picked":["Blur","Blade Dance"],"picked":"Footwork","floor":7.0},{"not_picked":["Escape Plan","Blade Dance"],"picked":"Caltrops","floor":12.0},{"not_picked":["Venomology","Phantasmal Killer"],"picked":"After Image","floor":16.0},{"not_picked":["Masterful Stab","Acrobatics"],"picked":"Footwork","floor":18.0},{"not_picked":["Corpse Explosion","A Thousand Cuts"],"picked":"Adrenaline","floor":33.0},{"not_picked":["Bane","Sucker Punch"],"picked":"Blur","floor":35.0},{"not_picked":["Deadly Poison","Choke"],"picked":"Expertise","floor":38.0}],"player_experience":1754265,"potions_floor_usage":[50,50,50],"damage_taken":[{"damage":0.0,"enemies":"Cultist","floor":1.0,"turns":4.0},{"damage":0.0,"enemies":"2 Louse","floor":4.0,"turns":4.0},{"damage":0.0,"enemies":"Small Slimes","floor":5.0,"turns":4.0},{"damage":16.0,"enemies":"Gremlin Nob","floor":7.0,"turns":5.0},{"damage":0.0,"enemies":"Lagavulin","floor":11.0,"turns":8.0},{"damage":0.0,"enemies":"Exordium Thugs","floor":12.0,"turns":5.0},{"damage":0.0,"enemies":"Lots of Slimes","floor":14.0,"turns":4.0},{"damage":0.0,"enemies":"The Guardian","floor":16.0,"turns":10.0},{"damage":13.0,"enemies":"2 Thieves","floor":18.0,"turns":5.0},{"damage":0.0,"enemies":"Spheric Guardian","floor":19.0,"turns":6.0},{"damage":0.0,"enemies":"3 Cultists","floor":22.0,"turns":6.0},{"damage":0.0,"enemies":"Book of Stabbing","floor":23.0,"turns":7.0},{"damage":14.0,"enemies":"Slavers","floor":25.0,"turns":6.0},{"damage":2.0,"enemies":"Centurion and Healer","floor":31.0,"turns":8.0},{"damage":4.0,"enemies":"Collector","floor":33.0,"turns":13.0},{"damage":0.0,"enemies":"3 Shapes","floor":35.0,"turns":6.0},{"damage":0.0,"enemies":"3 Darklings","floor":38.0,"turns":7.0},{"damage":0.0,"enemies":"Nemesis","floor":40.0,"turns":13.0},{"damage":0.0,"enemies":"Maw","floor":41.0,"turns":11.0},{"damage":0.0,"enemies":"Giant Head","floor":44.0,"turns":14.0},{"damage":0,"enemies":"Time Eater","floor":50,"turns":11}],"event_choices":[{"event_name":"Accursed Blacksmith","player_choice":"Forge","floor":2.0,"damage_taken":0.0},{"event_name":"Dead Adventurer","player_choice":"Searched \u00271\u0027 times","floor":10.0,"damage_taken":0.0},{"event_name":"Addict","player_choice":"Obtained Relic","floor":21.0,"damage_taken":0.0},{"event_name":"Cursed Tome","player_choice":"Ignored","floor":24.0,"damage_taken":0.0},{"event_name":"Golden Shrine","player_choice":"Desecrate","floor":29.0,"damage_taken":0.0},{"event_name":"The Joust","player_choice":"Bet on Owner","floor":30.0,"damage_taken":0.0},{"event_name":"Bonfire Elementals","player_choice":"BASIC","floor":36.0,"damage_taken":0.0},{"event_name":"Winding Halls","player_choice":"Writhe","floor":37.0,"damage_taken":0.0},{"event_name":"Tomb of Lord Red Mask","player_choice":"Paid","floor":48.0,"damage_taken":0.0}],"boss_relics":[],"potions_floor_spawned":[4,7,11,19,31,33,35,38],"seed_played":"-5334826319823822559","ascension_level":0,"is_trial":false}