{"path_per_floor":["M","?","M","$","M","R","?","$","T","M","M","R","E","M","R","B",null,"M","M","M","M","M","?","?","R","T","$","?","R","M","E","R","B",null,"M","?","M","M","$","R","E","?","T","R","$","T","?","M","R","B"],"character_chosen":"THE_SILENT","items_purchased":["Shuriken","Accuracy","Ornamental Fan","Infinite Blades","Caltrops"],"gold_per_floor":[211,286,296,56,73,73,73,73,73,87,104,104,135,155,155,258,258,278,298,318,335,347,347,347,347,371,5,5,5,24,55,55,150,150,163,163,183,199,23,23,48,48,48,48,12,12,12,28,28,28],"floor_reached":51,"campfire_rested":2,"playtime":2623,"current_hp_per_floor":[70,59,59,59,59,59,64,64,64,64,64,64,35,23,45,40,75,74,73,73,70,68,68,68,68,75,75,75,75,63,63,63,63,82,77,77,77,71,71,71,59,80,80,80,80,80,70,69,82,45],"items_purged":["Strike_G","Strike_G"],"gold":28,"score":797,"play_id":"af61a332-a54b-4992-bc94-2abbc4319d05","local_time":"20180410223542","is_prod":false,"is_daily":false,"is_ascension_mode":false,"campfire_upgraded":7,"timestamp":1523392542,"path_taken":["M","?","M","$","M","R","?","$","T","M","?","R","E","M","R","BOSS","M","M","?","?","?","?","?","R","T","$","?","R","M","E","R","BOSS","M","?","M","?","?","R","E","?","T","R","$","?","?","M","R","BOSS"],"build_version":"2018-04-05v2","purchased_purges":2,"victory":true,"master_deck":["Defend_G+1","Defend_G+1","Defend_G+1","Defend_G+1","Strike_G+1","Strike_G+1","Strike_G+1","Survivor+1","Neutralize+1","Cloak And Dagger+1","Well Laid Plans+1","Infinite Blades","Infinite Blades","Backflip+1","Glass Knife+1","Leg Sweep+1","Backflip","Accuracy+1","Slice+1","Cloak And Dagger+1","Finisher+1","Accuracy+1","Infinite Blades","Footwork+1","Writhe","Caltrops","Finesse","Dark Shackles","Malaise+1"],"max_hp_per_floor":[70,70,70,70,70,70,75,75,75,75,75,75,75,75,75,75,75,75,75,75,75,75,75,75,75,82,82,82,82,82,82,82,82,82,82,82,82,82,82,82,82,82,82,82,82,82,82,82,82,82],"relics":["Ring of the Snake","Shuriken","Paper Crane","Philosopher\u0027s Stone","Strawberry","Ornamental Fan","Orichalcum","Sozu","Mummified Hand","Letter Opener","War Paint"],"card_choices":[{"not_picked":["Poisoned Stab","Infinite Blades"],"picked":"Cloak And Dagger","floor":3.0},{"not_picked":["Underhanded Strike","Bane"],"picked":"Well Laid Plans","floor":5.0},{"not_picked":["Outmaneuver","Distraction"],"picked":"Infinite Blades","floor":10.0},{"not_picked":["Catalyst","Dagger Spray"],"picked":"Infinite Blades","floor":13.0},{"not_picked":["Poisoned Stab","Riddle With Holes"],"picked":"Backflip","floor":14.0},{"not_picked":["Wraith Form","Die Die Die"],"picked":"Glass Knife","floor":16.0},{"not_picked":["Calculated Gamble","Expertise"],"picked":"Leg Sweep","floor":18.0},{"not_picked":["PiercingWail","Flying Knee"],"picked":"Backflip","floor":19.0},{"not_picked":["Bane","Dagger Spray"],"picked":"Slice","floor":30.0},{"not_picked":["Dagger Spray","Quick Slash"],"picked":"Cloak And Dagger","floor":31.0},{"not_picked":["Underhanded Strike","Backflip"],"picked":"Finisher","floor":35.0},{"not_picked":["Concentrate","Deadly Poison"],"picked":"Accuracy","floor":37.0},{"not_picked":["Dagger Throw","Phantasmal Killer"],"picked":"Footwork","floor":41},{"not_picked":["Thinking Ahead","Deep Breath"],"picked":"Finesse","floor":47},{"not_picked":["Trip","Bandage Up"],"picked":"Dark Shackles","floor":47},{"not_picked":["Caltrops","Sucker Punch"],"picked":"Malaise","floor":48}],"player_experience":1714752,"potions_floor_usage":[41,50],"damage_taken":[{"damage":0.0,"enemies":"Jaw Worm","floor":1.0,"turns":5.0},{"damage":0.0,"enemies":"2 Louse","floor":3.0,"turns":2.0},{"damage":0.0,"enemies":"Small Slimes","floor":5.0,"turns":4.0},{"damage":0.0,"enemies":"Red Slaver","floor":10.0,"turns":5.0},{"damage":0.0,"enemies":"Gremlin Gang","floor":11.0,"turns":4.0},{"damage":29.0,"enemies":"Gremlin Nob","floor":13.0,"turns":5.0},{"damage":12.0,"enemies":"Lots of Slimes","floor":14.0,"turns":5.0},{"damage":5.0,"enemies":"Hexaghost","floor":16.0,"turns":9.0},{"damage":1.0,"enemies":"Shell Parasite","floor":18.0,"turns":5.0},{"damage":1.0,"enemies":"3 Byrds","floor":19.0,"turns":6.0},{"damage":0.0,"enemies":"Centurion and Healer","floor":20.0,"turns":5.0},{"damage":3.0,"enemies":"3 Cultists","floor":21.0,"turns":6.0},{"damage":2.0,"enemies":"Snake Plant","floor":22.0,"turns":6.0},{"damage":21.0,"enemies":"Slaver and Parasite","floor":30.0,"turns":5.0},{"damage":0.0,"enemies":"Gremlin Leader","floor":31.0,"turns":6.0},{"damage":0.0,"enemies":"Champ","floor":33.0,"turns":9.0},{"damage":5.0,"enemies":"3 Darklings","floor":35.0,"turns":4.0},{"damage":0.0,"enemies":"3 Shapes","floor":37.0,"turns":5.0},{"damage":6.0,"enemies":"Sphere and 2 Shapes","floor":38.0,"turns":4.0},{"damage":12,"enemies":"Nemesis","floor":41,"turns":5},{"damage":1,"enemies":"Maw","floor":48,"turns":5},{"damage":37,"enemies":"Donu and Deca","floor":50,"turns":7}],"event_choices":[{"event_name":"World of Goop","player_choice":"Gather Gold","floor":2.0,"damage_taken":0.0},{"event_name":"Big Fish","player_choice":"Donut","floor":7.0,"damage_taken":0.0},{"event_name":"The Mausoleum","player_choice":"No","floor":23.0,"damage_taken":0.0},{"event_name":"Back to Basics","player_choice":"Simplicity","floor":24.0,"damage_taken":0.0},{"event_name":"Beggar","player_choice":"Ignored","floor":28.0,"damage_taken":0.0},{"event_name":"Winding Halls","player_choice":"Writhe","floor":42,"damage_taken":0},{"event_name":"SensoryStone","player_choice":"Memory 3","floor":47,"damage_taken":0}],"boss_relics":[],"potions_floor_spawned":[1,3,10,14,16,19,22,31,37,41],"seed_played":"-421016668058539836","ascension_level":0,"is_trial":false}