{"path_per_floor":["M","?","?","$","M","R","E","$","T","R","$","?","?","M","R","B",null,"M","?","M"],"character_chosen":"IRONCLAD","items_purchased":["Dropkick","Flex","Panacea","Feel No Pain"],"gold_per_floor":[118,68,143,65,75,75,134,22,75,75,36,36,36,56,56,182,220,238,238,263,263],"floor_reached":21,"campfire_rested":1,"playtime":1597,"current_hp_per_floor":[73,73,62,62,54,54,50,50,50,50,50,30,30,26,50,9,85,61,61,18,0],"items_purged":[],"gold":263,"score":175,"play_id":"d5b380a2-b06b-4fb6-bd2b-c4800fd1e4ec","local_time":"20180330152550","is_prod":false,"is_daily":false,"is_ascension_mode":false,"campfire_upgraded":2,"timestamp":1522437950,"path_taken":["M","?","?","$","?","R","E","?","T","R","$","?","?","?","R","BOSS","M","?","?","M"],"build_version":"2018-03-29v2","purchased_purges":0,"victory":false,"master_deck":["Strike_R+1","Strike_R","Strike_R+1","Strike_R","Defend_R","Defend_R","Defend_R","Defend_R","Bash","Shrug It Off+1","Dropkick+1","Anger","Feel No Pain","Flex+1","Panacea+1","Feel No Pain","Carnage","Offering","Armaments","Heavy Blade","Thunderclap","Anger"],"max_hp_per_floor":[80,80,80,80,80,80,80,80,80,80,80,80,80,80,80,80,85,85,85,85,85],"relics":["Runic Pyramid","Tiny Chest","Whetstone","Golden Idol","Tiny House"],"card_choices":[{"not_picked":["Body Slam","Rampage"],"picked":"Shrug It Off","floor":1},{"not_picked":["Burning Pact","Blood for Blood"],"picked":"Anger","floor":5},{"not_picked":["Second Wind","Body Slam"],"picked":"Feel No Pain","floor":7},{"not_picked":["Whirlwind","Clothesline"],"picked":"Carnage","floor":14},{"not_picked":["Demon Form","Double Tap"],"picked":"Offering","floor":16},{"not_picked":["Body Slam","Whirlwind"],"picked":"Armaments","floor":17},{"not_picked":["Disarm","Iron Wave"],"picked":"Heavy Blade","floor":18},{"not_picked":["Clothesline","True Grit"],"picked":"Anger","floor":20}],"player_experience":34939,"potions_floor_usage":[7,16,18],"damage_taken":[{"damage":7,"enemies":"Small Slimes","floor":1,"turns":4},{"damage":8,"enemies":"Jaw Worm","floor":5,"turns":4},{"damage":4,"enemies":"Lagavulin","floor":7,"turns":8},{"damage":4,"enemies":"Cultist","floor":14,"turns":4},{"damage":41,"enemies":"The Guardian","floor":16,"turns":13},{"damage":24,"enemies":"Spheric Guardian","floor":18,"turns":5},{"damage":43,"enemies":"3 Byrds","floor":20,"turns":8},{"damage":19,"enemies":"Centurion and Healer","floor":21,"turns":1}],"event_choices":[{"event_name":"The Cleric","player_choice":"Card Removal","floor":2,"damage_taken":0},{"event_name":"World of Goop","player_choice":"Gather Gold","floor":3,"damage_taken":0},{"event_name":"Golden Idol","player_choice":"Take Damage","floor":12,"damage_taken":0},{"event_name":"Living Wall","player_choice":"Grow","floor":13,"damage_taken":0},{"event_name":"The Library","player_choice":"Read","floor":19,"damage_taken":0}],"boss_relics":[{"not_picked":["Ectoplasm","Runic Cube"],"picked":"Tiny House"}],"potions_floor_spawned":[5,14,16],"seed_played":"3021585802742273798","killed_by":"Centurion and Healer","ascension_level":0,"is_trial":false}