{"path_per_floor":["M","M","?","$","M","E","?","R","T","$","E","$","?","M","R"],"character_chosen":"IRONCLAD","items_purchased":["Heavy Blade"],"gold_per_floor":[114,129,79,79,91,116,176,176,176,176,208,183,183,201,201,201],"floor_reached":16,"campfire_rested":2,"playtime":1476,"current_hp_per_floor":[80,80,80,80,80,72,47,71,71,71,61,61,49,55,79,0],"items_purged":[],"gold":201,"score":108,"play_id":"edff4f1d-cea2-4a86-a01e-7739b938cab7","local_time":"20180402192500","is_prod":false,"is_daily":false,"is_ascension_mode":false,"campfire_upgraded":0,"timestamp":1522711500,"path_taken":["M","M","?","$","M","E","?","R","T","?","E","$","?","?","R","BOSS"],"build_version":"2018-03-29v2","purchased_purges":0,"victory":false,"master_deck":["Strike_R","Strike_R","Strike_R","Strike_R","Defend_R","Defend_R","Defend_R","Defend_R","Bash","Shrug It Off","Shrug It Off","Pommel Strike","Iron Wave","Metallicize","Seeing Red","Heavy Blade","Flex"],"max_hp_per_floor":[80,80,80,80,80,80,80,80,80,80,80,80,80,80,80,80],"relics":["Burning Blood","Question Card","Dream Catcher","Champion Belt","Thread and Needle","Oddly Smooth Stone"],"card_choices":[{"not_picked":["Armaments","True Grit"],"picked":"Shrug It Off","floor":1},{"not_picked":["Anger","Cleave"],"picked":"Shrug It Off","floor":2},{"not_picked":["Reaper","Sever Soul"],"picked":"Pommel Strike","floor":5},{"not_picked":["Ghostly Armor","Twin Strike"],"picked":"Iron Wave","floor":6},{"not_picked":["Carnage","Headbutt","Fire Breathing"],"picked":"Metallicize","floor":7},{"not_picked":["Twin Strike","Perfected Strike","Anger"],"picked":"Seeing Red","floor":8},{"not_picked":["Heavy Blade","Reaper","Havoc"],"picked":"Flex","floor":15}],"player_experience":109250,"potions_floor_usage":[6,11,16],"damage_taken":[{"damage":0,"enemies":"2 Louse","floor":1,"turns":3},{"damage":3,"enemies":"Jaw Worm","floor":2,"turns":5},{"damage":2,"enemies":"Small Slimes","floor":5,"turns":6},{"damage":14,"enemies":"3 Sentries","floor":6,"turns":13},{"damage":31,"enemies":"Gremlin Nob","floor":7,"turns":5},{"damage":16,"enemies":"Gremlin Nob","floor":11,"turns":4},{"damage":0,"enemies":"Looter","floor":14,"turns":3},{"damage":97,"enemies":"Hexaghost","floor":16,"turns":16}],"event_choices":[{"event_name":"The Cleric","player_choice":"Card Removal","floor":3,"damage_taken":0},{"event_name":"Dead Adventurer","player_choice":"Searched \u00271\u0027 times","floor":7,"damage_taken":0},{"event_name":"Scrap Ooze","player_choice":"success","floor":13,"damage_taken":12}],"boss_relics":[],"potions_floor_spawned":[5,7,7],"seed_played":"-6570048693685865863","killed_by":"Hexaghost","ascension_level":0,"is_trial":false}