{"path_per_floor":["M","?","?","M","T","E","M","R","T","E","M","M","$","M","R","B",null,"M","?","M","M","M","E","R","M","T","R","T","M","?","E","R","B",null,"M","M","M","?","M","R","?","?","T","E","R","$","M","$","R","B"],"character_chosen":"IRONCLAD","items_purchased":["Dramatic Entrance","Feed","Shrug It Off","Pear","Dexterity Potion","Dexterity Potion","Flash of Steel"],"gold_per_floor":[117,117,67,83,106,135,148,148,174,203,220,240,32,50,50,149,149,161,161,172,186,206,236,236,250,273,273,273,286,186,221,221,325,355,368,386,401,401,421,421,421,421,421,453,453,205,216,21,21,21],"floor_reached":51,"campfire_rested":3,"playtime":5805,"current_hp_per_floor":[73,57,57,54,54,16,16,55,55,32,32,23,23,32,71,31,86,74,62,65,50,58,72,80,81,81,83,83,82,82,74,84,44,94,97,79,59,59,62,97,85,85,85,84,97,107,99,99,110,71],"items_purged":[],"gold":21,"score":780,"play_id":"6f4c26bf-0718-474e-8827-09b5e4ff26ca","local_time":"20180330170446","is_prod":false,"is_daily":false,"is_ascension_mode":false,"campfire_upgraded":5,"timestamp":1522443886,"path_taken":["M","?","?","M","?","E","M","R","T","E","M","M","?","?","R","BOSS","M","?","M","?","?","E","R","M","T","R","?","M","?","E","R","BOSS","M","?","M","?","M","R","?","?","T","E","R","$","M","$","R","BOSS"],"build_version":"2018-03-29v2","purchased_purges":1,"victory":true,"master_deck":["Defend_R+1","Defend_R+1","Defend_R","Bash+1","Heavy Blade","Battle Trance","Rage+1","Anger+1","Intimidate","Dramatic Entrance","Feed","Shrug It Off","Impervious","Feed","Seeing Red+1","Bite","Bite","Bite","Bite","Bite","Offering+1","Iron Wave+1","Metallicize+1","Flex+1","Shrug It Off+1","J.A.X.+1","Fire Breathing+1","Demon Form","Pommel Strike+1","Whirlwind","Twin Strike+1","Twin Strike+1","Feel No Pain","Madness+1","Madness+1","Sadistic Nature","Seeing Red+1","Intimidate","Flash of Steel"],"max_hp_per_floor":[80,80,80,80,80,80,80,80,80,80,80,80,80,83,83,86,86,89,62,65,68,74,80,80,83,83,83,83,86,86,86,86,89,94,97,97,97,97,97,97,97,97,97,97,97,107,110,110,110,113],"relics":["Black Star","War Paint","Pen Nib","Regal Pillow","Vajra","Anchor","Bag of Preparation","Eternal Feather","Du-Vu Doll","Thread and Needle","Oddly Smooth Stone","Ginger","Bird Faced Urn","Unceasing Top","Tiny House","Ornamental Fan","Bottled Flame","Smiling Mask","Pear"],"card_choices":[{"not_picked":["Clothesline","Clash"],"picked":"Heavy Blade","floor":4.0},{"not_picked":["Juggernaut","Combust"],"picked":"Battle Trance","floor":6.0},{"not_picked":["Rampage","Burning Pact"],"picked":"Rage","floor":7.0},{"not_picked":["Sever Soul","Iron Wave"],"picked":"Anger","floor":10.0},{"not_picked":["Sever Soul","Cleave"],"picked":"Intimidate","floor":12.0},{"not_picked":["Spot Weakness","Whirlwind"],"picked":"Impervious","floor":14.0},{"not_picked":["Double Tap","Limit Break"],"picked":"Feed","floor":16.0},{"not_picked":["Thunderclap","Iron Wave"],"picked":"Seeing Red","floor":18.0},{"not_picked":["Cleave","Twin Strike"],"picked":"Offering","floor":20.0},{"not_picked":["Headbutt","Thunderclap"],"picked":"Iron Wave","floor":21.0},{"not_picked":["Shrug It Off","Heavy Blade"],"picked":"Metallicize","floor":22.0},{"not_picked":["Combust","Armaments"],"picked":"Flex","floor":23.0},{"not_picked":["Sword Boomerang","Twin Strike"],"picked":"Shrug It Off","floor":29},{"not_picked":["Carnage","Iron Wave"],"picked":"Fire Breathing","floor":31},{"not_picked":["Impervious","Fiend Fire"],"picked":"Demon Form","floor":33},{"not_picked":["Warcry","Sword Boomerang"],"picked":"Pommel Strike","floor":34},{"not_picked":["Shrug It Off","Dropkick"],"picked":"Whirlwind","floor":35},{"not_picked":["Disarm","Flex"],"picked":"Twin Strike","floor":36},{"not_picked":["Disarm","Power Through"],"picked":"Twin Strike","floor":37},{"not_picked":["Iron Wave","Perfected Strike"],"picked":"Feel No Pain","floor":39},{"not_picked":["Deep Breath","Thinking Ahead"],"picked":"Sadistic Nature","floor":42},{"not_picked":["Pommel Strike","Blood for Blood"],"picked":"Seeing Red","floor":44},{"not_picked":["Twin Strike","Headbutt"],"picked":"Intimidate","floor":47}],"player_experience":36536,"potions_floor_usage":[33,33,36,44,44,50,50,50],"damage_taken":[{"damage":7.0,"enemies":"Small Slimes","floor":1.0,"turns":3.0},{"damage":3.0,"enemies":"Jaw Worm","floor":4.0,"turns":5.0},{"damage":38.0,"enemies":"Lagavulin","floor":6.0,"turns":9.0},{"damage":0.0,"enemies":"2 Louse","floor":7.0,"turns":3.0},{"damage":23.0,"enemies":"Gremlin Nob","floor":10.0,"turns":4.0},{"damage":0.0,"enemies":"2 Fungi Beasts","floor":11.0,"turns":3.0},{"damage":9.0,"enemies":"Gremlin Gang","floor":12.0,"turns":5.0},{"damage":0.0,"enemies":"Blue Slaver","floor":14.0,"turns":3.0},{"damage":43.0,"enemies":"The Guardian","floor":16.0,"turns":13.0},{"damage":15.0,"enemies":"Spheric Guardian","floor":18.0,"turns":7.0},{"damage":4.0,"enemies":"Shell Parasite","floor":20.0,"turns":7.0},{"damage":22.0,"enemies":"Snake Plant","floor":21.0,"turns":7.0},{"damage":4.0,"enemies":"3 Cultists","floor":22.0,"turns":4.0},{"damage":6.0,"enemies":"Slavers","floor":23.0,"turns":7.0},{"damage":4.0,"enemies":"Snecko","floor":25.0,"turns":2.0},{"damage":4,"enemies":"Snake Plant","floor":29,"turns":2},{"damage":16,"enemies":"Book of Stabbing","floor":31,"turns":5},{"damage":73,"enemies":"Collector","floor":33,"turns":10},{"damage":4,"enemies":"Orb Walker","floor":35,"turns":4},{"damage":18,"enemies":"3 Shapes","floor":36,"turns":2},{"damage":28,"enemies":"3 Darklings","floor":37,"turns":3},{"damage":7,"enemies":"Maw","floor":39,"turns":4},{"damage":19,"enemies":"Nemesis","floor":44,"turns":5},{"damage":15,"enemies":"Sphere and 2 Shapes","floor":47,"turns":4},{"damage":56,"enemies":"Awakened One","floor":50,"turns":10}],"event_choices":[{"event_name":"Shining Light","player_choice":"Entered Light","floor":2.0,"damage_taken":0.0},{"event_name":"The Cleric","player_choice":"Card Removal","floor":3.0,"damage_taken":0.0},{"event_name":"Vampires","player_choice":"Became a vampire","floor":19.0,"damage_taken":0.0},{"event_name":"Drug Dealer","player_choice":"Got JAXXED","floor":30,"damage_taken":0},{"event_name":"Mysterious Sphere","player_choice":"Ignore","floor":38,"damage_taken":0},{"event_name":"Winding Halls","player_choice":"Embrace Madness","floor":41,"damage_taken":0},{"event_name":"SensoryStone","player_choice":"Memory 1","floor":42,"damage_taken":0}],"boss_relics":[{"not_picked":["Sozu","Orrery"],"picked":"Tiny House"}],"potions_floor_spawned":[1,6,10,14,16,20,21,29,33,35,47],"seed_played":"7325005128364344301","ascension_level":0,"is_trial":false}