{"path_per_floor":["M","?","M","?","$","M","M","M","T","$","R","E","$","E","R","B",null,"M","$","?","?","M","R","M","R","T","?","M","R"],"character_chosen":"IRONCLAD","items_purchased":["Shrug It Off","Heavy Blade","Block Potion"],"gold_per_floor":[112,187,201,201,102,122,134,146,146,0,0,55,3,28,28,123,123,141,16,16,16,33,33,48,48,71,71,87,87,87],"floor_reached":30,"campfire_rested":3,"playtime":2414,"current_hp_per_floor":[96,85,86,74,74,78,67,72,72,72,72,45,45,35,63,24,96,49,49,49,49,15,58,58,96,96,96,68,68,0],"items_purged":["Clumsy","Strike_R","Writhe"],"gold":87,"score":263,"play_id":"62bad4b3-50fd-4218-b253-570864ed0385","local_time":"20180402003053","is_prod":false,"is_daily":false,"is_ascension_mode":false,"campfire_upgraded":2,"timestamp":1522643453,"path_taken":["M","?","M","?","$","M","M","M","T","?","R","E","$","E","R","BOSS","M","$","?","?","M","R","M","R","T","?","M","R","E"],"build_version":"2018-03-29v2","purchased_purges":4,"victory":false,"master_deck":["Strike_R+1","Strike_R+1","Strike_R+1","Strike_R+1","Defend_R+1","Defend_R+1","Defend_R+1","Defend_R+1","Bash","Demon Form+1","Infernal Blade","Shrug It Off","Shrug It Off","Rupture","Seeing Red","Heavy Blade","Cleave","Battle Trance","Impervious","Clumsy","Clumsy","Shrug It Off","Flex+1","Heavy Blade"],"max_hp_per_floor":[96,96,96,96,96,96,96,96,96,96,96,96,96,96,96,96,96,96,96,96,96,96,96,96,96,96,96,96,96,96],"relics":["Burning Blood","Peace Pipe","Oddly Smooth Stone","Tiny Chest","Lantern","Calling Bell","Question Card","Juzu Bracelet","Regal Pillow","Vajra"],"card_choices":[{"not_picked":["Fire Breathing","Body Slam"],"picked":"Demon Form","floor":1},{"not_picked":["Headbutt","Clothesline"],"picked":"Infernal Blade","floor":3},{"not_picked":["Rampage","Cleave"],"picked":"Shrug It Off","floor":6},{"not_picked":["Corruption","Perfected Strike"],"picked":"Rupture","floor":7},{"not_picked":["Clash","Sever Soul"],"picked":"Seeing Red","floor":8},{"not_picked":["Sword Boomerang","Pommel Strike"],"picked":"Cleave","floor":12},{"not_picked":["Flame Barrier","Clash"],"picked":"Battle Trance","floor":14},{"not_picked":["Dark Embrace","Juggernaut"],"picked":"Impervious","floor":16},{"not_picked":["Demon Form","Pommel Strike","Anger"],"picked":"Shrug It Off","floor":22},{"not_picked":["Thunderclap","Flame Barrier","Rampage"],"picked":"Flex","floor":24},{"not_picked":["Reckless Charge","Headbutt","Wild Strike"],"picked":"Heavy Blade","floor":28}],"player_experience":92825,"potions_floor_usage":[12,14,16,16,16,30],"damage_taken":[{"damage":1,"enemies":"Jaw Worm","floor":1,"turns":5},{"damage":5,"enemies":"Small Slimes","floor":3,"turns":4},{"damage":2,"enemies":"2 Louse","floor":6,"turns":3},{"damage":17,"enemies":"Looter","floor":7,"turns":5},{"damage":1,"enemies":"Large Slime","floor":8,"turns":6},{"damage":33,"enemies":"Gremlin Nob","floor":12,"turns":5},{"damage":16,"enemies":"Lagavulin","floor":14,"turns":9},{"damage":45,"enemies":"Hexaghost","floor":16,"turns":9},{"damage":53,"enemies":"Shell Parasite","floor":18,"turns":14},{"damage":40,"enemies":"Spheric Guardian","floor":22,"turns":9},{"damage":6,"enemies":"Centurion and Healer","floor":24,"turns":6},{"damage":34,"enemies":"Slaver and Parasite","floor":28,"turns":10},{"damage":69,"enemies":"Book of Stabbing","floor":30,"turns":9}],"event_choices":[{"event_name":"World of Goop","player_choice":"Gather Gold","floor":2,"damage_taken":0},{"event_name":"Scrap Ooze","player_choice":"success","floor":4,"damage_taken":12},{"event_name":"Ghosts","player_choice":"Ignored","floor":20,"damage_taken":0},{"event_name":"Back to Basics","player_choice":"Simplicity","floor":21,"damage_taken":0},{"event_name":"Addict","player_choice":"Ignored","floor":27,"damage_taken":0}],"boss_relics":[{"not_picked":["Philosopher\u0027s Stone","Mark of Pain"],"picked":"Calling Bell"}],"potions_floor_spawned":[1,3,12,14,28],"seed_played":"-6968798805466970066","killed_by":"Book of Stabbing","ascension_level":0,"is_trial":false}