{"path_per_floor":["M","?","M","$","M","R","M","M","T","R","?","M","E","M","R","B",null,"M","M","?","?","?","E","$","R","T","E","$","R","?","M","R","B",null,"M","?","?","$","M","M","R","$","T","$","E","M","R","M","R","B"],"character_chosen":"IRONCLAD","items_purchased":["Double Tap","Anger","Vajra","Whetstone","Clash"],"gold_per_floor":[110,360,372,184,194,194,210,226,251,251,251,270,301,319,319,424,424,439,459,459,374,374,409,17,17,44,76,29,29,29,43,43,145,145,157,0,0,0,16,32,32,32,32,32,66,77,77,91,91,91],"floor_reached":51,"campfire_rested":5,"playtime":2654,"current_hp_per_floor":[80,80,80,80,80,80,73,68,68,68,68,58,56,56,56,8,80,79,59,59,59,59,23,23,49,49,19,19,45,45,25,43,40,63,57,57,47,47,65,52,52,52,52,52,27,25,45,33,53,23],"items_purged":["Regret","Strike_R"],"gold":91,"score":741,"play_id":"26542e35-b361-460f-8a3a-e1b5c9839afd","local_time":"20180408125219","is_prod":false,"is_daily":false,"is_ascension_mode":false,"campfire_upgraded":4,"timestamp":1523206339,"path_taken":["M","?","M","$","M","R","?","M","T","R","?","?","E","M","R","BOSS","M","?","?","?","?","E","$","R","T","E","$","R","?","M","R","BOSS","M","?","?","$","?","M","R","?","T","$","E","M","R","M","R","BOSS"],"build_version":"2018-04-05v2","purchased_purges":2,"victory":true,"master_deck":["Defend_R","Defend_R","Defend_R","Bash","Inflame+1","Flex","Double Tap+1","Anger","Clash+1","Clash","Demon Form","Seeing Red+1","Iron Wave","Iron Wave","Dual Wield+1","Infernal Blade","Flex","Offering","Clash","Bite","Bite","Bite","Bite","Bite","Spot Weakness+1","Offering","Flex+1","Trip","Flash of Steel","Apotheosis+1","Spot Weakness+1","Battle Trance","Whirlwind+1"],"max_hp_per_floor":[80,80,80,80,80,80,80,80,80,80,80,80,80,80,80,80,80,80,80,80,80,80,87,87,87,87,87,87,87,60,63,63,63,63,63,63,63,63,65,67,67,67,67,67,67,67,67,69,69,69],"relics":["Burning Blood","Prayer Wheel","Omamori","Cursed Key","Anchor","Strawberry","Vajra","Whetstone","Singing Bowl","Mummified Hand","Sozu","Red Mask","Question Card","Bottled Tornado"],"card_choices":[{"not_picked":["Searing Blow","Armaments"],"picked":"Inflame","floor":1},{"not_picked":["Iron Wave","Anger"],"picked":"Flex","floor":3},{"not_picked":["Anger","Shrug It Off"],"picked":"Clash","floor":5},{"not_picked":["True Grit","Havoc"],"picked":"Clash","floor":7},{"not_picked":["Thunderclap","Clothesline"],"picked":"Demon Form","floor":8},{"not_picked":["Body Slam","True Grit"],"picked":"Seeing Red","floor":12},{"not_picked":["True Grit","Wild Strike"],"picked":"Iron Wave","floor":13},{"not_picked":["Whirlwind","Berserk"],"picked":"Iron Wave","floor":14},{"not_picked":["Havoc","Entrench"],"picked":"Dual Wield","floor":18},{"not_picked":["Havoc","True Grit"],"picked":"Infernal Blade","floor":23},{"not_picked":["Disarm","Thunderclap"],"picked":"Flex","floor":26},{"not_picked":["Dropkick","Armaments"],"picked":"Offering","floor":27},{"not_picked":["Burning Pact","Searing Blow"],"picked":"Spot Weakness","floor":31},{"not_picked":["Dark Embrace","Immolate"],"picked":"Offering","floor":33},{"not_picked":["Anger","Thunderclap"],"picked":"Flex","floor":35},{"not_picked":["Blind","Thinking Ahead"],"picked":"Trip","floor":37},{"not_picked":["Dark Shackles","Secret Technique"],"picked":"Flash of Steel","floor":37},{"not_picked":["Dark Shackles","Good Instincts"],"picked":"Apotheosis","floor":37},{"not_picked":["Twin Strike","Rampage"],"picked":"Spot Weakness","floor":43},{"not_picked":["Evolve","Body Slam","Rupture"],"picked":"Battle Trance","floor":45},{"not_picked":["Infernal Blade","Thunderclap","Pommel Strike"],"picked":"Whirlwind","floor":46}],"player_experience":155397,"potions_floor_usage":[14,18,27,27,31,50],"damage_taken":[{"damage":6,"enemies":"Cultist","floor":1,"turns":3},{"damage":2,"enemies":"Small Slimes","floor":3,"turns":3},{"damage":0,"enemies":"2 Louse","floor":5,"turns":3},{"damage":13,"enemies":"Red Slaver","floor":7,"turns":2},{"damage":11,"enemies":"Exordium Thugs","floor":8,"turns":4},{"damage":16,"enemies":"Lots of Slimes","floor":12,"turns":4},{"damage":8,"enemies":"Lagavulin","floor":13,"turns":5},{"damage":6,"enemies":"Exordium Wildlife","floor":14,"turns":3},{"damage":54,"enemies":"The Guardian","floor":16,"turns":6},{"damage":7,"enemies":"3 Byrds","floor":18,"turns":5},{"damage":26,"enemies":"2 Thieves","floor":19,"turns":4},{"damage":49,"enemies":"Slavers","floor":23,"turns":6},{"damage":36,"enemies":"Gremlin Leader","floor":27,"turns":5},{"damage":41,"enemies":"Cultist and Chosen","floor":31,"turns":4},{"damage":48,"enemies":"Collector","floor":33,"turns":6},{"damage":20,"enemies":"3 Shapes","floor":35,"turns":6},{"damage":0,"enemies":"Orb Walker","floor":39,"turns":2},{"damage":33,"enemies":"3 Darklings","floor":40,"turns":3},{"damage":44,"enemies":"2 Orb Walkers","floor":45,"turns":5},{"damage":18,"enemies":"4 Shapes","floor":46,"turns":3},{"damage":27,"enemies":"Sphere and 2 Shapes","floor":48,"turns":4},{"damage":52,"enemies":"Donu and Deca","floor":50,"turns":5}],"event_choices":[{"event_name":"Golden Shrine","player_choice":"Desecrate","floor":2,"damage_taken":0},{"event_name":"Purifier","player_choice":"One Purge","floor":11,"damage_taken":0},{"event_name":"Accursed Blacksmith","player_choice":"Forge","floor":20,"damage_taken":0},{"event_name":"Addict","player_choice":"Obtained Relic","floor":21,"damage_taken":0},{"event_name":"Back to Basics","player_choice":"Elegance","floor":22,"damage_taken":0},{"event_name":"Vampires","player_choice":"Became a vampire","floor":30,"damage_taken":0},{"event_name":"Tomb of Lord Red Mask","player_choice":"Paid","floor":36,"damage_taken":0},{"event_name":"SensoryStone","player_choice":"Memory 3","floor":37,"damage_taken":0}],"boss_relics":[{"not_picked":["Tiny House","Eternal Feather"],"picked":"Cursed Key"},{"not_picked":["Runic Cube","Velvet Choker"],"picked":"Sozu"}],"potions_floor_spawned":[1,3,5,8,12,23,27,33,40,45],"seed_played":"8841838646980684834","ascension_level":0,"is_trial":false}