{"path_per_floor":["M","?","?","M","$","E","M","R","T","?","R","M","M","E","R","B",null,"M","?","$","M","?","R","E","M","T","M","?","M","$","M","R","B",null,"M","?","?","?","M","$","R","M","T","E","R","M","M","M","R","B"],"character_chosen":"IRONCLAD","items_purchased":["Metallicize","Toxic Egg 2","Shrug It Off","Madness","Ancient Tea Set"],"gold_per_floor":[117,117,117,132,57,83,100,100,174,174,174,185,200,229,229,333,333,346,346,2,13,13,13,44,60,108,127,127,143,39,58,58,153,153,168,168,168,217,232,89,89,104,127,161,161,172,182,195,195,195],"floor_reached":51,"campfire_rested":1,"playtime":4084,"current_hp_per_floor":[80,62,62,68,68,46,46,80,80,80,80,80,80,55,55,23,80,66,66,66,65,65,65,53,55,55,61,71,77,77,72,72,52,90,89,89,79,65,73,73,73,81,81,90,90,89,90,90,90,50],"items_purged":["Strike_R"],"gold":195,"score":709,"play_id":"e21ffc64-82f3-4a16-b876-3a6e32a83c24","local_time":"20180415171656","is_prod":false,"is_daily":false,"chose_seed":false,"is_ascension_mode":false,"campfire_upgraded":7,"timestamp":1523827016,"path_taken":["M","?","?","M","$","E","M","R","T","?","R","M","M","E","R","BOSS","M","?","$","M","?","R","E","M","T","?","?","M","$","M","R","BOSS","M","?","?","?","M","?","R","M","T","E","R","M","?","M","R","BOSS"],"build_version":"2018-04-12","seed_source_timestamp":0,"purchased_purges":2,"victory":true,"master_deck":["Strike_R+1","Strike_R+1","Strike_R+1","Strike_R+1","Defend_R+1","Defend_R+1","Defend_R+1","Defend_R+1","Bash","Anger+1","Whirlwind+1","Entrench+1","Armaments+1","Anger+1","Barricade+1","Juggernaut+1","Inflame+1","Metallicize+1","Shrug It Off+1","Shrug It Off+1","Battle Trance+1","Shrug It Off+1","Iron Wave+1","Madness+1","Flex+1","Offering+1","Body Slam+1","Master of Strategy+1","Dramatic Entrance","Flash of Steel","Entrench+1","Fire Breathing+1","Anger"],"max_hp_per_floor":[80,80,80,80,80,80,80,80,80,80,80,80,80,80,80,80,80,80,80,80,80,80,80,80,80,80,80,90,90,90,90,90,90,90,90,90,90,90,90,90,90,90,90,90,90,90,90,90,90,90],"relics":["Burning Blood","Regal Pillow","Omamori","Meat on the Bone","Whetstone","Philosopher\u0027s Stone","Toxic Egg 2","Anchor","Art of War","Pear","Cursed Key","Bird Faced Urn","Ancient Tea Set","Bronze Scales","Question Card"],"card_choices":[{"not_picked":["Clothesline","Corruption"],"picked":"Anger","floor":1.0},{"not_picked":["Cleave","Burning Pact"],"picked":"Whirlwind","floor":4.0},{"not_picked":["Disarm","Sentinel"],"picked":"Entrench","floor":6.0},{"not_picked":["Perfected Strike","Iron Wave"],"picked":"Armaments","floor":7.0},{"not_picked":["Cleave","Headbutt"],"picked":"Anger","floor":12.0},{"not_picked":["Pummel","Iron Wave"],"picked":"Barricade","floor":14.0},{"not_picked":["Berserk","Fiend Fire"],"picked":"Juggernaut","floor":16.0},{"not_picked":["Heavy Blade","True Grit"],"picked":"Inflame","floor":18.0},{"not_picked":["Twin Strike","Headbutt"],"picked":"Shrug It Off","floor":21.0},{"not_picked":["Bloodletting","Brutality"],"picked":"Battle Trance","floor":25.0},{"not_picked":["Havoc","Anger"],"picked":"Shrug It Off","floor":27.0},{"not_picked":["Havoc","Heavy Blade"],"picked":"Iron Wave","floor":29.0},{"not_picked":["Sentinel","Clash"],"picked":"Flex","floor":31.0},{"not_picked":["Limit Break","Juggernaut"],"picked":"Offering","floor":33.0},{"not_picked":["True Grit","Shockwave"],"picked":"Body Slam","floor":35.0},{"not_picked":["Deep Breath","Purity"],"picked":"Master of Strategy","floor":37.0},{"not_picked":["Transmutation","Swift Strike"],"picked":"Dramatic Entrance","floor":37.0},{"not_picked":["Deep Breath","Dark Shackles"],"picked":"Flash of Steel","floor":37.0},{"not_picked":["Searing Blow","Havoc"],"picked":"Entrench","floor":42},{"not_picked":["Heavy Blade","Second Wind","Sword Boomerang"],"picked":"Fire Breathing","floor":47},{"not_picked":["Twin Strike","Havoc","True Grit"],"picked":"Anger","floor":48}],"player_experience":183470,"potions_floor_usage":[46,47,50,50],"damage_taken":[{"damage":0.0,"enemies":"2 Louse","floor":1.0,"turns":3.0},{"damage":0.0,"enemies":"Small Slimes","floor":4.0,"turns":3.0},{"damage":28.0,"enemies":"Gremlin Nob","floor":6.0,"turns":5.0},{"damage":6.0,"enemies":"Jaw Worm","floor":7.0,"turns":3.0},{"damage":0.0,"enemies":"3 Louse","floor":12.0,"turns":1.0},{"damage":0.0,"enemies":"Gremlin Gang","floor":13.0,"turns":1.0},{"damage":31.0,"enemies":"Lagavulin","floor":14.0,"turns":8.0},{"damage":62.0,"enemies":"Hexaghost","floor":16.0,"turns":16.0},{"damage":20.0,"enemies":"2 Thieves","floor":18.0,"turns":3.0},{"damage":7.0,"enemies":"Shell Parasite","floor":21.0,"turns":6.0},{"damage":30.0,"enemies":"Slavers","floor":24.0,"turns":3.0},{"damage":16.0,"enemies":"3 Cultists","floor":25.0,"turns":4.0},{"damage":0.0,"enemies":"Sentry and Sphere","floor":27.0,"turns":21.0},{"damage":0.0,"enemies":"Centurion and Healer","floor":29.0,"turns":6.0},{"damage":11.0,"enemies":"Snake Plant","floor":31.0,"turns":4.0},{"damage":26.0,"enemies":"Collector","floor":33.0,"turns":11.0},{"damage":7.0,"enemies":"3 Darklings","floor":35.0,"turns":5.0},{"damage":20.0,"enemies":"Mysterious Sphere","floor":38.0,"turns":4.0},{"damage":4.0,"enemies":"3 Shapes","floor":39.0,"turns":3.0},{"damage":4,"enemies":"Maw","floor":42,"turns":6},{"damage":4,"enemies":"Giant Head","floor":44,"turns":7},{"damage":7,"enemies":"4 Shapes","floor":46,"turns":4},{"damage":4,"enemies":"3 Darklings","floor":47,"turns":2},{"damage":4,"enemies":"Maw","floor":48,"turns":6},{"damage":64,"enemies":"Awakened One","floor":50,"turns":10}],"event_choices":[{"event_name":"Scrap Ooze","player_choice":"success","floor":2.0,"damage_taken":18.0},{"event_name":"Living Wall","player_choice":"Grow","floor":3.0,"damage_taken":0.0},{"event_name":"Wheel of Change","player_choice":"Full Heal","floor":10.0,"damage_taken":0.0},{"event_name":"Ghosts","player_choice":"Ignored","floor":19.0,"damage_taken":0.0},{"event_name":"Back to Basics","player_choice":"Simplicity","floor":22.0,"damage_taken":0.0},{"event_name":"The Mausoleum","player_choice":"Yes","floor":28.0,"damage_taken":0.0},{"event_name":"SecretPortal","player_choice":"Rejected Portal.","floor":36.0,"damage_taken":0.0},{"event_name":"SensoryStone","player_choice":"Memory 3","floor":37.0,"damage_taken":0.0},{"event_name":"Mysterious Sphere","player_choice":"Fight","floor":38.0,"damage_taken":0.0}],"boss_relics":[],"potions_floor_spawned":[4,6,7,16,18,21,27,29,31,35,39,42,48],"seed_played":"-7141995405510843327","ascension_level":0,"is_trial":false}