{"path_per_floor":["M","M","M","M","?","R","M","?","T","$","M","?","R","M","R","B",null,"M","?","?","?","M","R","$","?","T","?","M","R","M"],"character_chosen":"IRONCLAD","items_purchased":["Feed","Bag of Preparation","Offering"],"gold_per_floor":[15,33,48,59,309,309,323,323,323,89,107,137,137,156,156,258,258,276,176,176,176,158,158,14,14,14,14,29,29,39,39],"floor_reached":31,"campfire_rested":1,"playtime":1781,"current_hp_per_floor":[80,71,69,57,57,57,47,47,47,47,44,44,44,48,48,13,92,58,58,106,106,75,75,75,75,75,75,42,75,34,0],"items_purged":[],"gold":39,"score":277,"play_id":"9be9ded5-dbf0-4c48-b46e-b138065ac091","local_time":"20180411133718","is_prod":false,"is_daily":false,"is_ascension_mode":false,"campfire_upgraded":4,"timestamp":1523468238,"path_taken":["M","M","M","M","?","R","M","?","T","$","?","?","R","M","R","BOSS","M","?","?","?","M","R","$","?","T","?","M","R","M","M"],"build_version":"2018-04-05v2","purchased_purges":0,"victory":false,"master_deck":["Strike_R+1","Strike_R+1","Strike_R+1","Defend_R+1","Defend_R+1","Defend_R+1","Defend_R+1","Bash","Metallicize","Sever Soul","Exhume+1","Clash","Anger","Second Wind+1","Feed+1","Entrench+1","Limit Break","Decay","Parasite","Injury","Whirlwind","J.A.X.+1","Offering","Entrench+1","Body Slam+1"],"max_hp_per_floor":[80,80,80,80,80,80,80,80,80,80,80,80,80,88,88,92,92,96,96,106,106,110,110,110,110,110,110,110,110,110,110],"relics":["Burning Blood","Bottled Lightning","Bag of Preparation","Juzu Bracelet","Calling Bell","Darkstone Periapt","War Paint","Mercury Hourglass","Bag of Marbles"],"card_choices":[{"not_picked":["Wild Strike","Heavy Blade"],"picked":"Exhume","floor":1},{"not_picked":["Warcry","Blood for Blood"],"picked":"Clash","floor":2},{"not_picked":["Burning Pact","Perfected Strike"],"picked":"Anger","floor":3},{"not_picked":["Searing Blow","Headbutt"],"picked":"Second Wind","floor":7},{"not_picked":["Twin Strike","True Grit"],"picked":"Limit Break","floor":11},{"not_picked":["Sword Boomerang","Sentinel"],"picked":"Entrench","floor":14},{"not_picked":["Double Tap","Fiend Fire"],"picked":"Limit Break","floor":16},{"not_picked":["Dual Wield","Evolve"],"picked":"Whirlwind","floor":18},{"not_picked":["Heavy Blade","Headbutt"],"picked":"Entrench","floor":28},{"not_picked":["Clash","Anger"],"picked":"Body Slam","floor":30}],"player_experience":177627,"potions_floor_usage":[4,16,28,28,28,31],"damage_taken":[{"damage":4,"enemies":"Small Slimes","floor":1,"turns":5},{"damage":15,"enemies":"Cultist","floor":2,"turns":4},{"damage":8,"enemies":"2 Louse","floor":3,"turns":3},{"damage":18,"enemies":"Exordium Thugs","floor":4,"turns":4},{"damage":16,"enemies":"2 Fungi Beasts","floor":7,"turns":4},{"damage":9,"enemies":"Blue Slaver","floor":11,"turns":3},{"damage":10,"enemies":"3 Louse","floor":14,"turns":2},{"damage":45,"enemies":"Slime Boss","floor":16,"turns":12},{"damage":44,"enemies":"Shell Parasite","floor":18,"turns":9},{"damage":41,"enemies":"2 Thieves","floor":22,"turns":4},{"damage":39,"enemies":"Cultist and Chosen","floor":28,"turns":7},{"damage":47,"enemies":"Snake Plant","floor":30,"turns":4},{"damage":34,"enemies":"Sentry and Sphere","floor":31,"turns":9}],"event_choices":[{"event_name":"Golden Shrine","player_choice":"Desecrate","floor":5,"damage_taken":0},{"event_name":"Living Wall","player_choice":"Forget","floor":8,"damage_taken":0},{"event_name":"Dead Adventurer","player_choice":"Searched \u00272\u0027 times","floor":12,"damage_taken":0},{"event_name":"Drug Dealer","player_choice":"Got JAXXED","floor":19,"damage_taken":0},{"event_name":"Bonfire Elementals","player_choice":"RARE","floor":20,"damage_taken":0},{"event_name":"Ghosts","player_choice":"Ignored","floor":21,"damage_taken":0},{"event_name":"The Lab","player_choice":"Got Potions","floor":25,"damage_taken":0},{"event_name":"Back to Basics","player_choice":"Simplicity","floor":27,"damage_taken":0}],"boss_relics":[{"not_picked":["Velvet Choker","Orrery"],"picked":"Calling Bell"}],"potions_floor_spawned":[3,7,11,30],"seed_played":"5018664834269105658","killed_by":"Sentry and Sphere","ascension_level":0,"is_trial":false}