{"path_per_floor":["M","M","?","?","M","R","M","R","T","$","E","$","M","E","R","B",null,"M","?","?","?","M","E","$","M","T","M","$","R","?","M","R","B",null,"M","?","M","?","M","R","?","M","T","$","M","R","M","M","R"],"character_chosen":"IRONCLAD","items_purchased":["Inflame","Inflame","Centennial Puzzle","Art of War","Frozen Egg 2"],"gold_per_floor":[216,236,236,236,250,250,263,263,263,107,148,48,62,95,95,225,225,244,244,244,144,160,200,124,147,173,193,68,68,68,93,93,221,259,283,616,636,636,654,654,654,667,667,23,36,36,52,66,66,66],"floor_reached":50,"campfire_rested":1,"playtime":2298,"current_hp_per_floor":[80,83,63,63,64,64,64,64,64,64,59,59,64,52,52,27,83,83,83,58,58,39,45,45,35,35,34,34,51,51,54,54,9,63,55,55,57,57,63,63,63,63,63,63,52,52,63,63,63,0],"items_purged":["Regret","Strike_R","Bash"],"gold":66,"score":552,"play_id":"ee814a3d-c6a3-48f7-9361-c9bf05837e92","local_time":"20180409105505","is_prod":false,"is_daily":false,"is_ascension_mode":false,"campfire_upgraded":4,"timestamp":1523285705,"path_taken":["M","M","?","?","?","R","M","R","T","$","E","$","M","E","R","BOSS","M","?","?","?","M","E","$","?","T","M","$","R","?","M","R","BOSS","M","?","M","?","M","R","?","M","T","$","M","R","M","M","R","BOSS"],"build_version":"2018-04-05v2","purchased_purges":5,"victory":false,"master_deck":["Defend_R","Defend_R","Defend_R","Defend_R","Infernal Blade+1","Infernal Blade+1","Infernal Blade+1","Inflame","Flex","Bite+1","Bite+1","Bite","Bite","Bite","J.A.X.","Intimidate","Inflame+1","Infernal Blade+1","Flex","Flex","Offering+1","Fire Breathing+1","Flex","Fire Breathing+1","Clash","Sword Boomerang+1","Flex+1","Fire Breathing+1","Rupture+1"],"max_hp_per_floor":[80,83,83,83,83,83,83,83,83,83,83,83,83,83,83,83,83,83,83,58,58,58,58,58,58,58,58,58,58,58,58,58,58,63,63,63,63,63,63,63,63,63,63,63,63,63,63,63,63,63],"relics":["Burning Blood","Self Forming Clay","Mercury Hourglass","Anchor","Girya","Philosopher\u0027s Stone","Unceasing Top","Paper Frog","Whetstone","Tiny House","Ice Cream","Centennial Puzzle","Art of War","Frozen Egg 2"],"card_choices":[{"not_picked":["Heavy Blade","Anger"],"picked":"Infernal Blade","floor":1.0},{"not_picked":["Twin Strike","Demon Form"],"picked":"Infernal Blade","floor":2.0},{"not_picked":["Blood for Blood","Wild Strike"],"picked":"Infernal Blade","floor":5.0},{"not_picked":["Warcry","Sword Boomerang"],"picked":"Flex","floor":18},{"not_picked":["Sword Boomerang","Clothesline"],"picked":"Intimidate","floor":23},{"not_picked":["Iron Wave","Bloodletting"],"picked":"Infernal Blade","floor":25},{"not_picked":["Shrug It Off","Iron Wave"],"picked":"Flex","floor":27},{"not_picked":["Anger","Cleave"],"picked":"Flex","floor":31},{"not_picked":["Bludgeon","Barricade"],"picked":"Offering","floor":33},{"not_picked":["Pommel Strike","Armaments"],"picked":"Fire Breathing","floor":34},{"not_picked":["Twin Strike","Uppercut"],"picked":"Flex","floor":35},{"not_picked":["Armaments","Perfected Strike"],"picked":"Fire Breathing","floor":37},{"not_picked":["Pommel Strike","Pummel"],"picked":"Clash","floor":39},{"not_picked":["Thunderclap","Armaments"],"picked":"Sword Boomerang","floor":42},{"not_picked":["Perfected Strike","Havoc"],"picked":"Flex","floor":45},{"not_picked":["Inflame","Havoc"],"picked":"Fire Breathing","floor":47},{"not_picked":["Thunderclap","Evolve"],"picked":"Rupture","floor":48}],"player_experience":167435,"potions_floor_usage":[18,18,22,23,33,33,33,50,50,50],"damage_taken":[{"damage":6.0,"enemies":"Jaw Worm","floor":1.0,"turns":3.0},{"damage":6.0,"enemies":"2 Louse","floor":2.0,"turns":2.0},{"damage":5.0,"enemies":"Small Slimes","floor":5.0,"turns":2.0},{"damage":6.0,"enemies":"2 Fungi Beasts","floor":7.0,"turns":2.0},{"damage":11,"enemies":"3 Sentries","floor":11,"turns":6},{"damage":1,"enemies":"Exordium Thugs","floor":13,"turns":3},{"damage":18,"enemies":"Lagavulin","floor":14,"turns":3},{"damage":31,"enemies":"Hexaghost","floor":16,"turns":8},{"damage":2,"enemies":"Shell Parasite","floor":18,"turns":2},{"damage":35,"enemies":"3 Byrds","floor":22,"turns":4},{"damage":8,"enemies":"Gremlin Leader","floor":23,"turns":3},{"damage":24,"enemies":"Snecko","floor":25,"turns":4},{"damage":17,"enemies":"Centurion and Healer","floor":27,"turns":3},{"damage":12,"enemies":"Slaver and Parasite","floor":31,"turns":3},{"damage":62,"enemies":"Champ","floor":33,"turns":8},{"damage":22,"enemies":"3 Darklings","floor":35,"turns":2},{"damage":11,"enemies":"3 Shapes","floor":37,"turns":3},{"damage":13,"enemies":"Maw","floor":39,"turns":4},{"damage":10,"enemies":"Sphere and 2 Shapes","floor":42,"turns":2},{"damage":20,"enemies":"4 Shapes","floor":45,"turns":2},{"damage":11,"enemies":"Maw","floor":47,"turns":4},{"damage":4,"enemies":"Sphere and 2 Shapes","floor":48,"turns":1},{"damage":78,"enemies":"Awakened One","floor":50,"turns":3}],"event_choices":[{"event_name":"Golden Idol","player_choice":"Take Damage","floor":3.0,"damage_taken":0.0},{"event_name":"Big Fish","player_choice":"Box","floor":4.0,"damage_taken":0.0},{"event_name":"The Mausoleum","player_choice":"Yes","floor":19,"damage_taken":0},{"event_name":"Vampires","player_choice":"Became a vampire","floor":20,"damage_taken":0},{"event_name":"Drug Dealer","player_choice":"Got JAXXED","floor":21,"damage_taken":0},{"event_name":"The Library","player_choice":"Read","floor":30,"damage_taken":0},{"event_name":"The Moai Head","player_choice":"Gave Idol","floor":36,"damage_taken":0},{"event_name":"Mysterious Sphere","player_choice":"Ignore","floor":38,"damage_taken":0}],"boss_relics":[{"not_picked":["Sozu","Runic Cube"],"picked":"Philosopher\u0027s Stone"},{"not_picked":["Eternal Feather","Runic Pyramid"],"picked":"Tiny House"}],"potions_floor_spawned":[2,5,13,14,16,18,22,27,31,35,37,39],"seed_played":"-2961258518774165368","killed_by":"Awakened One","ascension_level":0,"is_trial":false}