{"path_per_floor":["M","M","$","?","M","R","M","?","T","R","M","E","R","M","R","B",null,"M","M","$","M","M"],"character_chosen":"IRONCLAD","items_purchased":["Iron Wave","Regen Potion","Champion Belt"],"gold_per_floor":[110,126,73,173,193,193,206,206,206,206,217,252,252,269,269,373,373,388,400,44,62,80],"floor_reached":23,"campfire_rested":1,"playtime":1382,"current_hp_per_floor":[80,80,80,80,77,77,54,54,54,54,57,37,37,38,62,63,80,66,58,58,10,18],"items_purged":[],"gold":80,"score":195,"play_id":"a62c5e96-7ef2-468a-96ac-9fa34ff2cfef","is_prod":false,"is_daily":false,"is_ascension_mode":false,"campfire_upgraded":3,"path_taken":["M","M","$","?","M","R","M","?","T","R","M","E","R","?","R","BOSS","M","M","$","M","?","E"],"build_version":"2018-02-12-PROD1","purchased_purges":0,"victory":false,"master_deck":["Strike_R","Strike_R","Strike_R","Strike_R","Strike_R","Defend_R","Defend_R","Defend_R","Bash","Iron Wave+1","Twin Strike","Iron Wave+1","Headbutt","Cleave","Shockwave+1","Clash","Twin Strike","Demon Form","Shrug It Off+1","Thunderclap","Shrug It Off+1","Pommel Strike"],"max_hp_per_floor":[80,80,80,80,80,80,80,80,80,80,80,80,80,80,80,80,80,80,80,80,80,80],"relics":["Burning Blood","Ornamental Fan","Orichalcum","Runic Pyramid","Champion Belt"],"card_choices":[{"not_picked":["Armaments","Body Slam"],"picked":"Iron Wave"},{"not_picked":["Burning Pact","Power Through"],"picked":"Twin Strike"},{"not_picked":["Armaments","Flex"],"picked":"Headbutt"},{"not_picked":["Sword Boomerang","Fire Breathing"],"picked":"Cleave"},{"not_picked":["Thunderclap","Reckless Charge"],"picked":"Shockwave"},{"not_picked":["Burning Pact","Barricade"],"picked":"Clash"},{"not_picked":["Perfected Strike","Armaments"],"picked":"Twin Strike"},{"not_picked":["Impervious","Dark Embrace"],"picked":"Demon Form"},{"not_picked":["Iron Wave","Twin Strike"],"picked":"Shrug It Off"},{"not_picked":["Heavy Blade","Bloodletting"],"picked":"Thunderclap"},{"not_picked":["Iron Wave","Clash"],"picked":"Shrug It Off"},{"not_picked":["Corruption","Body Slam"],"picked":"Pommel Strike"}],"player_experience":22626,"potions_floor_usage":[12,16,18,22,23],"damage_taken":[{"damage":2,"enemies":"Small Slimes","floor":1,"turns":3},{"damage":6,"enemies":"Cultist","floor":2,"turns":3},{"damage":9,"enemies":"2 Louse","floor":5,"turns":3},{"damage":29,"enemies":"Gremlin Gang","floor":7,"turns":5},{"damage":3,"enemies":"Looter","floor":11,"turns":2},{"damage":26,"enemies":"3 Sentries","floor":12,"turns":5},{"damage":5,"enemies":"3 Louse","floor":14,"turns":3},{"damage":5,"enemies":"Slime Boss","floor":16,"turns":8},{"damage":20,"enemies":"Spheric Guardian","floor":18,"turns":4},{"damage":14,"enemies":"Shell Parasite","floor":19,"turns":4},{"damage":54,"enemies":"Chosen and Byrds","floor":21,"turns":8},{"damage":13,"enemies":"Cultist and Chosen","floor":22,"turns":7},{"damage":17,"enemies":"Book of Stabbing","floor":23,"turns":6}],"event_choices":[{"event_name":"Golden Shrine","player_choice":"Pray","floor":4,"damage_taken":0},{"event_name":"Bonfire Elementals","player_choice":"BASIC","floor":8,"damage_taken":0}],"boss_relics":[{"not_picked":["White Beast Statue","Calling Bell"],"picked":"Runic Pyramid"}],"potions_floor_spawned":[5,11,12,16,22],"seed_played":"4972300105527335146","killed_by":"Book of Stabbing","ascension_level":0,"is_trial":false}