{"path_per_floor":["M","M","?","?","?","E","?","M","T","E","M","M","M","M","R","B",null,"M","M","M","?","M","E","R","M","T","R","M","M","?","M","R","B",null,"M","$","?","?","?","E","R","M","T","R","M","$","?","M","R"],"character_chosen":"IRONCLAD","items_purchased":["Molten Egg 2","Whirlwind","Frozen Eye"],"gold_per_floor":[115,129,129,129,129,460,484,504,576,604,621,634,648,666,666,766,766,782,802,821,746,760,786,786,804,880,880,899,914,914,925,925,1020,1020,1030,699,749,749,749,780,780,792,792,792,808,357,0,10,10],"floor_reached":50,"campfire_rested":5,"playtime":2747,"current_hp_per_floor":[80,79,79,79,79,64,65,68,68,59,49,51,47,56,80,80,80,79,65,58,58,51,32,56,45,45,45,49,51,51,46,70,63,80,80,80,71,61,61,60,60,48,48,72,54,54,54,51,75],"items_purged":["Shockwave","Defend_R"],"gold":10,"score":510,"play_id":"a407d4db-74a3-41ad-bac8-77a31f3a0fc6","is_prod":false,"is_daily":false,"is_ascension_mode":false,"campfire_upgraded":2,"path_taken":["M","M","?","?","?","E","?","?","T","E","M","M","M","M","R","BOSS","M","M","M","?","M","E","R","M","T","R","M","M","?","?","R","BOSS","M","$","?","?","?","E","R","M","T","R","M","$","?","?","R","BOSS"],"build_version":"2018-02-15-PROD1","purchased_purges":2,"victory":false,"master_deck":["Strike_R","Strike_R","Strike_R","Strike_R","Strike_R","Defend_R","Defend_R","Bash","Clash","Flex+1","Clash","Dramatic Entrance","Iron Wave","Shrug It Off","Offering+1","Thunderclap","Pummel","Perfected Strike","Flex+1","Limit Break+1","Bloodletting+1","Iron Wave+1","Clash+1","Iron Wave+1","Warcry+1","Iron Wave+1","Rage+1","Battle Trance+1","Flex+1","Flex+1","Madness+1","Madness+1","Whirlwind+1","Warcry+1"],"max_hp_per_floor":[80,80,80,80,80,80,80,80,80,80,80,80,80,80,80,80,80,80,80,80,80,80,80,80,80,80,80,80,80,80,80,80,80,80,80,80,80,80,80,80,80,80,80,80,80,80,80,80,80],"relics":["Burning Blood","Meat on the Bone","Old Coin","Odd Mushroom","Toxic Egg 2","Bronze Scales","Sozu","Pen Nib","Bottled Lightning","Runic Dome","Molten Egg 2","Ice Cream","Mercury Hourglass","Calipers","Frozen Eye","Red Mask"],"card_choices":[{"not_picked":["Thunderclap","Dual Wield"],"picked":"Clash"},{"not_picked":["True Grit","Pommel Strike"],"picked":"Flex"},{"not_picked":["Flex","Reckless Charge"],"picked":"Clash"},{"not_picked":["True Grit","Body Slam"],"picked":"Iron Wave"},{"not_picked":["Warcry","Clash"],"picked":"Shrug It Off"},{"not_picked":["Sword Boomerang","Pommel Strike"],"picked":"Offering"},{"not_picked":["Power Through","Flex"],"picked":"Thunderclap"},{"not_picked":["Hemokinesis","Searing Blow"],"picked":"Pummel"},{"not_picked":["Body Slam","Shockwave"],"picked":"Perfected Strike"},{"not_picked":["Barricade","Corruption"],"picked":"Flex"},{"not_picked":["Feed","Immolate"],"picked":"Limit Break"},{"not_picked":["Pommel Strike","Uppercut"],"picked":"Bloodletting"},{"not_picked":["Metallicize","Perfected Strike"],"picked":"Iron Wave"},{"not_picked":["Clothesline","Inflame"],"picked":"Clash"},{"not_picked":["Clash","Body Slam"],"picked":"Iron Wave"},{"not_picked":["Sever Soul","Heavy Blade"],"picked":"Warcry"},{"not_picked":["Fire Breathing","Impervious"],"picked":"Iron Wave"},{"not_picked":["Corruption","Clothesline"],"picked":"Rage"},{"not_picked":["Twin Strike","Disarm"],"picked":"Flex"},{"not_picked":["Feed","Limit Break"],"picked":"Brutality"},{"not_picked":["Body Slam","Searing Blow"],"picked":"Flex"},{"not_picked":["Heavy Blade","Twin Strike"],"picked":"Warcry"}],"player_experience":36788,"potions_floor_usage":[14,16],"damage_taken":[{"damage":0,"enemies":"2 Louse","floor":1,"turns":2},{"damage":7,"enemies":"Small Slimes","floor":2,"turns":3},{"damage":21,"enemies":"Lagavulin","floor":6,"turns":5},{"damage":5,"enemies":"The Mushroom Lair","floor":7,"turns":4},{"damage":3,"enemies":"Jaw Worm","floor":8,"turns":3},{"damage":15,"enemies":"3 Sentries","floor":10,"turns":7},{"damage":16,"enemies":"Blue Slaver","floor":11,"turns":3},{"damage":4,"enemies":"Red Slaver","floor":12,"turns":3},{"damage":10,"enemies":"3 Louse","floor":13,"turns":2},{"damage":9,"enemies":"Gremlin Gang","floor":14,"turns":2},{"damage":6,"enemies":"Slime Boss","floor":16,"turns":6},{"damage":7,"enemies":"3 Byrds","floor":18,"turns":4},{"damage":20,"enemies":"2 Thieves","floor":19,"turns":3},{"damage":25,"enemies":"Snake Plant","floor":20,"turns":2},{"damage":13,"enemies":"Centurion and Healer","floor":22,"turns":4},{"damage":37,"enemies":"Slavers","floor":23,"turns":3},{"damage":29,"enemies":"Snecko","floor":25,"turns":6},{"damage":14,"enemies":"Slaver and Parasite","floor":28,"turns":2},{"damage":4,"enemies":"Snake Plant","floor":29,"turns":1},{"damage":23,"enemies":"Cultist and Chosen","floor":31,"turns":4},{"damage":13,"enemies":"Champ","floor":33,"turns":6},{"damage":4,"enemies":"Orb Walker","floor":35,"turns":1},{"damage":15,"enemies":"Mysterious Sphere","floor":37,"turns":2},{"damage":7,"enemies":"2 Orb Walkers","floor":40,"turns":3},{"damage":18,"enemies":"3 Darklings","floor":42,"turns":2},{"damage":24,"enemies":"4 Shapes","floor":45,"turns":3},{"damage":21,"enemies":"Maw","floor":48,"turns":5},{"damage":83,"enemies":"Awakened One","floor":50,"turns":7}],"event_choices":[{"event_name":"Big Fish","player_choice":"Box","floor":3,"damage_taken":0},{"event_name":"Fountain of Cleansing","player_choice":"Removed Curse","floor":4,"damage_taken":0},{"event_name":"Match and Keep!","player_choice":"2 cards matched","floor":5,"damage_taken":0},{"event_name":"Mushrooms","player_choice":"Fought Mushrooms","floor":7,"damage_taken":0},{"event_name":"Beggar","player_choice":"Gave Gold","floor":21,"damage_taken":0},{"event_name":"The Library","player_choice":"Read","floor":30,"damage_taken":0},{"event_name":"Mysterious Sphere","player_choice":"Fight","floor":37,"damage_taken":0},{"event_name":"Winding Halls","player_choice":"Embrace Madness","floor":38,"damage_taken":0},{"event_name":"Tomb of Lord Red Mask","player_choice":"Paid","floor":47,"damage_taken":0}],"boss_relics":[{"not_picked":["Runic Cube","Question Card"],"picked":"Sozu"},{"not_picked":["Tiny House","Snecko Eye"],"picked":"Runic Dome"}],"potions_floor_spawned":[2,6,10,12,13,16,18,19,20,31,40,45],"seed_played":"475452635362765888","killed_by":"Awakened One","ascension_level":0,"is_trial":false}