{"path_per_floor":["M","?","$","?","M","R","?","R","T","?","M","M","R","M","R","B",null,"M","?","M","M","$","R","T","M","T","?","M","R","M","?","R"],"character_chosen":"IRONCLAD","items_purchased":["Flex","Flex"],"gold_per_floor":[113,113,11,186,203,203,203,203,203,203,218,237,237,257,257,358,358,372,372,384,396,272,272,295,308,389,389,402,402,416,316,316],"floor_reached":33,"campfire_rested":1,"playtime":906,"current_hp_per_floor":[77,69,69,69,69,69,69,69,69,69,62,55,55,49,49,13,80,80,64,58,43,43,43,43,34,34,34,32,32,8,8,32],"items_purged":["Defend_R","Defend_R"],"gold":316,"score":237,"play_id":"e35d2173-826d-48f0-8844-3d6964c9488c","is_prod":false,"is_daily":false,"is_ascension_mode":false,"campfire_upgraded":6,"path_taken":["M","?","$","?","?","R","?","R","T","?","?","?","R","M","R","BOSS","M","?","M","?","$","R","?","M","T","?","M","R","?","?","R","BOSS"],"build_version":"2018-02-15-PROD1","purchased_purges":2,"victory":false,"master_deck":["Strike_R","Strike_R","Strike_R","Strike_R","Strike_R+1","Defend_R","Bash+1","Flex+1","Searing Blow+5","Headbutt","Uppercut","Exhume","Cleave+1","Necronomicurse","Flex","Injury","Spot Weakness","Decay","J.A.X."],"max_hp_per_floor":[80,80,80,80,80,80,80,80,80,80,80,80,80,80,80,80,80,80,80,80,80,80,80,80,80,80,80,80,80,80,80,80],"relics":["Burning Blood","Dodecahedron","Cursed Key","Necronomicon","Happy Flower","Mercury Hourglass"],"card_choices":[{"not_picked":["Cleave","Body Slam"],"picked":"Searing Blow"},{"not_picked":["Clothesline","Feel No Pain"],"picked":"Headbutt"},{"not_picked":["Shrug It Off","Body Slam"],"picked":"Uppercut"},{"not_picked":["Fiend Fire","Reaper"],"picked":"Exhume"},{"not_picked":["Shrug It Off","Rupture"],"picked":"Cleave"},{"not_picked":["Disarm","Intimidate"],"picked":"Spot Weakness"}],"player_experience":60331,"potions_floor_usage":[16,16,25,33],"damage_taken":[{"damage":9,"enemies":"Small Slimes","floor":1,"turns":3},{"damage":6,"enemies":"Cultist","floor":5,"turns":3},{"damage":13,"enemies":"2 Louse","floor":11,"turns":2},{"damage":13,"enemies":"Red Slaver","floor":12,"turns":2},{"damage":12,"enemies":"Blue Slaver","floor":14,"turns":2},{"damage":42,"enemies":"Hexaghost","floor":16,"turns":7},{"damage":0,"enemies":"Chosen","floor":18,"turns":2},{"damage":12,"enemies":"Shell Parasite","floor":20,"turns":2},{"damage":21,"enemies":"3 Cultists","floor":21,"turns":4},{"damage":15,"enemies":"Snake Plant","floor":25,"turns":3},{"damage":8,"enemies":"Centurion and Healer","floor":28,"turns":2},{"damage":30,"enemies":"Slaver and Parasite","floor":30,"turns":3},{"damage":30,"enemies":"Collector","floor":33,"turns":3}],"event_choices":[{"event_name":"Wheel of Change","player_choice":"Damage","floor":2,"damage_taken":0},{"event_name":"Liars Game","player_choice":"agreed","floor":4,"damage_taken":0},{"event_name":"Purifier","player_choice":"One Purge","floor":7,"damage_taken":0},{"event_name":"Bonfire Elementals","player_choice":"BASIC","floor":10,"damage_taken":0},{"event_name":"Cursed Tome","player_choice":"Obtained Book","floor":19,"damage_taken":0},{"event_name":"Upgrade Shrine","player_choice":"Upgraded","floor":27,"damage_taken":0},{"event_name":"Drug Dealer","player_choice":"Got JAXXED","floor":31,"damage_taken":0}],"boss_relics":[{"not_picked":["Mark of Pain","Orrery"],"picked":"Cursed Key"}],"potions_floor_spawned":[11,12,14,25,30],"seed_played":"8079840245554173568","killed_by":"Collector","ascension_level":0,"is_trial":false}