{"path_per_floor":["M","?","M","?","M","E","M","M","T","?","M","M","$","M","R","B",null,"M","M","$","M","M","R","M","R","T","R","M","M","M","T","R"],"character_chosen":"IRONCLAD","items_purchased":["Inflame","Apotheosis"],"gold_per_floor":[118,118,136,86,103,136,146,163,163,163,182,199,85,96,96,194,194,208,225,40,51,62,62,78,78,149,149,165,177,191,216,216],"floor_reached":33,"campfire_rested":5,"playtime":1753,"current_hp_per_floor":[71,55,44,44,50,46,35,41,41,41,47,40,40,39,63,11,80,46,30,30,28,8,32,12,36,36,60,54,21,11,18,44],"items_purged":["Defend_R"],"gold":216,"score":257,"play_id":"464dca8d-f927-4359-a3f0-ce171d4dd1a6","is_prod":false,"is_daily":false,"is_ascension_mode":false,"campfire_upgraded":0,"path_taken":["M","?","M","?","M","E","M","M","T","?","M","M","$","M","R","BOSS","M","M","$","M","M","R","M","R","T","R","M","M","M","?","R","BOSS"],"build_version":"2018-02-15-PROD1","purchased_purges":1,"victory":false,"master_deck":["Strike_R+1","Strike_R","Strike_R","Strike_R","Strike_R","Defend_R","Defend_R","Bash","Thunderclap+1","Headbutt","Twin Strike","Dropkick","Pommel Strike","Cleave","Inflame","Flex","Limit Break","Pommel Strike+1","Inflame","Apotheosis","Warcry","Metallicize+1","Offering","Pommel Strike+1","Whirlwind","Twin Strike"],"max_hp_per_floor":[80,80,80,80,80,80,80,80,80,80,80,80,80,80,80,80,80,80,80,80,80,80,80,80,80,80,80,80,80,80,87,87],"relics":["Burning Blood","Juzu Bracelet","Prayer Wheel","Mark of Pain","Pantograph","Strawberry"],"card_choices":[{"not_picked":["Evolve","Fire Breathing"],"picked":"Thunderclap"},{"not_picked":["Cleave","Seeing Red"],"picked":"Headbutt"},{"not_picked":["Reaper","Cleave"],"picked":"Twin Strike"},{"not_picked":["Metallicize","Warcry"],"picked":"Dropkick"},{"not_picked":["Disarm","Barricade"],"picked":"Pommel Strike"},{"not_picked":["Battle Trance","Body Slam"],"picked":"Cleave"},{"not_picked":["Sword Boomerang","True Grit"],"picked":"Flex"},{"not_picked":["Brutality","Barricade"],"picked":"Limit Break"},{"not_picked":["Warcry","Whirlwind"],"picked":"Pommel Strike"},{"not_picked":["Sever Soul","Shrug It Off"],"picked":"Inflame"},{"not_picked":["Rampage","Hemokinesis"],"picked":"Warcry"},{"not_picked":["Thunderclap","Body Slam"],"picked":"Metallicize"},{"not_picked":["Inflame","Iron Wave"],"picked":"Offering"},{"not_picked":["Thunderclap","Iron Wave"],"picked":"Pommel Strike"},{"not_picked":["Combust","Intimidate"],"picked":"Whirlwind"},{"not_picked":["Reckless Charge","Perfected Strike"],"picked":"Twin Strike"}],"player_experience":47523,"potions_floor_usage":[6,16,16,16,21,28,29,33,33],"damage_taken":[{"damage":15,"enemies":"Jaw Worm","floor":1,"turns":4},{"damage":17,"enemies":"Small Slimes","floor":3,"turns":3},{"damage":0,"enemies":"2 Louse","floor":5,"turns":2},{"damage":10,"enemies":"Gremlin Nob","floor":6,"turns":3},{"damage":17,"enemies":"Gremlin Gang","floor":7,"turns":4},{"damage":0,"enemies":"Large Slime","floor":8,"turns":3},{"damage":0,"enemies":"2 Fungi Beasts","floor":11,"turns":2},{"damage":13,"enemies":"Red Slaver","floor":12,"turns":2},{"damage":7,"enemies":"Exordium Wildlife","floor":14,"turns":3},{"damage":58,"enemies":"The Guardian","floor":16,"turns":6},{"damage":40,"enemies":"Shell Parasite","floor":18,"turns":5},{"damage":22,"enemies":"3 Byrds","floor":19,"turns":3},{"damage":8,"enemies":"Snecko","floor":21,"turns":3},{"damage":26,"enemies":"Snake Plant","floor":22,"turns":4},{"damage":26,"enemies":"Centurion and Healer","floor":24,"turns":3},{"damage":12,"enemies":"Cultist and Chosen","floor":28,"turns":3},{"damage":39,"enemies":"Slaver and Parasite","floor":29,"turns":4},{"damage":16,"enemies":"Centurion and Healer","floor":30,"turns":3},{"damage":95,"enemies":"Automaton","floor":33,"turns":6}],"event_choices":[{"event_name":"Shining Light","player_choice":"Entered Light","floor":2,"damage_taken":0},{"event_name":"The Cleric","player_choice":"Card Removal","floor":4,"damage_taken":0},{"event_name":"Living Wall","player_choice":"Forget","floor":10,"damage_taken":0}],"boss_relics":[{"not_picked":["Question Card","Black Star"],"picked":"Mark of Pain"}],"potions_floor_spawned":[1,5,7,8,19,24,28,29,30],"seed_played":"4061779946435565876","killed_by":"Automaton","ascension_level":0,"is_trial":false}