{"path_per_floor":["M","?","M","?","M","M","?","E","T","M","$","E","M","M","R","B",null,"M","M","$","?","M","R","?","M","T","?"],"character_chosen":"IRONCLAD","items_purchased":["Jack Of All Trades","Flex","Letter Opener","Anger"],"gold_per_floor":[110,110,129,129,143,163,163,202,202,217,103,136,156,179,179,305,305,318,338,68,68,83,83,183,199,199,199],"floor_reached":28,"campfire_rested":2,"playtime":1958,"current_hp_per_floor":[78,58,58,58,58,55,55,43,43,39,39,22,18,15,39,17,80,68,52,52,52,21,45,45,13,13,4],"items_purged":[],"gold":199,"score":232,"play_id":"eb60267a-c01a-4aa6-8338-2309a8197599","is_prod":false,"is_daily":false,"is_ascension_mode":false,"campfire_upgraded":0,"path_taken":["M","?","M","?","M","M","?","E","T","?","?","E","M","M","R","BOSS","M","M","$","?","M","R","?","?","T","?","M"],"build_version":"2018-02-12-PROD1","purchased_purges":0,"victory":false,"master_deck":["Strike_R","Strike_R","Strike_R","Strike_R","Strike_R","Defend_R","Defend_R+1","Defend_R","Bash","Flame Barrier","Shockwave+1","Headbutt","Anger","Good Instincts","Bludgeon","Jack Of All Trades+1","Flex","Clothesline","Anger","Whirlwind","Double Tap","Seeing Red+1","Rage+1","Power Through+1","Body Slam","Pommel Strike","Anger","Barricade","Pommel Strike","Shrug It Off+1"],"max_hp_per_floor":[80,80,80,80,80,80,80,80,80,80,80,80,80,80,80,80,80,80,80,80,80,80,80,80,80,80,80],"relics":["Runic Dome","Golden Idol","Blood Vial","Paper Frog","War Paint","Astrolabe","Letter Opener","Girya"],"card_choices":[{"not_picked":["Pommel Strike","Warcry"],"picked":"Flame Barrier"},{"not_picked":["Disarm","Burning Pact"],"picked":"Shockwave"},{"not_picked":["True Grit","Power Through"],"picked":"Headbutt"},{"not_picked":["Feel No Pain","Burning Pact"],"picked":"Combust"},{"not_picked":["Pommel Strike","Thunderclap"],"picked":"Bludgeon"},{"not_picked":["Body Slam","Clothesline"],"picked":"Bloodletting"},{"not_picked":["Warcry","Shrug It Off"],"picked":"Clothesline"},{"not_picked":["Clash","Warcry"],"picked":"Anger"},{"not_picked":["Burning Pact","Sword Boomerang"],"picked":"Whirlwind"},{"not_picked":["Impervious","Fiend Fire"],"picked":"Double Tap"},{"not_picked":["Clash","True Grit"],"picked":"Body Slam"},{"not_picked":["Disarm","Anger"],"picked":"Pommel Strike"},{"not_picked":["Rage","Sever Soul"],"picked":"Pommel Strike"},{"not_picked":["Warcry","Clothesline"],"picked":"Shrug It Off"}],"player_experience":1844,"potions_floor_usage":[8,12,16,16,18,22,28],"damage_taken":[{"damage":2,"enemies":"Small Slimes","floor":1,"turns":5},{"damage":0,"enemies":"Jaw Worm","floor":3,"turns":2},{"damage":0,"enemies":"Blue Slaver","floor":5,"turns":5},{"damage":3,"enemies":"Gremlin Gang","floor":6,"turns":4},{"damage":12,"enemies":"3 Sentries","floor":8,"turns":5},{"damage":6,"enemies":"3 Louse","floor":10,"turns":2},{"damage":29,"enemies":"Lagavulin","floor":12,"turns":4},{"damage":6,"enemies":"Red Slaver","floor":13,"turns":3},{"damage":5,"enemies":"Gremlin Gang","floor":14,"turns":3},{"damage":24,"enemies":"Hexaghost","floor":16,"turns":8},{"damage":12,"enemies":"Chosen","floor":18,"turns":4},{"damage":18,"enemies":"2 Thieves","floor":19,"turns":3},{"damage":33,"enemies":"Cultist and Chosen","floor":22,"turns":6},{"damage":34,"enemies":"Snake Plant","floor":25,"turns":5},{"damage":6,"enemies":"Snecko","floor":28,"turns":2}],"event_choices":[{"event_name":"Golden Idol","player_choice":"Take Damage","floor":2,"damage_taken":0},{"event_name":"Upgrade Shrine","player_choice":"Upgraded","floor":4,"damage_taken":0},{"event_name":"Match and Keep!","player_choice":"2 cards matched","floor":7,"damage_taken":0},{"event_name":"The Library","player_choice":"Read","floor":21,"damage_taken":0},{"event_name":"Golden Shrine","player_choice":"Pray","floor":24,"damage_taken":0},{"event_name":"Cursed Tome","player_choice":"Stopped","floor":27,"damage_taken":0}],"boss_relics":[{"not_picked":["Sozu","Mark of Pain"],"picked":"Astrolabe"}],"potions_floor_spawned":[3,6,8,12,13,16,25],"seed_played":"-694036471065400795","killed_by":"Snecko","ascension_level":0,"is_trial":false}