{"path_per_floor":["M","M","?","$","M","E","$","R","T","E","?","R","M","M","R","B",null,"M","?","$","?","$","E","R","M","T","$","E","M","M","M","R","B",null,"M","$","?","?","$","R","M","M","T","M","R","?","M","M","R","B"],"character_chosen":"IRONCLAD","items_purchased":["Master of Strategy","Reckless Charge","Clash","Bag of Marbles","Whetstone"],"gold_per_floor":[111,128,303,39,54,84,46,46,128,163,163,163,182,195,195,300,300,300,300,200,200,3,28,28,44,44,44,77,92,102,122,122,222,222,235,82,82,0,0,0,10,28,107,118,118,118,128,146,146,146],"floor_reached":51,"campfire_rested":4,"playtime":2858,"current_hp_per_floor":[80,75,75,75,75,55,55,79,79,61,61,61,60,47,71,46,80,80,80,80,80,80,65,65,67,67,67,66,64,66,72,72,45,80,59,59,59,59,59,80,80,67,67,65,65,71,54,54,79,17],"items_purged":["Doubt","Defend_R"],"gold":146,"score":522,"play_id":"dd1e326d-2faa-4359-abdc-6c6727195f85","is_prod":false,"is_daily":false,"is_ascension_mode":false,"campfire_upgraded":4,"path_taken":["M","M","?","$","?","E","$","R","T","E","?","R","M","M","R","BOSS","M","?","$","?","$","E","R","M","T","?","E","M","?","M","R","BOSS","M","$","?","?","$","R","M","?","T","M","R","?","M","M","R","BOSS"],"build_version":"2018-02-15-PROD1","purchased_purges":2,"victory":true,"master_deck":["Strike_R+1","Strike_R","Strike_R+1","Strike_R+1","Strike_R+1","Bash","Rampage+1","Infernal Blade+1","Master of Strategy","Reckless Charge","Reckless Charge","Clash","Double Tap","Exhume+1","Double Tap+1","Combust+1","Reckless Charge+1","Deep Breath","Clash","Offering+1","Warcry+1","Thunderclap","Rage+1","Spot Weakness+1","Dropkick+1","Rupture+1","Pommel Strike","Cleave+1","Second Wind","Injury","Whirlwind","Rage+1"],"max_hp_per_floor":[80,80,80,80,80,80,80,80,80,80,80,80,80,80,80,80,80,80,80,80,80,80,80,80,80,80,80,80,80,80,80,80,80,80,80,80,80,80,80,80,80,80,80,80,80,86,86,86,86,86],"relics":["Burning Blood","Dream Catcher","Shuriken","Happy Flower","Astrolabe","Bag of Marbles","Paper Frog","Vajra","Darkstone Periapt","Runic Cube","Whetstone","Red Mask","Pantograph"],"card_choices":[{"not_picked":["Thunderclap","Havoc"],"picked":"Rampage"},{"not_picked":["Anger","Cleave"],"picked":"Infernal Blade"},{"not_picked":["Heavy Blade","Perfected Strike"],"picked":"Reckless Charge"},{"not_picked":["Havoc","Wild Strike"],"picked":"Clash"},{"not_picked":["Sentinel","Body Slam"],"picked":"Double Tap"},{"not_picked":["Immolate","Brutality"],"picked":"Exhume"},{"not_picked":["Pommel Strike","Hemokinesis"],"picked":"Searing Blow"},{"not_picked":["Rupture","Searing Blow"],"picked":"Offering"},{"not_picked":["Cleave","Intimidate"],"picked":"Warcry"},{"not_picked":["Battle Trance","Wild Strike"],"picked":"Thunderclap"},{"not_picked":["Headbutt","Armaments"],"picked":"Rage"},{"not_picked":["Disarm","Body Slam"],"picked":"Spot Weakness"},{"not_picked":["Spot Weakness","Metallicize"],"picked":"Dropkick"},{"not_picked":["Twin Strike","Combust"],"picked":"Pommel Strike"},{"not_picked":["Armaments","Perfected Strike"],"picked":"Cleave"},{"not_picked":["Wild Strike","Battle Trance"],"picked":"Second Wind"},{"not_picked":["Headbutt","Pummel"],"picked":"Whirlwind"},{"not_picked":["Cleave","True Grit"],"picked":"Rage"}],"player_experience":49276,"potions_floor_usage":[6,10,16,28,33,41,50,50,50],"damage_taken":[{"damage":0,"enemies":"Small Slimes","floor":1,"turns":3},{"damage":11,"enemies":"Jaw Worm","floor":2,"turns":2},{"damage":6,"enemies":"Cultist","floor":5,"turns":3},{"damage":26,"enemies":"Lagavulin","floor":6,"turns":5},{"damage":24,"enemies":"Gremlin Nob","floor":10,"turns":3},{"damage":7,"enemies":"Large Slime","floor":13,"turns":4},{"damage":19,"enemies":"Exordium Wildlife","floor":14,"turns":2},{"damage":31,"enemies":"Hexaghost","floor":16,"turns":7},{"damage":0,"enemies":"Spheric Guardian","floor":18,"turns":1},{"damage":21,"enemies":"Gremlin Leader","floor":23,"turns":3},{"damage":4,"enemies":"Shell Parasite","floor":25,"turns":1},{"damage":7,"enemies":"Slavers","floor":28,"turns":2},{"damage":8,"enemies":"Snecko","floor":29,"turns":3},{"damage":4,"enemies":"Chosen and Byrds","floor":30,"turns":2},{"damage":0,"enemies":"Snake Plant","floor":31,"turns":1},{"damage":33,"enemies":"Champ","floor":33,"turns":4},{"damage":27,"enemies":"Orb Walker","floor":35,"turns":2},{"damage":0,"enemies":"3 Darklings","floor":41,"turns":2},{"damage":19,"enemies":"Sphere and 2 Shapes","floor":42,"turns":2},{"damage":8,"enemies":"Maw","floor":44,"turns":4},{"damage":23,"enemies":"4 Shapes","floor":47,"turns":1},{"damage":6,"enemies":"Sphere and 2 Shapes","floor":48,"turns":2},{"damage":75,"enemies":"Time Eater","floor":50,"turns":6}],"event_choices":[{"event_name":"Liars Game","player_choice":"agreed","floor":3,"damage_taken":0},{"event_name":"Living Wall","player_choice":"Grow","floor":11,"damage_taken":0},{"event_name":"Purifier","player_choice":"One Purge","floor":19,"damage_taken":0},{"event_name":"Match and Keep!","player_choice":"1 cards matched","floor":21,"damage_taken":0},{"event_name":"Match and Keep!","player_choice":"1 cards matched","floor":37,"damage_taken":0},{"event_name":"Tomb of Lord Red Mask","player_choice":"Paid","floor":38,"damage_taken":0},{"event_name":"Accursed Blacksmith","player_choice":"Forge","floor":46,"damage_taken":0}],"boss_relics":[{"not_picked":["Black Blood","Snecko Eye"],"picked":"Astrolabe"},{"not_picked":["Question Card","White Beast Statue"],"picked":"Runic Cube"}],"potions_floor_spawned":[2,5,14,16,25,28,30,33,41,48],"seed_played":"-1467123554479888336","ascension_level":0,"is_trial":false}