{"path_per_floor":["M","M","M","M","M","R","?","?","T","M","M","M","M"],"character_chosen":"IRONCLAD","items_purchased":[],"gold_per_floor":[112,129,146,162,178,178,178,353,433,446,457,468,487],"floor_reached":14,"campfire_rested":0,"playtime":763,"current_hp_per_floor":[79,58,62,41,37,37,37,37,37,14,7,10,16],"items_purged":[],"gold":487,"score":88,"play_id":"9f8cf9db-09e7-4ad6-9f8a-511796a490f5","is_prod":false,"is_daily":false,"is_ascension_mode":false,"campfire_upgraded":1,"path_taken":["M","M","M","M","M","R","?","?","T","M","M","?","M","E"],"build_version":"2018-02-12-PROD1","purchased_purges":0,"victory":false,"master_deck":["Strike_R","Strike_R","Strike_R","Strike_R","Strike_R","Defend_R","Defend_R","Defend_R","Defend_R","Bash","Regret","Thunderclap","Flame Barrier","Spot Weakness","Shrug It Off","Thunderclap+1","Demon Form","Doubt","Double Tap","Flame Barrier","Shrug It Off","Clash"],"max_hp_per_floor":[80,80,80,80,80,80,80,80,80,80,80,80,80],"relics":["Burning Blood","Shuriken"],"card_choices":[{"not_picked":["Barricade","Demon Form"],"picked":"Juggernaut"},{"not_picked":["Twin Strike","Flex"],"picked":"Thunderclap"},{"not_picked":["Sword Boomerang","Clothesline"],"picked":"Flame Barrier"},{"not_picked":["Perfected Strike","Bludgeon"],"picked":"Spot Weakness"},{"not_picked":["Warcry","Headbutt"],"picked":"Shrug It Off"},{"not_picked":["Hemokinesis","Warcry"],"picked":"Thunderclap"},{"not_picked":["Flex","Armaments"],"picked":"Double Tap"},{"not_picked":["Heavy Blade","Warcry"],"picked":"Flame Barrier"},{"not_picked":["Twin Strike","Iron Wave"],"picked":"Shrug It Off"},{"not_picked":["Seeing Red","Armaments"],"picked":"Clash"}],"player_experience":24008,"potions_floor_usage":[12,14,14],"damage_taken":[{"damage":7,"enemies":"Cultist","floor":1,"turns":4},{"damage":27,"enemies":"Blue Slaver","floor":2,"turns":3},{"damage":2,"enemies":"Small Slimes","floor":3,"turns":2},{"damage":27,"enemies":"Exordium Wildlife","floor":4,"turns":5},{"damage":10,"enemies":"Looter","floor":5,"turns":4},{"damage":29,"enemies":"Gremlin Gang","floor":10,"turns":5},{"damage":13,"enemies":"2 Fungi Beasts","floor":11,"turns":5},{"damage":3,"enemies":"Looter","floor":12,"turns":5},{"damage":0,"enemies":"3 Louse","floor":13,"turns":1},{"damage":15,"enemies":"Lagavulin","floor":14,"turns":6}],"event_choices":[{"event_name":"Transmorgrifier","player_choice":"Transform","floor":7,"damage_taken":0},{"event_name":"Liars Game","player_choice":"agreed","floor":8,"damage_taken":0}],"boss_relics":[],"potions_floor_spawned":[2,11,12],"seed_played":"2614647651215988441","killed_by":"Lagavulin","ascension_level":0,"is_trial":false}