{"path_per_floor":["M","M","$","M","$","R","?","R","T","M","?","R","$","M","R","B",null,"M","M","?","M","?","R","E","R","T","R","M","R","?"],"character_chosen":"IRONCLAD","items_purchased":["Body Slam","Shrug It Off"],"gold_per_floor":[117,127,0,16,16,16,16,16,41,60,60,60,36,60,60,190,190,206,221,136,155,155,155,182,182,208,208,220,220,220],"floor_reached":31,"campfire_rested":2,"playtime":714,"current_hp_per_floor":[66,60,60,59,59,59,59,59,59,65,65,65,65,60,60,62,74,66,54,54,12,12,34,36,36,41,41,39,63,63],"items_purged":["Strike_R"],"gold":220,"score":322,"play_id":"17c65475-48a8-49c7-849f-03e7aef1d738","is_prod":false,"is_daily":false,"is_ascension_mode":true,"campfire_upgraded":6,"path_taken":["M","M","$","M","$","R","?","R","T","M","?","R","$","?","R","BOSS","M","M","?","M","?","R","E","R","T","R","M","R","?","E"],"build_version":"2018-02-22-PROD2","purchased_purges":1,"victory":false,"master_deck":["Strike_R","Strike_R+1","Strike_R+1","Strike_R","Defend_R","Defend_R+1","Defend_R","Defend_R","Bash","Impervious+1","True Grit+1","Body Slam+1","Entrench+1","Body Slam","Shrug It Off","Offering+1","Barricade+1","Body Slam","Armaments+1","Flame Barrier"],"max_hp_per_floor":[80,80,80,80,80,80,74,74,74,74,74,74,74,74,74,74,74,74,74,74,74,74,74,81,81,81,81,81,81,81],"relics":["Burning Blood","Bloody Idol","War Paint","Orrery","Shovel","Strawberry","Whetstone"],"card_choices":[{"not_picked":["Clash","Clothesline"],"picked":"True Grit"},{"not_picked":["Warcry","Thunderclap"],"picked":"Entrench"},{"not_picked":["Flex","Dual Wield"],"picked":"Body Slam"},{"not_picked":["Anger","Clash"],"picked":"Offering"},{"not_picked":["Reaper","Double Tap"],"picked":"Barricade"},{"not_picked":["Warcry","Clash"],"picked":"Body Slam"},{"not_picked":["Pummel","Twin Strike"],"picked":"Armaments"},{"not_picked":["Ghostly Armor","Fire Breathing"],"picked":"Flame Barrier"}],"player_experience":130778,"potions_floor_usage":[10,10,31,31],"damage_taken":[{"damage":20,"enemies":"Small Slimes","floor":1,"turns":3},{"damage":12,"enemies":"Jaw Worm","floor":2,"turns":2},{"damage":7,"enemies":"2 Louse","floor":4,"turns":2},{"damage":0,"enemies":"Blue Slaver","floor":10,"turns":2},{"damage":11,"enemies":"Looter","floor":14,"turns":3},{"damage":4,"enemies":"The Guardian","floor":16,"turns":2},{"damage":14,"enemies":"3 Byrds","floor":18,"turns":6},{"damage":18,"enemies":"Shell Parasite","floor":19,"turns":4},{"damage":48,"enemies":"3 Cultists","floor":21,"turns":9},{"damage":16,"enemies":"Book of Stabbing","floor":24,"turns":5},{"damage":13,"enemies":"Centurion and Healer","floor":28,"turns":7},{"damage":57,"enemies":"Slavers","floor":31,"turns":9}],"event_choices":[{"event_name":"Golden Idol","player_choice":"Lose Max HP","floor":7,"damage_taken":0},{"event_name":"Liars Game","player_choice":"disagreed","floor":11,"damage_taken":0},{"event_name":"Addict","player_choice":"Obtained Relic","floor":20,"damage_taken":0},{"event_name":"Forgotten Altar","player_choice":"Gave Idol","floor":22,"damage_taken":0},{"event_name":"Cursed Tome","player_choice":"Ignored","floor":30,"damage_taken":0}],"boss_relics":[{"not_picked":["Eternal Feather","Snecko Eye"],"picked":"Orrery"}],"potions_floor_spawned":[2,4,24,28],"seed_played":"5434216951044947786","killed_by":"Slavers","ascension_level":4,"is_trial":false}