{"path_per_floor":["M","M","$","?","M","E","?","R","T","M","E","R","?","M","R","B",null,"M","M","$","M","?","R","M","E","T","$","M","?","R","M","R","B",null,"M","?","?","M","?"],"character_chosen":"IRONCLAD","items_purchased":["War Paint"],"gold_per_floor":[112,128,53,53,77,117,117,117,142,155,223,223,223,238,238,363,401,417,432,176,201,201,201,225,263,263,138,157,157,157,176,176,301,301,317,650,650,660,660],"floor_reached":40,"campfire_rested":5,"playtime":1043,"current_hp_per_floor":[72,63,63,63,67,51,51,51,51,52,27,49,42,38,60,13,79,69,55,55,24,24,47,35,31,31,31,21,5,28,15,38,15,79,77,77,67,48,48],"items_purged":["Defend_R","Defend_R","Defend_R"],"gold":660,"score":475,"play_id":"21619ffc-de90-407b-abad-0d4bc3233b50","is_prod":false,"is_daily":false,"is_ascension_mode":true,"campfire_upgraded":1,"path_taken":["M","M","$","?","M","E","?","R","T","?","E","R","?","M","R","BOSS","M","M","$","M","?","R","?","E","T","$","M","?","R","?","R","BOSS","M","?","?","M","?","E"],"build_version":"2018-02-22-PROD2","purchased_purges":4,"victory":false,"master_deck":["Strike_R","Strike_R","Strike_R+1","Strike_R","Strike_R+1","Defend_R","Bash","Exhume+1","Inflame","Heavy Blade+1","Perfected Strike+1","Spot Weakness+1","Limit Break","Offering","Twin Strike+1","Heavy Blade+1","Thunderclap","Whirlwind+1","Madness"],"max_hp_per_floor":[80,80,80,74,74,74,74,74,74,74,74,74,74,74,74,74,79,79,79,79,79,79,79,79,79,79,79,79,79,79,79,79,79,79,79,79,79,79,79],"relics":["Burning Blood","Omamori","Dream Catcher","Tiny Chest","Vajra","Tiny House","War Paint","Anchor","Whetstone","Nilry\u0027s Codex","Sozu"],"card_choices":[{"not_picked":["Disarm","Feel No Pain"],"picked":"Inflame"},{"not_picked":["True Grit","Thunderclap"],"picked":"Heavy Blade"},{"not_picked":["True Grit","Feel No Pain"],"picked":"Perfected Strike"},{"not_picked":["Dual Wield","Body Slam"],"picked":"Spot Weakness"},{"not_picked":["Combust","Heavy Blade"],"picked":"Limit Break"},{"not_picked":["Barricade","Berserk"],"picked":"Offering"},{"not_picked":["Rage","True Grit"],"picked":"Twin Strike"},{"not_picked":["Rupture","Intimidate"],"picked":"Thunderclap"},{"not_picked":["Shrug It Off","Feel No Pain"],"picked":"Whirlwind"}],"player_experience":116215,"potions_floor_usage":[6,11,11,16,21,25,28,31],"damage_taken":[{"damage":14,"enemies":"Jaw Worm","floor":1,"turns":4},{"damage":15,"enemies":"Small Slimes","floor":2,"turns":3},{"damage":2,"enemies":"2 Louse","floor":5,"turns":2},{"damage":22,"enemies":"3 Sentries","floor":6,"turns":5},{"damage":5,"enemies":"Gremlin Gang","floor":10,"turns":4},{"damage":31,"enemies":"Lagavulin","floor":11,"turns":5},{"damage":10,"enemies":"2 Fungi Beasts","floor":14,"turns":3},{"damage":53,"enemies":"The Guardian","floor":16,"turns":7},{"damage":16,"enemies":"Chosen","floor":18,"turns":3},{"damage":20,"enemies":"Shell Parasite","floor":19,"turns":2},{"damage":43,"enemies":"Snecko","floor":21,"turns":5},{"damage":18,"enemies":"Centurion and Healer","floor":24,"turns":2},{"damage":10,"enemies":"Book of Stabbing","floor":25,"turns":2},{"damage":16,"enemies":"Snake Plant","floor":28,"turns":4},{"damage":19,"enemies":"Cultist and Chosen","floor":31,"turns":4},{"damage":29,"enemies":"Collector","floor":33,"turns":5},{"damage":8,"enemies":"Orb Walker","floor":35,"turns":1},{"damage":25,"enemies":"3 Darklings","floor":38,"turns":3},{"damage":51,"enemies":"Nemesis","floor":40,"turns":4}],"event_choices":[{"event_name":"Golden Idol","player_choice":"Lose Max HP","floor":4,"damage_taken":0},{"event_name":"Liars Game","player_choice":"disagreed","floor":7,"damage_taken":0},{"event_name":"Scrap Ooze","player_choice":"success","floor":13,"damage_taken":7},{"event_name":"Duplicator","player_choice":"One dupe","floor":22,"damage_taken":0},{"event_name":"Cursed Tome","player_choice":"Obtained Book","floor":29,"damage_taken":0},{"event_name":"The Moai Head","player_choice":"Gave Idol","floor":36,"damage_taken":0},{"event_name":"Winding Halls","player_choice":"Embrace Madness","floor":37,"damage_taken":0}],"boss_relics":[{"not_picked":["White Beast Statue","Black Star"],"picked":"Tiny House"},{"not_picked":["Calling Bell","Astrolabe"],"picked":"Sozu"}],"potions_floor_spawned":[1,2,5,14,19,24,25,35],"seed_played":"533336830426406278","killed_by":"Nemesis","ascension_level":3,"is_trial":false}