{"path_per_floor":["M","M","M","$","M","E","?","R","T","R","M","R","M","E","R","B",null,"M","$","?","M","$","R","$","M","T","M","$","?","R"],"character_chosen":"IRONCLAD","items_purchased":["Oddly Smooth Stone"],"gold_per_floor":[116,133,146,71,89,117,117,117,190,190,203,203,216,248,248,347,347,318,75,75,90,90,90,90,101,101,119,119,119,119],"floor_reached":31,"campfire_rested":0,"playtime":863,"current_hp_per_floor":[80,72,69,69,74,46,72,72,72,72,74,74,77,80,80,72,80,41,41,41,43,43,43,43,47,47,46,46,72,72],"items_purged":["Strike_R","Demon Form"],"gold":119,"score":282,"play_id":"8ace7866-a96d-4f1f-867a-f3dabcbfd5f6","is_prod":false,"is_daily":false,"is_ascension_mode":true,"campfire_upgraded":6,"path_taken":["M","?","?","$","M","E","?","R","T","R","M","R","M","E","R","BOSS","M","?","?","M","$","R","?","M","T","M","$","?","R","M"],"build_version":"2018-02-22-PROD2","purchased_purges":2,"victory":false,"master_deck":["Strike_R","Defend_R","Defend_R","Defend_R","Defend_R","Bash","Body Slam+1","Flame Barrier+1","Barricade+1","Armaments+1","Juggernaut+1","Reaper+1","Inflame+1","Body Slam+1","Flame Barrier+1"],"max_hp_per_floor":[80,80,80,80,80,80,80,80,80,80,80,80,80,80,80,80,80,80,80,80,80,80,80,80,80,80,80,80,80,80],"relics":["Burning Blood","Kunai","Frozen Egg 2","Orichalcum","Astrolabe","Oddly Smooth Stone","Bag of Preparation"],"card_choices":[{"not_picked":["Evolve","Limit Break"],"picked":"Body Slam"},{"not_picked":["Armaments","Infernal Blade"],"picked":"Flame Barrier"},{"not_picked":["Havoc","Headbutt"],"picked":"Barricade"},{"not_picked":["Havoc","Power Through"],"picked":"Armaments"},{"not_picked":["Limit Break","Barricade"],"picked":"Juggernaut"},{"not_picked":["Wild Strike","Whirlwind"],"picked":"Body Slam"},{"not_picked":["Havoc","Clothesline"],"picked":"Flame Barrier"}],"player_experience":121581,"potions_floor_usage":[5,14,16,16,21,25,27,27,31],"damage_taken":[{"damage":6,"enemies":"Cultist","floor":1,"turns":4},{"damage":14,"enemies":"Small Slimes","floor":2,"turns":4},{"damage":9,"enemies":"Jaw Worm","floor":3,"turns":4},{"damage":1,"enemies":"Looter","floor":5,"turns":4},{"damage":34,"enemies":"Gremlin Nob","floor":6,"turns":5},{"damage":4,"enemies":"Lots of Slimes","floor":11,"turns":4},{"damage":3,"enemies":"3 Louse","floor":13,"turns":5},{"damage":3,"enemies":"Lagavulin","floor":14,"turns":10},{"damage":14,"enemies":"The Guardian","floor":16,"turns":11},{"damage":45,"enemies":"2 Thieves","floor":18,"turns":5},{"damage":16,"enemies":"Shell Parasite","floor":21,"turns":6},{"damage":2,"enemies":"Cultist and Chosen","floor":25,"turns":6},{"damage":16,"enemies":"Snake Plant","floor":27,"turns":4},{"damage":83,"enemies":"Slaver and Parasite","floor":31,"turns":5}],"event_choices":[{"event_name":"Big Fish","player_choice":"Banana","floor":7,"damage_taken":0},{"event_name":"Addict","player_choice":"Ignored","floor":20,"damage_taken":0},{"event_name":"The Library","player_choice":"Heal","floor":29,"damage_taken":0}],"boss_relics":[{"not_picked":["Ectoplasm","Runic Pyramid"],"picked":"Astrolabe"}],"potions_floor_spawned":[2,6,11,13,14,16,21,25,27],"seed_played":"-3000250384924724955","killed_by":"Slaver and Parasite","ascension_level":3,"is_trial":false}