{"path_per_floor":["M","M","$","M","M","R","?","$","T","M","R","M","R","M","R","B",null,"M","$","M","?","M","R","E","?","T","?","$","T","R","M","R"],"character_chosen":"IRONCLAD","items_purchased":["Dual Wield","Offering"],"gold_per_floor":[110,126,51,67,87,87,87,11,11,25,25,39,39,49,49,147,177,192,92,104,104,120,120,149,149,173,173,25,25,25,43,43],"floor_reached":33,"campfire_rested":2,"playtime":780,"current_hp_per_floor":[80,80,80,80,80,80,80,80,94,66,66,72,72,78,94,10,99,81,81,73,73,75,75,59,59,59,59,59,59,59,37,65],"items_purged":["Defend_R","Parasite"],"gold":43,"score":282,"play_id":"725cce88-cca3-4c6a-a7b8-f52902acb906","is_prod":false,"is_daily":false,"is_ascension_mode":false,"campfire_upgraded":5,"path_taken":["M","M","$","M","M","R","?","$","T","M","R","M","R","M","R","BOSS","M","$","M","?","M","R","E","?","T","?","$","?","R","M","R","BOSS"],"build_version":"2018-02-22-PROD2","purchased_purges":2,"victory":false,"master_deck":["Strike_R+1","Strike_R+1","Strike_R+1","Strike_R+1","Strike_R+1","Defend_R+1","Defend_R+1","Defend_R+1","Bash+1","Dropkick","Dropkick","Clash","Dual Wield+1","Thunderclap+1","Offering+1","Seeing Red+1","Seeing Red","Offering+1"],"max_hp_per_floor":[80,80,80,80,80,80,80,80,94,94,94,94,94,94,94,94,99,99,96,96,96,96,96,96,96,96,96,96,96,96,96,96],"relics":["Burning Blood","NeowsBlessing","Mango","Tiny House","Frozen Eye","Lantern","Girya"],"card_choices":[{"not_picked":["Demon Form","Havoc"],"picked":"Dropkick"},{"not_picked":["Sword Boomerang","Uppercut"],"picked":"Dropkick"},{"not_picked":["Searing Blow","Reckless Charge"],"picked":"Clash"},{"not_picked":["Rage","Body Slam"],"picked":"Thunderclap"},{"not_picked":["Juggernaut","Reaper"],"picked":"Offering"},{"not_picked":["Heavy Blade","Disarm"],"picked":"Seeing Red"}],"player_experience":133271,"potions_floor_usage":[14,16,18,20,22,24,24],"damage_taken":[{"damage":0,"enemies":"Cultist","floor":1,"turns":1},{"damage":0,"enemies":"2 Louse","floor":2,"turns":1},{"damage":0,"enemies":"Jaw Worm","floor":4,"turns":1},{"damage":4,"enemies":"Blue Slaver","floor":5,"turns":3},{"damage":34,"enemies":"Gremlin Gang","floor":10,"turns":6},{"damage":0,"enemies":"Large Slime","floor":12,"turns":4},{"damage":0,"enemies":"Looter","floor":14,"turns":3},{"damage":90,"enemies":"The Guardian","floor":16,"turns":10},{"damage":24,"enemies":"3 Byrds","floor":18,"turns":4},{"damage":14,"enemies":"2 Thieves","floor":20,"turns":3},{"damage":4,"enemies":"3 Cultists","floor":22,"turns":3},{"damage":22,"enemies":"Gremlin Leader","floor":24,"turns":3},{"damage":28,"enemies":"Centurion and Healer","floor":31,"turns":3},{"damage":87,"enemies":"Automaton","floor":33,"turns":6}],"event_choices":[{"event_name":"Mushrooms","player_choice":"Healed and dodged fight","floor":7,"damage_taken":0},{"event_name":"Back to Basics","player_choice":"Simplicity","floor":21,"damage_taken":0},{"event_name":"Vampires","player_choice":"Ignored","floor":25,"damage_taken":0},{"event_name":"The Library","player_choice":"Read","floor":27,"damage_taken":0}],"boss_relics":[{"not_picked":["Snecko Eye","White Beast Statue"],"picked":"Tiny House"}],"potions_floor_spawned":[5,12,16,18,20,22],"seed_played":"759420115078310574","killed_by":"Automaton","ascension_level":0,"is_trial":false}