{"path_per_floor":["M","M","?","?","$","E","R","?","T","R","M","R","M","M","R","B",null,"M","$","M","M","?","E","R","?","T","M","?","R","M","?","R","B",null,"M","?","$","?","?","R","T","M","T","M","T","M","M","T","R"],"character_chosen":"IRONCLAD","items_purchased":["Whetstone","Bag of Marbles","Armaments"],"gold_per_floor":[110,129,129,79,4,38,38,38,38,38,61,91,105,126,126,257,257,271,21,46,69,69,109,109,109,135,149,149,149,169,169,169,293,293,312,312,145,145,0,0,0,20,20,36,63,81,105,105,105],"floor_reached":50,"campfire_rested":4,"playtime":1736,"current_hp_per_floor":[78,73,53,53,53,35,35,19,19,19,25,25,21,27,51,8,80,73,73,54,51,27,23,23,23,23,20,4,31,37,37,64,22,92,75,75,75,75,75,75,75,74,88,42,42,32,35,35,66],"items_purged":["Defend_R","Defend_R"],"gold":105,"score":460,"play_id":"7ce3fbf6-ba0d-4855-8eba-5a0c0806ccf0","is_prod":false,"is_daily":false,"is_ascension_mode":false,"campfire_upgraded":1,"path_taken":["M","M","?","?","$","E","R","?","T","R","?","R","M","M","R","BOSS","M","$","M","M","?","E","R","?","T","M","?","R","?","?","R","BOSS","M","?","$","?","?","R","?","M","T","M","?","M","M","?","R","BOSS"],"build_version":"2018-02-15-PROD1","purchased_purges":4,"victory":false,"master_deck":["Strike_R+1","Strike_R+1","Strike_R+1","Strike_R+1","Strike_R+1","Defend_R+1","Bash","Whirlwind","Thunderclap","Seeing Red","Feed+1","Whirlwind+1","Second Wind","Good Instincts","Mind Blast+1","Sentinel","Necronomicurse","Anger+1","Battle Trance+1","Exhume+1","Armaments+1","Clothesline+1","Dual Wield+1","Whirlwind+1","Limit Break+1"],"max_hp_per_floor":[80,80,80,80,80,80,80,80,80,80,80,80,80,80,80,80,80,80,80,80,84,84,88,88,88,88,92,92,92,92,92,92,92,92,92,92,92,92,92,92,92,92,106,106,106,106,106,106,106],"relics":["Burning Blood","Golden Idol","Shovel","Red Skull","Torii","Dead Branch","Tiny Chest","Mark of Pain","Whetstone","Pen Nib","Toxic Egg 2","Dream Catcher","Necronomicon","Sozu","Bag of Marbles","Red Mask","Ginger","Mango","Prayer Wheel","Girya"],"card_choices":[{"not_picked":["Sentinel","Flex"],"picked":"Whirlwind"},{"not_picked":["Cleave","True Grit"],"picked":"Thunderclap"},{"not_picked":["Power Through","Headbutt"],"picked":"Seeing Red"},{"not_picked":["True Grit","Clothesline"],"picked":"Feed"},{"not_picked":["Uppercut","Thunderclap"],"picked":"Whirlwind"},{"not_picked":["Barricade","Reaper"],"picked":"Berserk"},{"not_picked":["Sever Soul","Havoc"],"picked":"Second Wind"},{"not_picked":["Limit Break","Sword Boomerang"],"picked":"Sentinel"},{"not_picked":["Sever Soul","Cleave"],"picked":"Anger"},{"not_picked":["Body Slam","Spot Weakness"],"picked":"Battle Trance"},{"not_picked":["Double Tap","Bludgeon"],"picked":"Exhume"},{"not_picked":["Feel No Pain","Anger"],"picked":"Clothesline"},{"not_picked":["True Grit","Second Wind"],"picked":"Dual Wield"},{"not_picked":["Twin Strike","Headbutt"],"picked":"Whirlwind"},{"not_picked":["Thunderclap","Shrug It Off"],"picked":"Limit Break"}],"player_experience":77193,"potions_floor_usage":[6,6,16,16,21,33,33],"damage_taken":[{"damage":8,"enemies":"2 Louse","floor":1,"turns":4},{"damage":11,"enemies":"Jaw Worm","floor":2,"turns":3},{"damage":36,"enemies":"Lagavulin","floor":6,"turns":5},{"damage":0,"enemies":"Small Slimes","floor":11,"turns":2},{"damage":10,"enemies":"Looter","floor":13,"turns":2},{"damage":0,"enemies":"2 Fungi Beasts","floor":14,"turns":1},{"damage":63,"enemies":"Slime Boss","floor":16,"turns":8},{"damage":13,"enemies":"Chosen","floor":18,"turns":4},{"damage":25,"enemies":"Shell Parasite","floor":20,"turns":4},{"damage":13,"enemies":"3 Cultists","floor":21,"turns":4},{"damage":14,"enemies":"Slavers","floor":23,"turns":2},{"damage":13,"enemies":"Centurion and Healer","floor":27,"turns":3},{"damage":0,"enemies":"Snecko","floor":30,"turns":2},{"damage":63,"enemies":"Automaton","floor":33,"turns":8},{"damage":23,"enemies":"3 Shapes","floor":35,"turns":1},{"damage":7,"enemies":"3 Darklings","floor":42,"turns":2},{"damage":52,"enemies":"4 Shapes","floor":44,"turns":2},{"damage":16,"enemies":"Sphere and 2 Shapes","floor":46,"turns":1},{"damage":3,"enemies":"3 Darklings","floor":47,"turns":1},{"damage":88,"enemies":"Awakened One","floor":50,"turns":6}],"event_choices":[{"event_name":"Golden Idol","player_choice":"Take Damage","floor":3,"damage_taken":0},{"event_name":"The Cleric","player_choice":"Card Removal","floor":4,"damage_taken":0},{"event_name":"Shining Light","player_choice":"Entered Light","floor":8,"damage_taken":0},{"event_name":"Knowing Skull","player_choice":"CARD CARD ","floor":22,"damage_taken":0},{"event_name":"The Lab","player_choice":"Got Potions","floor":25,"damage_taken":0},{"event_name":"Cursed Tome","player_choice":"Obtained Book","floor":28,"damage_taken":0},{"event_name":"Back to Basics","player_choice":"Simplicity","floor":31,"damage_taken":0},{"event_name":"The Woman in Blue","player_choice":"Bought 0 Potions","floor":38,"damage_taken":0},{"event_name":"Tomb of Lord Red Mask","player_choice":"Paid","floor":39,"damage_taken":0}],"boss_relics":[{"not_picked":["Cursed Key","Black Star"],"picked":"Mark of Pain"},{"not_picked":["Runic Pyramid","White Beast Statue"],"picked":"Sozu"}],"potions_floor_spawned":[1,13,16,20,23,30,42,44,47],"seed_played":"-7789339931148158773","killed_by":"Awakened One","ascension_level":0,"is_trial":false}