{"path_per_floor":["M","?","$","?","T","R","E","R","T","R","E","M","M","M","R","B",null,"M","M","$","M","$","R","?","M","T","R","M","$","?","M","R","B",null,"M","?","M","M","$","R","E","$","T","R","T","M","R","M","R"],"character_chosen":"IRONCLAD","items_purchased":["Thunderclap","Bottled Flame","Spot Weakness","Blood Vial"],"gold_per_floor":[114,114,39,39,63,63,97,97,97,97,122,138,153,173,173,277,277,297,310,24,44,44,44,44,63,86,86,105,36,36,48,48,153,153,170,170,180,191,34,34,69,69,95,95,119,130,130,148,148],"floor_reached":50,"campfire_rested":3,"playtime":1086,"current_hp_per_floor":[80,80,80,85,85,85,85,85,85,85,85,85,85,85,85,76,85,63,59,59,48,48,48,48,31,31,71,77,77,77,53,53,26,85,73,62,68,43,43,83,55,55,55,55,55,63,63,59,85],"items_purged":["Defend_R"],"gold":148,"score":552,"play_id":"66e937fd-da44-481e-9565-890bc3c6c50c","is_prod":false,"is_daily":false,"is_ascension_mode":true,"campfire_upgraded":8,"path_taken":["M","?","$","?","?","R","E","R","T","R","E","M","M","M","R","BOSS","M","M","$","M","$","R","?","M","T","R","M","$","?","M","R","BOSS","M","?","M","?","$","R","E","?","T","R","?","M","R","M","R","BOSS"],"build_version":"2018-02-22-PROD2","purchased_purges":2,"victory":false,"master_deck":["Strike_R+1","Strike_R+1","Strike_R+1","Strike_R+1","Strike_R+1","Defend_R+1","Defend_R+1","Bash+1","Disarm+1","Combust","Whirlwind+1","Clash","Inflame+1","Limit Break+1","Pummel+1","Twin Strike","Thunderclap+1","Heavy Blade+1","Clash","Spot Weakness","Flex+1","Madness+1","Madness+1","Uppercut","Flex+1"],"max_hp_per_floor":[80,80,80,85,85,85,85,85,85,85,85,85,85,85,85,85,85,85,85,85,85,85,85,85,85,85,85,85,85,85,85,85,85,85,85,85,85,85,85,85,85,85,85,85,85,85,85,85,85],"relics":["Burning Blood","NeowsBlessing","Pen Nib","Ancient Tea Set","Self Forming Clay","Regal Pillow","Runic Cube","Bottled Flame","Omamori","Mark of Pain","Blood Vial","War Paint","Bag of Marbles","Oddly Smooth Stone"],"card_choices":[{"not_picked":["Perfected Strike","Pummel"],"picked":"Disarm"},{"not_picked":["Pommel Strike","Combust"],"picked":"Whirlwind"},{"not_picked":["True Grit","Pommel Strike"],"picked":"Clash"},{"not_picked":["Dual Wield","Metallicize"],"picked":"Inflame"},{"not_picked":["Fiend Fire","Dark Embrace"],"picked":"Limit Break"},{"not_picked":["Clothesline","Evolve"],"picked":"Pummel"},{"not_picked":["Sever Soul","Perfected Strike"],"picked":"Twin Strike"},{"not_picked":["Bloodletting","Clothesline"],"picked":"Heavy Blade"},{"not_picked":["Corruption","Iron Wave"],"picked":"Clash"},{"not_picked":["Thunderclap","Searing Blow"],"picked":"Flex"},{"not_picked":["Perfected Strike","Headbutt"],"picked":"Uppercut"},{"not_picked":["Clash","Demon Form"],"picked":"Flex"}],"player_experience":117258,"potions_floor_usage":[13,21,33,33,33,38,41,50,50],"damage_taken":[{"damage":0,"enemies":"2 Louse","floor":1,"turns":1},{"damage":0,"enemies":"Lagavulin","floor":7,"turns":1},{"damage":0,"enemies":"3 Sentries","floor":11,"turns":1},{"damage":3,"enemies":"Cultist","floor":12,"turns":3},{"damage":5,"enemies":"Small Slimes","floor":13,"turns":2},{"damage":0,"enemies":"3 Louse","floor":14,"turns":1},{"damage":15,"enemies":"Slime Boss","floor":16,"turns":5},{"damage":28,"enemies":"Shell Parasite","floor":18,"turns":5},{"damage":10,"enemies":"Chosen","floor":19,"turns":4},{"damage":23,"enemies":"Snecko","floor":21,"turns":4},{"damage":23,"enemies":"Centurion and Healer","floor":25,"turns":3},{"damage":0,"enemies":"Cultist and Chosen","floor":28,"turns":2},{"damage":30,"enemies":"Sentry and Sphere","floor":31,"turns":4},{"damage":33,"enemies":"Collector","floor":33,"turns":6},{"damage":18,"enemies":"3 Darklings","floor":35,"turns":3},{"damage":0,"enemies":"3 Shapes","floor":37,"turns":1},{"damage":31,"enemies":"Maw","floor":38,"turns":5},{"damage":36,"enemies":"2 Orb Walkers","floor":41,"turns":3},{"damage":0,"enemies":"3 Darklings","floor":46,"turns":1},{"damage":12,"enemies":"Sphere and 2 Shapes","floor":48,"turns":1},{"damage":103,"enemies":"Donu and Deca","floor":50,"turns":6}],"event_choices":[{"event_name":"Transmorgrifier","player_choice":"Transform","floor":2,"damage_taken":0},{"event_name":"Big Fish","player_choice":"Donut","floor":4,"damage_taken":0},{"event_name":"Back to Basics","player_choice":"Simplicity","floor":24,"damage_taken":0},{"event_name":"The Mausoleum","player_choice":"No","floor":30,"damage_taken":0},{"event_name":"Winding Halls","player_choice":"Embrace Madness","floor":36,"damage_taken":0}],"boss_relics":[{"not_picked":["Lizard Tail","Eternal Feather"],"picked":"Runic Cube"},{"not_picked":["Snecko Eye","White Beast Statue"],"picked":"Mark of Pain"}],"potions_floor_spawned":[1,7,13,16,25,28,31,33,37,41,46],"seed_played":"-26999789139764345","killed_by":"Donu and Deca","ascension_level":3,"is_trial":false}