{"path_per_floor":["M","?","?","?","M","E","R","$","T","R","M","R","M","M","R","B",null,"M","$","?","$","M","R"],"character_chosen":"IRONCLAD","items_purchased":["Entrench"],"gold_per_floor":[117,117,67,242,261,296,296,146,173,173,188,188,211,225,225,355,355,378,278,278,153,174,174],"floor_reached":24,"campfire_rested":0,"playtime":798,"current_hp_per_floor":[80,60,60,60,62,68,68,68,68,68,70,70,70,72,72,15,80,78,78,78,78,28,28],"items_purged":["Strike_R","Doubt","Defend_R"],"gold":174,"score":230,"play_id":"f7ef8af6-b8fa-4144-bc26-7681ebf1e77c","is_prod":false,"is_daily":false,"is_ascension_mode":true,"campfire_upgraded":5,"path_taken":["M","?","?","?","M","E","R","$","T","R","M","R","M","M","R","BOSS","M","$","?","$","M","R","M"],"build_version":"2018-02-22-PROD2","purchased_purges":3,"victory":false,"master_deck":["Defend_R","Defend_R","Defend_R","Bash+1","Offering+1","Shrug It Off+1","Entrench+1","Dropkick+1","Flame Barrier+1","Clash+1","Feed+1"],"max_hp_per_floor":[80,80,80,80,80,80,80,80,80,80,80,80,80,80,80,80,80,80,80,80,80,80,80],"relics":["Burning Blood","NeowsBlessing","Golden Idol","Bag of Marbles","Anchor","Astrolabe"],"card_choices":[{"not_picked":["Searing Blow","Sword Boomerang"],"picked":"Offering"},{"not_picked":["Shockwave","Clash"],"picked":"Shrug It Off"},{"not_picked":["Infernal Blade","True Grit"],"picked":"Dropkick"}],"player_experience":87263,"potions_floor_usage":[14,16],"damage_taken":[{"damage":0,"enemies":"Cultist","floor":1,"turns":1},{"damage":4,"enemies":"2 Louse","floor":5,"turns":1},{"damage":0,"enemies":"3 Sentries","floor":6,"turns":1},{"damage":4,"enemies":"Small Slimes","floor":11,"turns":4},{"damage":6,"enemies":"Blue Slaver","floor":13,"turns":2},{"damage":4,"enemies":"Exordium Thugs","floor":14,"turns":5},{"damage":63,"enemies":"The Guardian","floor":16,"turns":17},{"damage":8,"enemies":"Spheric Guardian","floor":18,"turns":11},{"damage":56,"enemies":"Chosen","floor":22,"turns":10},{"damage":37,"enemies":"3 Cultists","floor":24,"turns":7}],"event_choices":[{"event_name":"Golden Idol","player_choice":"Take Damage","floor":2,"damage_taken":0},{"event_name":"The Cleric","player_choice":"Card Removal","floor":3,"damage_taken":0},{"event_name":"Liars Game","player_choice":"agreed","floor":4,"damage_taken":0},{"event_name":"Vampires","player_choice":"Ignored","floor":20,"damage_taken":0}],"boss_relics":[{"not_picked":["Ectoplasm","Black Blood"],"picked":"Astrolabe"}],"potions_floor_spawned":[5,11,14,22],"seed_played":"5283214947625704248","killed_by":"3 Cultists","ascension_level":1,"is_trial":false}