{"path_per_floor":["M","?","?","M","$","R","?","R","T","$","M","$","M","M","R","B",null,"M","M","M","$","?","R","T","M","T","R","M","R","$","M","R","B",null,"M","$","?","M","M","R","$","?","T","?","M","M","M","?","R"],"character_chosen":"IRONCLAD","items_purchased":[],"gold_per_floor":[116,116,116,135,60,60,160,160,160,60,80,80,92,112,112,212,212,225,245,256,131,131,131,131,149,149,149,162,162,12,24,24,124,124,136,136,136,147,164,164,164,164,164,164,180,195,206,0,0],"floor_reached":50,"campfire_rested":3,"playtime":944,"current_hp_per_floor":[70,70,56,56,56,56,56,56,56,56,51,51,44,44,65,62,72,72,72,57,57,57,57,57,30,44,44,50,75,75,75,86,42,86,78,78,78,73,25,25,25,75,75,66,55,56,32,32,32],"items_purged":["Defend_R","Defend_R","Strike_R","Strike_R"],"gold":0,"score":384,"play_id":"1cbbf121-0b07-47f5-814c-08fa0e193c45","is_prod":false,"is_daily":false,"is_ascension_mode":false,"campfire_upgraded":6,"path_taken":["M","?","?","M","?","R","?","R","T","$","M","$","M","M","R","BOSS","M","M","M","$","?","R","?","M","T","R","M","R","$","M","R","BOSS","M","$","?","M","M","R","$","?","T","?","M","M","?","?","R","BOSS"],"build_version":"2018-02-22-PROD2","purchased_purges":4,"victory":false,"master_deck":["Strike_R+1","Strike_R+1","Strike_R+1","Bash+1","Clash+1","Clash+1","Dropkick+1","Madness+1","Madness","Clash+1"],"max_hp_per_floor":[72,72,72,72,72,72,72,72,72,72,72,72,72,72,72,72,72,72,72,72,72,72,72,72,72,86,86,86,86,86,86,86,86,86,86,86,86,86,86,86,86,75,75,75,75,75,75,75,75],"relics":["Black Blood","Sundial","Runic Dome","Dead Branch","Mango","Molten Egg 2","Red Mask"],"card_choices":[{"not_picked":["Evolve","Anger"],"picked":"Clash"},{"not_picked":["Body Slam","Shockwave"],"picked":"Clash"},{"not_picked":["Carnage","True Grit"],"picked":"Dropkick"},{"not_picked":["Heavy Blade","Rupture"],"picked":"Clash"}],"player_experience":83833,"potions_floor_usage":[14,20,35,46,46,46,50,50],"damage_taken":[{"damage":8,"enemies":"2 Louse","floor":1,"turns":2},{"damage":6,"enemies":"Cultist","floor":4,"turns":3},{"damage":11,"enemies":"Jaw Worm","floor":11,"turns":2},{"damage":13,"enemies":"2 Fungi Beasts","floor":13,"turns":3},{"damage":6,"enemies":"Exordium Thugs","floor":14,"turns":3},{"damage":9,"enemies":"Slime Boss","floor":16,"turns":5},{"damage":0,"enemies":"Chosen","floor":18,"turns":2},{"damage":0,"enemies":"Spheric Guardian","floor":19,"turns":2},{"damage":21,"enemies":"Snake Plant","floor":20,"turns":2},{"damage":33,"enemies":"Slaver and Parasite","floor":25,"turns":3},{"damage":0,"enemies":"Cultist and Chosen","floor":28,"turns":3},{"damage":6,"enemies":"3 Cultists","floor":31,"turns":3},{"damage":50,"enemies":"Automaton","floor":33,"turns":6},{"damage":18,"enemies":"3 Darklings","floor":35,"turns":3},{"damage":15,"enemies":"Orb Walker","floor":38,"turns":2},{"damage":58,"enemies":"4 Shapes","floor":39,"turns":5},{"damage":21,"enemies":"Sphere and 2 Shapes","floor":45,"turns":3},{"damage":21,"enemies":"Maw","floor":46,"turns":5},{"damage":34,"enemies":"3 Darklings","floor":47,"turns":4},{"damage":36,"enemies":"Donu and Deca","floor":50,"turns":2}],"event_choices":[{"event_name":"Match and Keep!","player_choice":"0 cards matched","floor":2,"damage_taken":0},{"event_name":"Shining Light","player_choice":"Entered Light","floor":3,"damage_taken":0},{"event_name":"Golden Shrine","player_choice":"Pray","floor":7,"damage_taken":0},{"event_name":"Cursed Tome","player_choice":"Ignored","floor":22,"damage_taken":0},{"event_name":"Mysterious Sphere","player_choice":"Ignore","floor":37,"damage_taken":0},{"event_name":"The Moai Head","player_choice":"Heal","floor":42,"damage_taken":0},{"event_name":"Winding Halls","player_choice":"Embrace Madness","floor":44,"damage_taken":0},{"event_name":"Tomb of Lord Red Mask","player_choice":"Paid","floor":48,"damage_taken":0}],"boss_relics":[{"not_picked":["Calling Bell","Lizard Tail"],"picked":"Runic Dome"},{"not_picked":["Runic Cube","Astrolabe"],"picked":"Black Blood"}],"potions_floor_spawned":[11,19,25,31,39,45,46,47],"seed_played":"7024706201427523447","killed_by":"Donu and Deca","ascension_level":0,"is_trial":false}