{"path_per_floor":["M","M","?","M","M","R","?","?","T","$","R","M","M","M","R","B",null,"M","$","M","?","M","M","R","?","T","?","R","$","M","$","R","B",null,"M","$","M","?","?","R","?","M","T","T","M"],"character_chosen":"IRONCLAD","items_purchased":["Dual Wield","Bag of Marbles"],"gold_per_floor":[111,127,127,140,151,151,151,101,101,33,33,47,62,74,74,173,173,187,112,129,129,147,157,157,82,82,82,82,82,92,92,92,191,191,204,61,75,0,50,50,50,65,365,442,459],"floor_reached":46,"campfire_rested":0,"playtime":1157,"current_hp_per_floor":[77,77,77,80,53,53,73,73,73,73,73,67,73,75,75,31,77,59,59,65,49,51,53,53,53,53,77,77,77,77,77,77,50,77,71,71,77,77,59,59,49,53,53,53,31],"items_purged":["Defend_R"],"gold":459,"score":362,"play_id":"d9cd7901-8615-4bee-8bb4-beb9125658af","is_prod":false,"is_daily":false,"is_ascension_mode":false,"campfire_upgraded":7,"path_taken":["M","M","?","M","M","R","?","?","T","$","R","M","M","M","R","BOSS","M","$","M","?","M","M","R","?","T","?","R","$","M","$","R","BOSS","M","$","?","?","?","R","?","?","T","?","M","M"],"build_version":"2018-02-22-PROD2","purchased_purges":1,"victory":false,"master_deck":["Strike_R","Strike_R","Strike_R","Strike_R","Strike_R","Bash+1","Dropkick","Dropkick","Clash+1","Dual Wield+1","Clash+1","Offering+1","Clash+1","Flex+1","Madness","Madness"],"max_hp_per_floor":[80,80,80,80,80,80,80,77,77,77,77,77,77,77,77,77,77,77,77,77,77,77,77,77,77,77,77,77,77,77,77,77,77,77,77,77,77,77,77,77,77,77,77,77,77],"relics":["Burning Blood","Gambling Chip","Philosopher\u0027s Stone","Enchiridion","Bird Faced Urn","Black Star","Bag of Marbles","Red Mask","Shovel","Old Coin","Shuriken"],"card_choices":[{"not_picked":["Headbutt","Pommel Strike"],"picked":"Dropkick"},{"not_picked":["Twin Strike","Sword Boomerang"],"picked":"Dropkick"},{"not_picked":["Sword Boomerang","Metallicize"],"picked":"Clash"},{"not_picked":["Battle Trance","Juggernaut"],"picked":"Clash"},{"not_picked":["Dark Embrace","Immolate"],"picked":"Offering"},{"not_picked":["Flex","Blood for Blood"],"picked":"Clash"},{"not_picked":["Thunderclap","Shockwave"],"picked":"Flex"}],"player_experience":82676,"potions_floor_usage":[16,16,35],"damage_taken":[{"damage":9,"enemies":"Small Slimes","floor":1,"turns":4},{"damage":6,"enemies":"Cultist","floor":2,"turns":3},{"damage":2,"enemies":"2 Louse","floor":4,"turns":3},{"damage":33,"enemies":"Lots of Slimes","floor":5,"turns":5},{"damage":12,"enemies":"2 Fungi Beasts","floor":12,"turns":2},{"damage":0,"enemies":"Blue Slaver","floor":13,"turns":1},{"damage":4,"enemies":"Gremlin Gang","floor":14,"turns":2},{"damage":50,"enemies":"The Guardian","floor":16,"turns":5},{"damage":24,"enemies":"Chosen","floor":18,"turns":3},{"damage":0,"enemies":"Shell Parasite","floor":20,"turns":1},{"damage":4,"enemies":"Snecko","floor":22,"turns":1},{"damage":4,"enemies":"3 Cultists","floor":23,"turns":2},{"damage":4,"enemies":"Centurion and Healer","floor":30,"turns":1},{"damage":33,"enemies":"Champ","floor":33,"turns":3},{"damage":12,"enemies":"3 Darklings","floor":35,"turns":2},{"damage":0,"enemies":"Orb Walker","floor":37,"turns":1},{"damage":24,"enemies":"Mysterious Sphere","floor":39,"turns":2},{"damage":4,"enemies":"3 Darklings","floor":42,"turns":1},{"damage":30,"enemies":"Sphere and 2 Shapes","floor":45,"turns":3},{"damage":35,"enemies":"4 Shapes","floor":46,"turns":2}],"event_choices":[{"event_name":"Bonfire Elementals","player_choice":"BASIC","floor":3,"damage_taken":0},{"event_name":"Mushrooms","player_choice":"Healed and dodged fight","floor":7,"damage_taken":0},{"event_name":"The Cleric","player_choice":"Card Removal","floor":8,"damage_taken":0},{"event_name":"Cursed Tome","player_choice":"Obtained Book","floor":21,"damage_taken":0},{"event_name":"Beggar","player_choice":"Gave Gold","floor":25,"damage_taken":0},{"event_name":"The Library","player_choice":"Heal","floor":27,"damage_taken":0},{"event_name":"Tomb of Lord Red Mask","player_choice":"Paid","floor":38,"damage_taken":0},{"event_name":"Mysterious Sphere","player_choice":"Fight","floor":39,"damage_taken":0},{"event_name":"Winding Halls","player_choice":"Embrace Madness","floor":41,"damage_taken":0}],"boss_relics":[{"not_picked":["Cursed Key","White Beast Statue"],"picked":"Philosopher\u0027s Stone"},{"not_picked":["Black Blood","Runic Pyramid"],"picked":"Black Star"}],"potions_floor_spawned":[4,5,13,16,20,23,33,37,39,42],"seed_played":"-8269521164624296439","killed_by":"4 Shapes","ascension_level":0,"is_trial":false}