{"path_per_floor":["M","?","T","M","M","R","$","M","T","M","M","?","E","M","R","B",null,"M","M","$","?","?","R","?","R","T","R","$","M","T","M","R","B",null,"M","M","?","?","M","R","M","$","T","M","M","?","R","$","R","B"],"character_chosen":"IRONCLAD","items_purchased":["Metallicize","Shrug It Off","Bottled Flame","Body Slam"],"gold_per_floor":[114,114,114,132,148,148,35,53,136,156,167,167,194,205,205,306,306,321,339,185,185,185,185,185,185,211,211,86,98,173,187,187,292,292,305,321,321,321,332,332,343,89,89,107,127,127,127,82,82,82],"floor_reached":51,"campfire_rested":1,"playtime":1826,"current_hp_per_floor":[80,80,80,76,80,80,80,72,72,69,70,63,53,52,52,38,80,65,69,69,69,56,56,56,56,56,56,56,56,56,56,56,22,56,56,56,56,56,29,45,56,56,56,56,56,49,49,49,49,56],"items_purged":["Strike_R","Strike_R","Bash"],"gold":82,"score":547,"play_id":"faab4807-a594-4735-becf-db97f593d7a4","is_prod":false,"is_daily":false,"is_ascension_mode":true,"campfire_upgraded":6,"path_taken":["M","?","?","M","M","R","$","M","T","M","M","?","E","M","R","BOSS","M","M","$","?","?","R","?","R","T","R","$","M","?","M","R","BOSS","M","M","?","?","M","R","M","$","T","M","?","?","R","$","R","BOSS"],"build_version":"2018-02-22-PROD2","purchased_purges":3,"victory":true,"master_deck":["Defend_R+1","Defend_R+1","Defend_R+1","Defend_R+1","Juggernaut+1","Body Slam+1","Metallicize","Armaments+1","Shrug It Off+1","Shrug It Off+1","Bite+1","Bite+1","Bite+1","Bite+1","Dark Shackles","Madness+1","Madness","Body Slam+1"],"max_hp_per_floor":[80,80,80,80,80,80,80,80,80,80,80,80,80,80,80,80,80,80,80,80,80,56,56,56,56,56,56,56,56,56,56,56,56,56,56,56,56,56,56,56,56,56,56,56,56,56,56,56,56,56],"relics":["Black Blood","Pen Nib","Molten Egg 2","Tiny Chest","Shovel","Ancient Tea Set","Anchor","Frozen Egg 2","Sozu","Bottled Flame","Magic Flower","Vajra"],"card_choices":[{"not_picked":["Anger","Searing Blow"],"picked":"Body Slam"},{"not_picked":["Bloodletting","Intimidate"],"picked":"Armaments"},{"not_picked":["Havoc","Dropkick"],"picked":"Shrug It Off"}],"player_experience":105841,"potions_floor_usage":[],"damage_taken":[{"damage":3.0,"enemies":"Cultist","floor":1.0,"turns":5.0},{"damage":10.0,"enemies":"Jaw Worm","floor":4.0,"turns":4.0},{"damage":1.0,"enemies":"2 Louse","floor":5.0,"turns":3.0},{"damage":14.0,"enemies":"Blue Slaver","floor":8.0,"turns":4.0},{"damage":9.0,"enemies":"3 Louse","floor":10.0,"turns":4.0},{"damage":5.0,"enemies":"Lots of Slimes","floor":11.0,"turns":2.0},{"damage":16.0,"enemies":"3 Sentries","floor":13.0,"turns":8.0},{"damage":7.0,"enemies":"2 Fungi Beasts","floor":14.0,"turns":4.0},{"damage":35.0,"enemies":"Slime Boss","floor":16.0,"turns":8.0},{"damage":25.0,"enemies":"3 Byrds","floor":18.0,"turns":6.0},{"damage":6.0,"enemies":"Shell Parasite","floor":19.0,"turns":6.0},{"damage":15.0,"enemies":"Snecko","floor":29.0,"turns":7.0},{"damage":0.0,"enemies":"Snake Plant","floor":31.0,"turns":6.0},{"damage":74.0,"enemies":"Automaton","floor":33.0,"turns":14.0},{"damage":8.0,"enemies":"3 Shapes","floor":35.0,"turns":5.0},{"damage":32.0,"enemies":"3 Darklings","floor":36.0,"turns":7.0},{"damage":55.0,"enemies":"Maw","floor":39.0,"turns":11.0},{"damage":7,"enemies":"Sphere and 2 Shapes","floor":41,"turns":8},{"damage":5,"enemies":"4 Shapes","floor":44,"turns":6},{"damage":5,"enemies":"3 Darklings","floor":45,"turns":6},{"damage":89,"enemies":"Awakened One","floor":50,"turns":16}],"event_choices":[{"event_name":"Wheel of Change","player_choice":"Relic","floor":2.0,"damage_taken":0.0},{"event_name":"Golden Wing","player_choice":"Card Removal","floor":12.0,"damage_taken":0.0},{"event_name":"Drug Dealer","player_choice":"Ignored","floor":21.0,"damage_taken":0.0},{"event_name":"Vampires","player_choice":"Became a vampire","floor":22.0,"damage_taken":0.0},{"event_name":"Back to Basics","player_choice":"Simplicity","floor":24.0,"damage_taken":0.0},{"event_name":"Match and Keep!","player_choice":"1 cards matched","floor":37.0,"damage_taken":0.0},{"event_name":"Winding Halls","player_choice":"Embrace Madness","floor":46,"damage_taken":0}],"boss_relics":[],"potions_floor_spawned":[5,8,11,14,16,18,19,33,35,39,41,45],"seed_played":"1667891635637346193","ascension_level":1,"is_trial":false}