{"path_per_floor":["M","M","T","$","?","E","M","R","T","R","?","?","M","E","R","B",null,"M","$","?","M","$","R","M","R","T","?","M","E","M","?","R","B",null,"M","?","?","$","?","R","E","M","T","M","M","R","?","M","R"],"character_chosen":"IRONCLAD","items_purchased":["Bottled Lightning"],"gold_per_floor":[113,124,124,124,124,158,171,171,217,217,217,217,230,271,271,402,402,402,145,145,145,145,145,145,145,145,145,145,145,145,70,70,70,70,70,70,70,70,70,70,70,70,70,70,70,70,70,70,70],"floor_reached":50,"campfire_rested":4,"playtime":1704,"current_hp_per_floor":[80,79,79,79,72,52,52,52,52,52,52,52,50,42,64,42,74,74,74,74,74,74,74,63,63,63,63,67,46,61,61,61,54,74,51,51,51,51,51,73,53,56,56,55,32,54,45,55,74],"items_purged":[],"gold":70,"score":566,"play_id":"d263478d-316e-44eb-a67f-1fc0b0144f8e","is_prod":false,"is_daily":false,"is_ascension_mode":true,"campfire_upgraded":5,"path_taken":["M","M","?","$","?","E","?","R","T","R","?","?","?","E","R","BOSS","M","$","?","?","$","R","M","R","T","?","M","E","M","?","R","BOSS","M","?","?","$","?","R","E","M","T","M","?","R","?","M","R","BOSS"],"build_version":"2018-02-22-PROD2","purchased_purges":2,"victory":false,"master_deck":["Defend_R","Bash","Armaments+1","Inflame+1","Perfected Strike+1","Pommel Strike+1","Double Tap+1","Flex","Bite","Bite","Bite","Bite","Bite","Second Wind","Offering","Perfected Strike+1","Madness","Madness","Flame Barrier+1","Pommel Strike+1"],"max_hp_per_floor":[80,80,80,80,80,80,80,80,80,80,80,74,74,74,74,74,74,74,74,74,74,74,74,74,74,74,74,74,74,74,74,74,74,74,74,74,74,74,74,74,74,74,74,74,74,74,74,74,74],"relics":["Snecko Eye","Dead Branch","Pen Nib","Bloody Idol","Bag of Preparation","Ectoplasm","Bottled Lightning","Toolbox","Dream Catcher","Orrery","Bottled Flame","Anchor"],"card_choices":[{"not_picked":["Sword Boomerang","Body Slam"],"picked":"Armaments"},{"not_picked":["Corruption","Dual Wield"],"picked":"Inflame"},{"not_picked":["Shockwave","Seeing Red"],"picked":"Pommel Strike"},{"not_picked":["Offering","Brutality"],"picked":"Double Tap"},{"not_picked":["Headbutt","Warcry"],"picked":"Flex"},{"not_picked":["Thunderclap","Twin Strike"],"picked":"Second Wind"},{"not_picked":["Barricade","Dark Embrace"],"picked":"Offering"},{"not_picked":["Clothesline","Metallicize"],"picked":"Perfected Strike"},{"not_picked":["Clothesline","Heavy Blade"],"picked":"Flame Barrier"},{"not_picked":["Clash","Sword Boomerang"],"picked":"Pommel Strike"}],"player_experience":122444,"potions_floor_usage":[14,16,33,44,45,50,50,50],"damage_taken":[{"damage":0,"enemies":"Cultist","floor":1,"turns":3},{"damage":1,"enemies":"2 Louse","floor":2,"turns":2},{"damage":20,"enemies":"Lagavulin","floor":6,"turns":6},{"damage":2,"enemies":"Small Slimes","floor":7,"turns":3},{"damage":4,"enemies":"Red Slaver","floor":13,"turns":2},{"damage":10,"enemies":"Gremlin Nob","floor":14,"turns":3},{"damage":24,"enemies":"The Guardian","floor":16,"turns":5},{"damage":0,"enemies":"Shell Parasite","floor":18,"turns":2},{"damage":0,"enemies":"Chosen","floor":21,"turns":2},{"damage":11,"enemies":"Snake Plant","floor":24,"turns":3},{"damage":7,"enemies":"Chosen and Byrds","floor":28,"turns":4},{"damage":38,"enemies":"Slavers","floor":29,"turns":6},{"damage":1,"enemies":"3 Cultists","floor":30,"turns":3},{"damage":26,"enemies":"Automaton","floor":33,"turns":6},{"damage":25,"enemies":"3 Shapes","floor":35,"turns":2},{"damage":21,"enemies":"Nemesis","floor":41,"turns":3},{"damage":0,"enemies":"Orb Walker","floor":42,"turns":1},{"damage":14,"enemies":"3 Darklings","floor":44,"turns":2},{"damage":48,"enemies":"4 Shapes","floor":45,"turns":5},{"damage":5,"enemies":"Sphere and 2 Shapes","floor":48,"turns":2},{"damage":102,"enemies":"Time Eater","floor":50,"turns":9}],"event_choices":[{"event_name":"Golden Wing","player_choice":"Card Removal","floor":5,"damage_taken":0},{"event_name":"Transmorgrifier","player_choice":"Transform","floor":11,"damage_taken":0},{"event_name":"Golden Idol","player_choice":"Lose Max HP","floor":12,"damage_taken":0},{"event_name":"Forgotten Altar","player_choice":"Gave Idol","floor":20,"damage_taken":0},{"event_name":"Vampires","player_choice":"Became a vampire (Vial)","floor":27,"damage_taken":0},{"event_name":"Beggar","player_choice":"Gave Gold","floor":31,"damage_taken":0},{"event_name":"Tomb of Lord Red Mask","player_choice":"Ignored","floor":36,"damage_taken":0},{"event_name":"Mysterious Sphere","player_choice":"Ignore","floor":37,"damage_taken":0},{"event_name":"Winding Halls","player_choice":"Embrace Madness","floor":47,"damage_taken":0}],"boss_relics":[{"not_picked":["Eternal Feather","Calling Bell"],"picked":"Ectoplasm"},{"not_picked":["Question Card","Runic Cube"],"picked":"Orrery"}],"potions_floor_spawned":[6,7,14,18,28,35,41,44,45],"seed_played":"-6368424413238931551","killed_by":"Time Eater","ascension_level":3,"is_trial":false}