{"path_per_floor":["M","?","M","$","M","R","E","M","T","M","?","?","E","?","R","B",null,"M","$","?","?","M","R","E","R","T","E","M","M","?","M","R","B",null,"M","M","?","?","M","E","$","R","T","E","M","E","$","M","R"],"character_chosen":"IRONCLAD","items_purchased":[],"gold_per_floor":[110,110,127,52,68,68,394,404,404,418,368,368,395,395,395,518,556,575,475,400,400,418,418,458,458,512,556,577,593,493,512,512,643,643,668,688,688,688,707,745,620,620,620,661,677,715,565,583,583],"floor_reached":50,"campfire_rested":1,"playtime":1176,"current_hp_per_floor":[80,64,70,70,76,76,59,42,42,40,40,40,38,38,60,34,79,79,79,79,79,79,79,66,66,66,50,52,54,54,53,53,34,79,78,79,79,79,78,77,77,77,77,76,72,84,84,83,83],"items_purged":["Defend_R","Defend_R","Strike_R","Strike_R"],"gold":583,"score":582,"play_id":"040eed05-933b-43f2-97ec-33e1726502b4","is_prod":false,"is_daily":false,"is_ascension_mode":true,"campfire_upgraded":6,"path_taken":["M","?","M","$","?","R","E","M","T","M","?","?","E","?","R","BOSS","M","$","?","?","M","R","E","R","T","E","?","M","?","M","R","BOSS","M","M","?","?","M","E","?","R","T","E","M","E","$","M","R","BOSS"],"build_version":"2018-02-22-PROD2","purchased_purges":4,"victory":false,"master_deck":["Strike_R+1","Bash+1","Clash+1","Thunderclap+1","Offering+1","Clash+1","Clash+1","J.A.X.+1","Limit Break+1","Dual Wield+1","Dropkick+1"],"max_hp_per_floor":[80,80,80,80,80,80,80,80,80,80,80,80,80,74,74,74,79,79,79,79,79,79,79,79,79,79,79,79,79,79,79,79,79,79,79,79,79,79,79,79,79,79,79,79,79,92,92,92,92],"relics":["Burning Blood","NeowsBlessing","Old Coin","Champion Belt","Whetstone","Golden Idol","Tiny House","Du-Vu Doll","Ornamental Fan","Dream Catcher","Frozen Egg 2","White Beast Statue","Ice Cream","Dead Branch","Darkstone Periapt","Pear"],"card_choices":[{"not_picked":["Iron Wave","Pommel Strike"],"picked":"Clash"},{"not_picked":["Feel No Pain","Flex"],"picked":"Thunderclap"},{"not_picked":["Evolve","Iron Wave"],"picked":"Offering"},{"not_picked":["Whirlwind","Headbutt"],"picked":"Clash"},{"not_picked":["Uppercut","Sentinel"],"picked":"Clash"},{"not_picked":["Demon Form","Reaper"],"picked":"Limit Break"},{"not_picked":["True Grit","Clash"],"picked":"Dual Wield"},{"not_picked":["Perfected Strike","Anger"],"picked":"Dropkick"}],"player_experience":102734,"potions_floor_usage":[16,18,24,33,40,48,50,50,50],"damage_taken":[{"damage":0,"enemies":"Jaw Worm","floor":1,"turns":1},{"damage":0,"enemies":"Small Slimes","floor":3,"turns":1},{"damage":0,"enemies":"Cultist","floor":5,"turns":1},{"damage":23,"enemies":"Lagavulin","floor":7,"turns":5},{"damage":23,"enemies":"Exordium Wildlife","floor":8,"turns":4},{"damage":8,"enemies":"2 Fungi Beasts","floor":10,"turns":3},{"damage":8,"enemies":"Gremlin Nob","floor":13,"turns":3},{"damage":32,"enemies":"Hexaghost","floor":16,"turns":5},{"damage":4,"enemies":"Shell Parasite","floor":18,"turns":2},{"damage":4,"enemies":"Spheric Guardian","floor":22,"turns":2},{"damage":19,"enemies":"Book of Stabbing","floor":24,"turns":2},{"damage":22,"enemies":"Slavers","floor":27,"turns":4},{"damage":4,"enemies":"3 Cultists","floor":28,"turns":2},{"damage":4,"enemies":"Snecko","floor":29,"turns":2},{"damage":7,"enemies":"Cultist and Chosen","floor":31,"turns":2},{"damage":25,"enemies":"Automaton","floor":33,"turns":5},{"damage":7,"enemies":"3 Darklings","floor":35,"turns":1},{"damage":5,"enemies":"3 Shapes","floor":36,"turns":2},{"damage":7,"enemies":"Sphere and 2 Shapes","floor":39,"turns":1},{"damage":7,"enemies":"2 Orb Walkers","floor":40,"turns":2},{"damage":7,"enemies":"Giant Head","floor":44,"turns":2},{"damage":10,"enemies":"4 Shapes","floor":45,"turns":1},{"damage":7,"enemies":"2 Orb Walkers","floor":46,"turns":1},{"damage":7,"enemies":"Maw","floor":48,"turns":2},{"damage":117,"enemies":"Donu and Deca","floor":50,"turns":6}],"event_choices":[{"event_name":"Shining Light","player_choice":"Entered Light","floor":2,"damage_taken":0},{"event_name":"The Cleric","player_choice":"Card Removal","floor":11,"damage_taken":0},{"event_name":"Bonfire Elementals","player_choice":"BASIC","floor":12,"damage_taken":0},{"event_name":"Golden Idol","player_choice":"Lose Max HP","floor":14,"damage_taken":0},{"event_name":"Beggar","player_choice":"Gave Gold","floor":20,"damage_taken":0},{"event_name":"The Mausoleum","player_choice":"Yes","floor":21,"damage_taken":0},{"event_name":"Drug Dealer","player_choice":"Got JAXXED","floor":30,"damage_taken":0},{"event_name":"Tomb of Lord Red Mask","player_choice":"Ignored","floor":37,"damage_taken":0}],"boss_relics":[{"not_picked":["Black Blood","Black Star"],"picked":"Tiny House"},{"not_picked":["Question Card","Calling Bell"],"picked":"White Beast Statue"}],"potions_floor_spawned":[7,10,16,18,29,31,35,36,39,40,44,45,46,48],"seed_played":"6638060562297400570","killed_by":"Donu and Deca","ascension_level":1,"is_trial":false}