{"path_per_floor":["M","?","M","M","?","M","R","M","T","M","R","M","M","M","R","B",null,"M","$","M","M","$","R","M","R","T","R","M"],"character_chosen":"IRONCLAD","items_purchased":[],"gold_per_floor":[119,119,138,158,233,252,252,264,264,280,280,292,307,320,320,422,422,434,359,372,386,286,286,304,304,328,328,346],"floor_reached":29,"campfire_rested":1,"playtime":1034,"current_hp_per_floor":[78,78,78,78,67,57,57,51,51,57,57,58,64,63,63,21,80,45,45,41,41,41,41,31,55,55,55,31],"items_purged":["Injury","Strike_R"],"gold":346,"score":223,"play_id":"5a9bd0ba-8ba4-4822-9145-0eb6d2524d37","is_prod":false,"is_daily":false,"is_ascension_mode":false,"campfire_upgraded":5,"path_taken":["M","?","M","?","?","M","R","M","T","?","R","M","M","M","R","BOSS","M","$","M","M","$","R","M","R","T","R","M","M"],"build_version":"2018-02-22-PROD2","purchased_purges":2,"victory":false,"master_deck":["Strike_R","Strike_R","Strike_R","Defend_R","Defend_R","Defend_R","Defend_R","Bash","Shrug It Off+1","Body Slam+1","Dropkick+1","Armaments+1","Flame Barrier+1","Double Tap+1"],"max_hp_per_floor":[80,80,80,80,80,80,80,80,80,80,80,80,80,80,80,80,80,80,80,80,80,80,80,80,80,80,80,80],"relics":["Burning Blood","Pen Nib","Philosopher\u0027s Stone","Bronze Scales"],"card_choices":[{"not_picked":["Pommel Strike","Twin Strike"],"picked":"Shrug It Off"},{"not_picked":["Bludgeon","Headbutt"],"picked":"Body Slam"},{"not_picked":["Spot Weakness","Searing Blow"],"picked":"Dropkick"},{"not_picked":["Iron Wave","Clothesline"],"picked":"Armaments"},{"not_picked":["Thunderclap","Pommel Strike"],"picked":"Flame Barrier"},{"not_picked":["Feed","Brutality"],"picked":"Double Tap"}],"player_experience":84777,"potions_floor_usage":[10,14,16,16,16,21,24,24,28],"damage_taken":[{"damage":8,"enemies":"Small Slimes","floor":1,"turns":3},{"damage":6,"enemies":"Cultist","floor":3,"turns":4},{"damage":6,"enemies":"2 Louse","floor":4,"turns":3},{"damage":16,"enemies":"Lots of Slimes","floor":6,"turns":8},{"damage":12,"enemies":"Large Slime","floor":8,"turns":6},{"damage":0,"enemies":"Exordium Wildlife","floor":10,"turns":3},{"damage":5,"enemies":"Red Slaver","floor":12,"turns":3},{"damage":0,"enemies":"Large Slime","floor":13,"turns":3},{"damage":7,"enemies":"3 Louse","floor":14,"turns":3},{"damage":63,"enemies":"The Guardian","floor":16,"turns":13},{"damage":41,"enemies":"Chosen","floor":18,"turns":5},{"damage":10,"enemies":"2 Thieves","floor":20,"turns":4},{"damage":15,"enemies":"Centurion and Healer","floor":21,"turns":6},{"damage":16,"enemies":"Snake Plant","floor":24,"turns":3},{"damage":30,"enemies":"3 Cultists","floor":28,"turns":6},{"damage":37,"enemies":"Sentry and Sphere","floor":29,"turns":5}],"event_choices":[{"event_name":"Accursed Blacksmith","player_choice":"Forge","floor":2,"damage_taken":0},{"event_name":"World of Goop","player_choice":"Gather Gold","floor":5,"damage_taken":0}],"boss_relics":[{"not_picked":["Mark of Pain","Black Star"],"picked":"Philosopher\u0027s Stone"}],"potions_floor_spawned":[4,6,10,13,14,16,18,20,24],"seed_played":"-1241054445750027695","killed_by":"Sentry and Sphere","ascension_level":0,"is_trial":false}