{"path_per_floor":["M","M","$","M","?","R","$","R","T","R","E","?","E","M","R","B",null,"M","$","M","?","$","R","M","M","T","R","M","$","R","M","R","B",null,"M","?","$","?","?","R","$","R","T","M","M","R","T","M","R"],"character_chosen":"IRONCLAD","items_purchased":["Thunderclap","Offering","Perfected Strike"],"gold_per_floor":[112,128,74,88,263,263,24,24,24,24,50,0,28,42,42,138,138,157,12,24,24,24,24,37,48,127,127,141,16,16,26,26,126,156,172,172,22,22,0,0,0,0,27,47,65,65,65,75,75],"floor_reached":50,"campfire_rested":1,"playtime":1044,"current_hp_per_floor":[80,80,80,72,72,72,72,72,72,72,76,76,85,89,89,44,91,91,91,83,65,65,65,67,69,69,69,69,69,69,66,66,60,80,80,70,70,70,70,70,70,70,70,78,49,49,49,61,80],"items_purged":["Doubt","Defend_R","Perfected Strike","Perfected Strike"],"gold":75,"score":484,"play_id":"e5fd16cc-cb08-4d16-b8d8-90178e4105f9","is_prod":false,"is_daily":false,"is_ascension_mode":true,"campfire_upgraded":11,"path_taken":["M","?","$","M","?","R","$","R","T","R","E","?","E","M","R","BOSS","M","$","M","?","?","R","M","M","T","R","?","?","R","?","R","BOSS","M","?","$","?","?","R","$","R","T","?","M","R","?","M","R","BOSS"],"build_version":"2018-02-22-PROD2","purchased_purges":4,"victory":false,"master_deck":["Defend_R","Defend_R","Bash+1","Cleave+1","Seeing Red+1","Thunderclap+1","Offering+1","Clash+1","Offering+1","Flex+1","Bite+1","Bite+1","Bite","Bite","Bite+1","Inflame+1","Flex+1","Madness","Madness","Heavy Blade+1","Sword Boomerang+1","Inflame+1"],"max_hp_per_floor":[80,80,80,80,80,80,80,80,80,80,82,82,89,91,91,91,91,93,93,93,65,65,65,67,69,69,69,69,69,69,71,71,73,80,80,80,80,80,80,80,80,80,80,80,80,80,80,80,80],"relics":["Burning Blood","Whetstone","Singing Bowl","Strawberry","Runic Dome","Tiny Chest","Tiny House","Red Mask","Ancient Tea Set","Girya"],"card_choices":[{"not_picked":["Fire Breathing","Anger"],"picked":"Cleave"},{"not_picked":["Ghostly Armor","True Grit"],"picked":"Perfected Strike"},{"not_picked":["Anger","Armaments"],"picked":"Seeing Red"},{"not_picked":["Pommel Strike","Metallicize"],"picked":"Clash"},{"not_picked":["Dark Embrace","Demon Form"],"picked":"Offering"},{"not_picked":["Blood for Blood","Immolate"],"picked":"Flex"},{"not_picked":["Sever Soul","Wild Strike"],"picked":"Inflame"},{"not_picked":["Anger","Shrug It Off"],"picked":"Flex"},{"not_picked":["Clothesline","Twin Strike"],"picked":"Heavy Blade"},{"not_picked":["Warcry","Berserk"],"picked":"Sword Boomerang"},{"not_picked":["Shrug It Off","Pommel Strike"],"picked":"Inflame"}],"player_experience":125557,"potions_floor_usage":[13,16,28,31,44,45],"damage_taken":[{"damage":1,"enemies":"Cultist","floor":1,"turns":3},{"damage":5,"enemies":"Small Slimes","floor":2,"turns":3},{"damage":14,"enemies":"Jaw Worm","floor":4,"turns":3},{"damage":4,"enemies":"Gremlin Nob","floor":11,"turns":2},{"damage":4,"enemies":"3 Sentries","floor":13,"turns":2},{"damage":4,"enemies":"Large Slime","floor":14,"turns":3},{"damage":51,"enemies":"The Guardian","floor":16,"turns":6},{"damage":8,"enemies":"Chosen","floor":18,"turns":2},{"damage":14,"enemies":"2 Thieves","floor":20,"turns":2},{"damage":8,"enemies":"3 Cultists","floor":24,"turns":2},{"damage":8,"enemies":"Snecko","floor":25,"turns":2},{"damage":8,"enemies":"Chosen and Byrds","floor":28,"turns":3},{"damage":15,"enemies":"Centurion and Healer","floor":31,"turns":3},{"damage":34,"enemies":"Collector","floor":33,"turns":4},{"damage":8,"enemies":"3 Darklings","floor":35,"turns":2},{"damage":4,"enemies":"Orb Walker","floor":44,"turns":1},{"damage":43,"enemies":"4 Shapes","floor":45,"turns":3},{"damage":13,"enemies":"Maw","floor":48,"turns":4},{"damage":121,"enemies":"Awakened One","floor":50,"turns":6}],"event_choices":[{"event_name":"Liars Game","player_choice":"agreed","floor":5,"damage_taken":0},{"event_name":"The Cleric","player_choice":"Card Removal","floor":12,"damage_taken":0},{"event_name":"Vampires","player_choice":"Became a vampire","floor":21,"damage_taken":0},{"event_name":"Winding Halls","player_choice":"Embrace Madness","floor":36,"damage_taken":0},{"event_name":"The Lab","player_choice":"Got Potions","floor":38,"damage_taken":0},{"event_name":"Tomb of Lord Red Mask","player_choice":"Paid","floor":39,"damage_taken":0}],"boss_relics":[{"not_picked":["Ectoplasm","Snecko Eye"],"picked":"Runic Dome"},{"not_picked":["Calling Bell","Mark of Pain"],"picked":"Tiny House"}],"potions_floor_spawned":[1,4,16,24,35,44],"seed_played":"-7474926677861297717","killed_by":"Awakened One","ascension_level":3,"is_trial":false}