{"path_per_floor":["M","?","?","M","?","R","E","R","T","M","M","M","M","M","R","B",null,"M","?","?","$","?","R","?","R","T","R","?","$","M","?","R","B",null,"M","?","M","?","?","E","R","T","T","R","M","M","?","M","R","B"],"character_chosen":"IRONCLAD","items_purchased":["Oddly Smooth Stone"],"gold_per_floor":[112,112,112,123,123,123,152,152,152,164,176,186,197,213,213,314,314,282,282,332,105,105,105,105,105,105,105,50,50,63,63,63,165,165,178,478,491,491,491,517,517,517,541,541,552,568,568,586,586,586],"floor_reached":51,"campfire_rested":3,"playtime":1309,"current_hp_per_floor":[80,77,77,80,73,73,79,79,79,65,71,64,60,60,60,63,80,60,44,44,44,70,70,55,55,55,55,55,55,57,57,57,21,85,65,65,73,73,73,31,56,56,56,81,70,57,57,67,91,31],"items_purged":["Bash"],"gold":586,"score":728,"play_id":"732f95cd-3363-48f7-bb6a-f55c1d225286","is_prod":false,"is_daily":false,"is_ascension_mode":true,"campfire_upgraded":6,"path_taken":["M","?","?","M","?","R","E","R","T","M","M","M","M","?","R","BOSS","M","?","?","$","?","R","?","R","T","R","?","$","?","?","R","BOSS","M","?","M","?","?","E","R","?","T","R","?","M","?","M","R","BOSS"],"build_version":"2018-02-22-PROD2","purchased_purges":1,"victory":true,"master_deck":["Strike_R","Strike_R","Strike_R","Defend_R+1","Defend_R+1","Defend_R","Defend_R","Flame Barrier+1","Shrug It Off+1","Armaments+1","Body Slam+1","Body Slam+1","Flame Barrier+1"],"max_hp_per_floor":[80,80,80,80,80,80,80,80,80,80,80,80,80,80,80,80,80,80,80,80,80,80,80,85,85,85,85,85,85,85,85,85,85,85,85,85,85,85,85,85,85,85,85,85,87,89,89,91,91,91],"relics":["Burning Blood","NeowsBlessing","Bird Faced Urn","Vajra","Shovel","Sozu","Enchiridion","Oddly Smooth Stone","Red Skull","Omamori","Tiny Chest","Runic Dome","Pantograph","Girya","Singing Bowl"],"card_choices":[{"not_picked":["Warcry","Carnage"],"picked":"Flame Barrier"},{"not_picked":["Sword Boomerang","Metallicize"],"picked":"Shrug It Off"},{"not_picked":["Fiend Fire","Havoc"],"picked":"Armaments"},{"not_picked":["Cleave","Havoc"],"picked":"Body Slam"},{"not_picked":["Headbutt","Metallicize"],"picked":"Body Slam"}],"player_experience":111240,"potions_floor_usage":[11,14,16,16],"damage_taken":[{"damage":0,"enemies":"2 Louse","floor":1,"turns":1},{"damage":0,"enemies":"Jaw Worm","floor":4,"turns":1},{"damage":0,"enemies":"Gremlin Nob","floor":7,"turns":1},{"damage":20,"enemies":"Small Slimes","floor":10,"turns":4},{"damage":0,"enemies":"Exordium Wildlife","floor":11,"turns":5},{"damage":13,"enemies":"Blue Slaver","floor":12,"turns":4},{"damage":10,"enemies":"Large Slime","floor":13,"turns":7},{"damage":6,"enemies":"Looter","floor":14,"turns":3},{"damage":3,"enemies":"The Guardian","floor":16,"turns":11},{"damage":26,"enemies":"2 Thieves","floor":18,"turns":5},{"damage":6,"enemies":"3 Byrds","floor":30,"turns":6},{"damage":44,"enemies":"Automaton","floor":33,"turns":9},{"damage":26,"enemies":"3 Darklings","floor":35,"turns":5},{"damage":0,"enemies":"Orb Walker","floor":37,"turns":3},{"damage":50,"enemies":"Giant Head","floor":40,"turns":10},{"damage":21,"enemies":"Maw","floor":45,"turns":8},{"damage":23,"enemies":"3 Darklings","floor":46,"turns":5},{"damage":0,"enemies":"4 Shapes","floor":48,"turns":5},{"damage":66,"enemies":"Awakened One","floor":50,"turns":19}],"event_choices":[{"event_name":"Scrap Ooze","player_choice":"success","floor":2,"damage_taken":3},{"event_name":"Liars Game","player_choice":"disagreed","floor":3,"damage_taken":0},{"event_name":"Golden Wing","player_choice":"Card Removal","floor":5,"damage_taken":0},{"event_name":"Cursed Tome","player_choice":"Obtained Book","floor":19,"damage_taken":0},{"event_name":"The Joust","player_choice":"Bet on Murderer","floor":20,"damage_taken":0},{"event_name":"The Library","player_choice":"Heal","floor":22,"damage_taken":0},{"event_name":"Forgotten Altar","player_choice":"Shed Blood","floor":24,"damage_taken":0},{"event_name":"Addict","player_choice":"Obtained Relic","floor":28,"damage_taken":0},{"event_name":"The Mausoleum","player_choice":"No","floor":31,"damage_taken":0},{"event_name":"Wheel of Change","player_choice":"Gold","floor":36,"damage_taken":0},{"event_name":"Duplicator","player_choice":"One dupe","floor":39,"damage_taken":0},{"event_name":"Upgrade Shrine","player_choice":"Upgraded","floor":47,"damage_taken":0}],"boss_relics":[{"not_picked":["Philosopher\u0027s Stone","Runic Cube"],"picked":"Sozu"},{"not_picked":["Orrery","Runic Pyramid"],"picked":"Runic Dome"}],"potions_floor_spawned":[10,12,13,14,18,37,40,45],"seed_played":"6611632623244459207","ascension_level":2,"is_trial":false}