{"path_per_floor":["M","?","?","?","M","R","$","M","T","$","E","M","T","M","R","B",null,"M","M","?","$","M","R"],"character_chosen":"IRONCLAD","items_purchased":["Whirlwind"],"gold_per_floor":[116,116,116,116,133,133,23,34,34,34,63,78,108,119,119,217,217,237,252,252,152,166,166],"floor_reached":24,"campfire_rested":0,"playtime":497,"current_hp_per_floor":[80,80,64,80,80,80,80,80,80,80,46,41,41,47,47,28,80,49,49,49,49,33,33],"items_purged":["Defend_R","Defend_R"],"gold":166,"score":225,"play_id":"ee7c2339-db96-4ca7-a789-dbd011979a53","is_prod":false,"is_daily":false,"is_ascension_mode":true,"campfire_upgraded":3,"path_taken":["M","?","?","?","?","R","$","M","T","$","E","M","?","M","R","BOSS","M","M","?","$","M","R","E"],"build_version":"2018-02-22-PROD2","purchased_purges":2,"victory":false,"master_deck":["Strike_R+1","Strike_R","Strike_R","Strike_R","Strike_R","Defend_R+1","Bash","Pommel Strike+1","Whirlwind+1","Heavy Blade","Clash","Limit Break","Warcry+1"],"max_hp_per_floor":[80,80,80,80,80,80,80,80,80,80,80,80,80,80,80,80,80,80,80,80,80,80,80],"relics":["Burning Blood","Lantern","Centennial Puzzle","Letter Opener","Tiny Chest","Runic Cube"],"card_choices":[{"not_picked":["Seeing Red","Armaments"],"picked":"Pommel Strike"},{"not_picked":["True Grit","Sword Boomerang"],"picked":"Heavy Blade"},{"not_picked":["Intimidate","True Grit"],"picked":"Clash"},{"not_picked":["Immolate","Juggernaut"],"picked":"Limit Break"}],"player_experience":125060,"potions_floor_usage":[11,16,19,24],"damage_taken":[{"damage":6,"enemies":"Cultist","floor":1,"turns":3},{"damage":0,"enemies":"Jaw Worm","floor":5,"turns":3},{"damage":0,"enemies":"2 Louse","floor":8,"turns":2},{"damage":40,"enemies":"Lagavulin","floor":11,"turns":4},{"damage":11,"enemies":"Looter","floor":12,"turns":2},{"damage":0,"enemies":"2 Fungi Beasts","floor":14,"turns":3},{"damage":25,"enemies":"Slime Boss","floor":16,"turns":8},{"damage":37,"enemies":"Chosen","floor":18,"turns":5},{"damage":6,"enemies":"3 Byrds","floor":19,"turns":3},{"damage":22,"enemies":"3 Cultists","floor":22,"turns":4},{"damage":38,"enemies":"Slavers","floor":24,"turns":2}],"event_choices":[{"event_name":"Liars Game","player_choice":"disagreed","floor":2,"damage_taken":0},{"event_name":"Shining Light","player_choice":"Entered Light","floor":3,"damage_taken":0},{"event_name":"Wheel of Change","player_choice":"Full Heal","floor":4,"damage_taken":0},{"event_name":"Transmorgrifier","player_choice":"Transform","floor":20,"damage_taken":0}],"boss_relics":[{"not_picked":["Black Star","Mark of Pain"],"picked":"Runic Cube"}],"potions_floor_spawned":[5,11,14,18,19],"seed_played":"-1108040375212693554","killed_by":"Slavers","ascension_level":3,"is_trial":false}