{"path_per_floor":["M","M","?","?","M","R","E","M","T","M","M","R","?","$","R","B",null,"M","M","?","?","?","R","M","T","T","R","M","M","$","M","R","B",null,"M","?","M"],"character_chosen":"IRONCLAD","items_purchased":["Pen Nib"],"gold_per_floor":[113,124,124,124,137,137,170,187,211,228,246,246,246,26,26,127,127,138,149,149,149,49,49,66,66,90,90,104,116,16,36,36,137,137,147,147,163],"floor_reached":38,"campfire_rested":2,"playtime":2496,"current_hp_per_floor":[75,75,75,57,63,63,51,47,47,44,34,34,18,18,57,66,80,65,68,80,80,80,80,55,55,55,55,49,39,39,27,66,8,80,76,76,19],"items_purged":["Defend_R","Brutality"],"gold":163,"score":353,"play_id":"d3044c66-d55d-40bd-bfee-3d4eb57981e6","is_prod":false,"is_daily":false,"is_ascension_mode":false,"campfire_upgraded":4,"path_taken":["M","M","?","?","?","R","E","?","T","M","M","R","?","$","R","BOSS","M","M","?","?","?","R","M","?","T","R","M","?","$","M","R","BOSS","M","?","M","M"],"build_version":"2018-02-15-PROD1","purchased_purges":2,"victory":false,"master_deck":["Strike_R+1","Strike_R","Strike_R+1","Defend_R+1","Defend_R+1","Bash","Flex","Jack Of All Trades+1","Heavy Blade+1","Heavy Blade","Armaments+1","Thunderclap","Uppercut","Rampage","Anger","Body Slam+1","Disarm+1","Brutality+1","Disarm+1","True Grit+1","J.A.X.+1","Anger+1","Shrug It Off","Anger","Flex","Demon Form","Inflame","Corruption+1"],"max_hp_per_floor":[80,80,80,80,80,80,80,80,80,80,80,80,80,80,80,80,80,80,80,80,80,80,80,80,80,80,80,80,80,80,80,80,80,80,80,80,80],"relics":["Burning Blood","Dream Catcher","War Paint","Regal Pillow","Pen Nib","Astrolabe","Paper Frog","Blood Vial","Lizard Tail"],"card_choices":[{"not_picked":["Pommel Strike","Sentinel"],"picked":"Flex"},{"not_picked":["Body Slam","Thunderclap"],"picked":"Heavy Blade"},{"not_picked":["Twin Strike","Demon Form"],"picked":"Armaments"},{"not_picked":["Metallicize","Blood for Blood"],"picked":"Thunderclap"},{"not_picked":["Combust","Thunderclap"],"picked":"Uppercut"},{"not_picked":["Shrug It Off","Fire Breathing"],"picked":"Rampage"},{"not_picked":["Pommel Strike","Combust"],"picked":"Anger"},{"not_picked":["Immolate","Reaper"],"picked":"Brutality"},{"not_picked":["Perfected Strike","Cleave"],"picked":"Disarm"},{"not_picked":["Fire Breathing","Heavy Blade"],"picked":"True Grit"},{"not_picked":["Corruption","Spot Weakness"],"picked":"Anger"},{"not_picked":["Clothesline","Clash"],"picked":"Shrug It Off"},{"not_picked":["Shrug It Off","Thunderclap"],"picked":"Anger"},{"not_picked":["Sever Soul","Pummel"],"picked":"Flex"},{"not_picked":["Bludgeon","Reaper"],"picked":"Demon Form"},{"not_picked":["Twin Strike","Pommel Strike"],"picked":"Inflame"},{"not_picked":["Shrug It Off","Hemokinesis"],"picked":"Corruption"}],"player_experience":68902,"potions_floor_usage":[7,16,16,33,33,33,38],"damage_taken":[{"damage":11,"enemies":"Jaw Worm","floor":1,"turns":3},{"damage":6,"enemies":"Cultist","floor":2,"turns":3},{"damage":0,"enemies":"2 Louse","floor":5,"turns":2},{"damage":24,"enemies":"3 Sentries","floor":7,"turns":6},{"damage":10,"enemies":"Looter","floor":8,"turns":2},{"damage":13,"enemies":"2 Fungi Beasts","floor":10,"turns":3},{"damage":16,"enemies":"Exordium Wildlife","floor":11,"turns":4},{"damage":9,"enemies":"Slime Boss","floor":16,"turns":6},{"damage":21,"enemies":"2 Thieves","floor":18,"turns":4},{"damage":3,"enemies":"Spheric Guardian","floor":19,"turns":3},{"damage":31,"enemies":"Snecko","floor":24,"turns":5},{"damage":14,"enemies":"Snake Plant","floor":28,"turns":3},{"damage":18,"enemies":"Centurion and Healer","floor":29,"turns":5},{"damage":20,"enemies":"Chosen and Byrds","floor":31,"turns":5},{"damage":81,"enemies":"Automaton","floor":33,"turns":9},{"damage":10,"enemies":"Orb Walker","floor":35,"turns":3},{"damage":65,"enemies":"3 Darklings","floor":37,"turns":4},{"damage":19,"enemies":"Sphere and 2 Shapes","floor":38,"turns":3}],"event_choices":[{"event_name":"Match and Keep!","player_choice":"2 cards matched","floor":3,"damage_taken":0},{"event_name":"Scrap Ooze","player_choice":"success","floor":4,"damage_taken":18},{"event_name":"Shining Light","player_choice":"Entered Light","floor":13,"damage_taken":0},{"event_name":"The Library","player_choice":"Heal","floor":20,"damage_taken":0},{"event_name":"Vampires","player_choice":"Ignored","floor":21,"damage_taken":0},{"event_name":"Drug Dealer","player_choice":"Got JAXXED","floor":22,"damage_taken":0},{"event_name":"Mysterious Sphere","player_choice":"Ignore","floor":36,"damage_taken":0}],"boss_relics":[{"not_picked":["Runic Pyramid","Eternal Feather"],"picked":"Astrolabe"},{"not_picked":["Question Card","Snecko Eye"],"picked":"Lizard Tail"}],"potions_floor_spawned":[2,7,8,11,19,31,35],"seed_played":"5826829215876372543","killed_by":"Sphere and 2 Shapes","ascension_level":0,"is_trial":false}