{"path_per_floor":["M","?","?","M","$","E","M","?","T","?","R","?","E","$","R","B",null,"M","M","$","M","M","R","M","$","T","R","?","M","M","?","R"],"character_chosen":"IRONCLAD","items_purchased":["Flash of Steel"],"gold_per_floor":[119,69,69,86,11,45,65,65,89,89,89,264,298,198,198,294,294,306,321,95,105,124,124,135,135,162,162,262,277,293,293,293],"floor_reached":33,"campfire_rested":3,"playtime":719,"current_hp_per_floor":[65,65,51,48,48,27,33,33,33,33,33,33,25,25,46,17,72,59,47,47,43,28,28,12,12,12,33,33,39,45,45,66],"items_purged":["Defend_R","Doubt","True Grit"],"gold":293,"score":268,"play_id":"cc472647-77e3-4838-91e4-d7b5f7f366da","is_prod":false,"is_daily":false,"is_ascension_mode":true,"campfire_upgraded":2,"path_taken":["M","?","?","M","$","E","?","?","T","?","R","?","E","$","R","BOSS","M","M","$","M","M","R","M","$","T","R","?","M","M","?","R","BOSS"],"build_version":"2018-02-22-PROD2","purchased_purges":3,"victory":false,"master_deck":["Strike_R+1","Strike_R","Strike_R","Bash+1","Flex","Anger+1","Clothesline+1","Flex","Heavy Blade+1","Flash of Steel+1"],"max_hp_per_floor":[72,72,72,72,72,72,72,72,72,72,72,72,72,72,72,72,72,72,72,72,72,72,72,72,72,72,72,72,72,72,72,72],"relics":["Burning Blood","Red Skull","Vajra","Bronze Scales","Bag of Preparation","Astrolabe","Bag of Marbles"],"card_choices":[{"not_picked":["Whirlwind","Shrug It Off"],"picked":"Flex"},{"not_picked":["Iron Wave","Clothesline"],"picked":"Flex"},{"not_picked":["Uppercut","Armaments"],"picked":"Heavy Blade"}],"player_experience":92039,"potions_floor_usage":[7,16,16,33,33],"damage_taken":[{"damage":13,"enemies":"Jaw Worm","floor":1,"turns":3},{"damage":9,"enemies":"2 Louse","floor":4,"turns":3},{"damage":27,"enemies":"3 Sentries","floor":6,"turns":7},{"damage":0,"enemies":"Small Slimes","floor":7,"turns":2},{"damage":14,"enemies":"Gremlin Nob","floor":13,"turns":3},{"damage":35,"enemies":"Hexaghost","floor":16,"turns":6},{"damage":19,"enemies":"3 Byrds","floor":18,"turns":4},{"damage":18,"enemies":"2 Thieves","floor":19,"turns":3},{"damage":10,"enemies":"Cultist and Chosen","floor":21,"turns":4},{"damage":21,"enemies":"Snake Plant","floor":22,"turns":2},{"damage":22,"enemies":"Slaver and Parasite","floor":24,"turns":2},{"damage":0,"enemies":"Centurion and Healer","floor":29,"turns":2},{"damage":0,"enemies":"Snake Plant","floor":30,"turns":1},{"damage":93,"enemies":"Automaton","floor":33,"turns":6}],"event_choices":[{"event_name":"The Cleric","player_choice":"Card Removal","floor":2,"damage_taken":0},{"event_name":"Shining Light","player_choice":"Entered Light","floor":3,"damage_taken":0},{"event_name":"Wheel of Change","player_choice":"Curse","floor":8,"damage_taken":0},{"event_name":"Purifier","player_choice":"One Purge","floor":10,"damage_taken":0},{"event_name":"Liars Game","player_choice":"agreed","floor":12,"damage_taken":0},{"event_name":"Golden Shrine","player_choice":"Pray","floor":28,"damage_taken":0},{"event_name":"Back to Basics","player_choice":"Elegance","floor":31,"damage_taken":0}],"boss_relics":[{"not_picked":["Black Star","Eternal Feather"],"picked":"Astrolabe"}],"potions_floor_spawned":[4,6,13,21,29,30],"seed_played":"-2675965382070373181","killed_by":"Automaton","ascension_level":1,"is_trial":false}