{"path_per_floor":["M","?","?","$","M","R","M","M","T","M","?","$","M","M","R","B",null,"M","M","?","M","$","R","M","M","T","?","M","R","M","M","R","B",null,"M","$","?"],"character_chosen":"IRONCLAD","items_purchased":["Pommel Strike","Flex","Fiend Fire"],"gold_per_floor":[113,113,288,213,226,226,241,255,255,270,270,117,130,143,143,245,245,256,268,268,284,134,134,145,160,187,187,207,207,223,240,240,337,337,349,54,54],"floor_reached":38,"campfire_rested":2,"playtime":1340,"current_hp_per_floor":[80,68,68,68,74,74,80,80,80,80,64,64,70,64,64,33,80,69,68,52,37,37,61,60,43,43,43,39,55,56,56,56,19,56,23,23,23],"items_purged":["Doubt","Defend_R","Defend_R","Defend_R"],"gold":54,"score":348,"play_id":"e8aa533b-b6a5-44b7-9ecf-13391cfe6716","is_prod":false,"is_daily":false,"is_ascension_mode":false,"campfire_upgraded":3,"path_taken":["M","?","?","$","M","R","M","?","T","M","?","?","?","M","R","BOSS","M","M","?","M","$","R","M","M","T","?","M","R","M","M","R","BOSS","M","$","?","M"],"build_version":"2018-02-15-PROD1","purchased_purges":4,"victory":false,"master_deck":["Defend_R","Bash+1","Clash","Reckless Charge","Rage+1","Pommel Strike+1","Flex+1","Clash","Necronomicurse","Anger","Flex","Reckless Charge","Burning Pact+1","Bite","Bite","Bite","Bite","Bite","Whirlwind+1","Anger+1","Anger","Limit Break","Pommel Strike+1","Fiend Fire"],"max_hp_per_floor":[80,80,80,80,80,80,80,80,80,80,80,80,80,80,80,80,80,80,80,80,80,80,80,80,80,80,56,56,56,56,56,56,56,56,56,56,56],"relics":["Burning Blood","NeowsBlessing","Du-Vu Doll","Shuriken","Sozu","Necronomicon","Vajra","Runic Pyramid"],"card_choices":[{"not_picked":["Reckless Charge","Flex"],"picked":"Clash"},{"not_picked":["Wild Strike","Heavy Blade"],"picked":"Reckless Charge"},{"not_picked":["Heavy Blade","Cleave"],"picked":"Rage"},{"not_picked":["Heavy Blade","Thunderclap"],"picked":"Flex"},{"not_picked":["Metallicize","Havoc"],"picked":"Clash"},{"not_picked":["Dual Wield","Whirlwind"],"picked":"Anger"},{"not_picked":["Wild Strike","Corruption"],"picked":"Reckless Charge"},{"not_picked":["Inflame","Havoc"],"picked":"Burning Pact"},{"not_picked":["Dark Embrace","Evolve"],"picked":"Whirlwind"},{"not_picked":["Iron Wave","Flex"],"picked":"Anger"},{"not_picked":["Pommel Strike","Flex"],"picked":"Anger"},{"not_picked":["Berserk","Barricade"],"picked":"Limit Break"},{"not_picked":["Body Slam","True Grit"],"picked":"Pommel Strike"}],"player_experience":66106,"potions_floor_usage":[14,16],"damage_taken":[{"damage":0,"enemies":"2 Louse","floor":1,"turns":1},{"damage":0,"enemies":"Jaw Worm","floor":5,"turns":1},{"damage":0,"enemies":"Cultist","floor":7,"turns":1},{"damage":1,"enemies":"2 Fungi Beasts","floor":8,"turns":3},{"damage":0,"enemies":"3 Louse","floor":10,"turns":3},{"damage":0,"enemies":"Exordium Wildlife","floor":13,"turns":3},{"damage":12,"enemies":"Exordium Thugs","floor":14,"turns":3},{"damage":37,"enemies":"Hexaghost","floor":16,"turns":6},{"damage":17,"enemies":"Chosen","floor":18,"turns":4},{"damage":7,"enemies":"Shell Parasite","floor":19,"turns":2},{"damage":21,"enemies":"Snake Plant","floor":21,"turns":3},{"damage":7,"enemies":"Centurion and Healer","floor":24,"turns":3},{"damage":23,"enemies":"Snecko","floor":25,"turns":4},{"damage":18,"enemies":"Slaver and Parasite","floor":28,"turns":3},{"damage":0,"enemies":"Sentry and Sphere","floor":30,"turns":3},{"damage":0,"enemies":"Chosen and Byrds","floor":31,"turns":2},{"damage":45,"enemies":"Collector","floor":33,"turns":4},{"damage":41,"enemies":"Orb Walker","floor":35,"turns":4},{"damage":28,"enemies":"3 Shapes","floor":38,"turns":2}],"event_choices":[{"event_name":"Scrap Ooze","player_choice":"success","floor":2,"damage_taken":12},{"event_name":"Liars Game","player_choice":"agreed","floor":3,"damage_taken":0},{"event_name":"Shining Light","player_choice":"Entered Light","floor":11,"damage_taken":0},{"event_name":"Cursed Tome","player_choice":"Obtained Book","floor":20,"damage_taken":0},{"event_name":"Vampires","player_choice":"Became a vampire","floor":27,"damage_taken":0},{"event_name":"The Lab","player_choice":"Got Potions","floor":37,"damage_taken":0}],"boss_relics":[{"not_picked":["Philosopher\u0027s Stone","Mark of Pain"],"picked":"Sozu"},{"not_picked":["Orrery","Snecko Eye"],"picked":"Runic Pyramid"}],"potions_floor_spawned":[13,14,16,18,19,24,25,31,35],"seed_played":"-4735360396018720892","killed_by":"3 Shapes","ascension_level":0,"is_trial":false}