{"path_per_floor":["M","?","?","$","M","R","?","R","T","R","E","M","?","M","R","B",null,"M","M","?","?","$","R","T","M","T","?"],"character_chosen":"IRONCLAD","items_purchased":["Blood Vial"],"gold_per_floor":[114,64,139,139,153,153,153,153,153,153,189,209,209,222,222,353,353,373,388,388,388,156,156,156,171,171,171],"floor_reached":28,"campfire_rested":1,"playtime":750,"current_hp_per_floor":[78,78,67,67,64,64,64,64,64,64,37,42,42,17,39,7,74,70,41,41,41,41,41,55,38,38,38],"items_purged":["Strike_R"],"gold":171,"score":246,"play_id":"6b0293bc-8f91-4e53-8a78-dfd5cfc4691f","is_prod":false,"is_daily":false,"is_ascension_mode":true,"campfire_upgraded":3,"path_taken":["M","?","?","$","M","R","?","R","T","R","E","M","?","M","R","BOSS","M","?","?","?","?","R","?","M","T","?","M"],"build_version":"2018-02-22-PROD2","purchased_purges":2,"victory":false,"master_deck":["Strike_R+1","Strike_R+1","Defend_R+1","Defend_R+1","Defend_R+1","Defend_R+1","Bash+1","Armaments+1","Disarm","Pommel Strike","Demon Form","Shrug It Off","Flex","Heavy Blade+1","Heavy Blade","Flex","True Grit+1"],"max_hp_per_floor":[80,80,80,80,80,80,74,74,74,74,74,74,74,74,74,74,74,74,74,74,74,74,74,88,88,88,88],"relics":["Burning Blood","Bloody Idol","Peace Pipe","Pantograph","Orrery","Blood Vial","Mango","Ice Cream"],"card_choices":[{"not_picked":["Combust","Havoc"],"picked":"Armaments"},{"not_picked":["Twin Strike","Intimidate"],"picked":"Disarm"},{"not_picked":["Anger","Impervious"],"picked":"Pommel Strike"},{"not_picked":["Limit Break","Bludgeon"],"picked":"Demon Form"},{"not_picked":["Sword Boomerang","Feel No Pain"],"picked":"Shrug It Off"},{"not_picked":["Cleave","Clothesline"],"picked":"Flex"},{"not_picked":["Pommel Strike","Bludgeon"],"picked":"Heavy Blade"},{"not_picked":["Clothesline","Headbutt"],"picked":"Heavy Blade"},{"not_picked":["Perfected Strike","Pommel Strike"],"picked":"Flex"},{"not_picked":["Blood for Blood","Pommel Strike"],"picked":"True Grit"}],"player_experience":124310,"potions_floor_usage":[11,14,25],"damage_taken":[{"damage":8,"enemies":"2 Louse","floor":1,"turns":4},{"damage":9,"enemies":"Jaw Worm","floor":5,"turns":4},{"damage":33,"enemies":"3 Sentries","floor":11,"turns":13},{"damage":1,"enemies":"Small Slimes","floor":12,"turns":4},{"damage":31,"enemies":"Exordium Thugs","floor":14,"turns":8},{"damage":63,"enemies":"Slime Boss","floor":16,"turns":10},{"damage":10,"enemies":"Chosen","floor":18,"turns":5},{"damage":35,"enemies":"Spheric Guardian","floor":19,"turns":5},{"damage":30,"enemies":"Centurion and Healer","floor":25,"turns":6},{"damage":42,"enemies":"Sentry and Sphere","floor":28,"turns":7}],"event_choices":[{"event_name":"The Cleric","player_choice":"Card Removal","floor":2,"damage_taken":0},{"event_name":"World of Goop","player_choice":"Gather Gold","floor":3,"damage_taken":0},{"event_name":"Golden Idol","player_choice":"Lose Max HP","floor":7,"damage_taken":0},{"event_name":"Dead Adventurer","player_choice":"Searched \u00271\u0027 times","floor":13,"damage_taken":0},{"event_name":"The Mausoleum","player_choice":"No","floor":20,"damage_taken":0},{"event_name":"Forgotten Altar","player_choice":"Gave Idol","floor":21,"damage_taken":0},{"event_name":"Back to Basics","player_choice":"Simplicity","floor":27,"damage_taken":0}],"boss_relics":[{"not_picked":["Snecko Eye","Velvet Choker"],"picked":"Orrery"}],"potions_floor_spawned":[1,11,18],"seed_played":"-9208776807783415174","killed_by":"Sentry and Sphere","ascension_level":3,"is_trial":false}