{"path_per_floor":["M","M","?","$","M","M","E","$","T","E","M","E","M","M","R","B",null,"M","M","$","?","?","R","M","T","T","M","R","?","M","T","R","B",null,"M","?","M"],"character_chosen":"IRONCLAD","items_purchased":["Body Slam","Kunai"],"gold_per_floor":[112,131,131,11,27,45,72,72,72,99,112,146,159,172,172,276,276,288,307,47,47,47,47,60,60,116,126,126,176,188,235,235,331,331,343,343,362],"floor_reached":38,"campfire_rested":1,"playtime":2734,"current_hp_per_floor":[80,74,58,58,64,51,44,44,44,29,23,16,19,24,48,16,80,75,70,70,70,70,70,72,72,72,74,74,74,76,76,76,17,80,57,47,26],"items_purged":["Strike_R"],"gold":0,"score":350,"play_id":"98214312-c528-4752-bd0e-64634736f1a5","is_prod":false,"is_daily":false,"is_ascension_mode":false,"campfire_upgraded":3,"path_taken":["M","?","?","$","M","M","E","$","T","E","M","E","M","M","R","BOSS","M","M","$","?","?","R","M","?","T","M","R","?","M","?","R","BOSS","M","?","M","?","M"],"build_version":"2018-02-22-PROD2","purchased_purges":1,"victory":false,"master_deck":["Strike_R+1","Strike_R+1","Strike_R+1","Defend_R+1","Defend_R+1","Defend_R+1","Defend_R+1","Bash+1","Body Slam","Headbutt","Flame Barrier","Armaments+1","Offering+1","Shrug It Off","Dropkick","Exhume","Entrench+1","Flex","Whirlwind","Thunderclap","Limit Break","Sword Boomerang+1","Sentinel+1","Bludgeon+1","Madness","Madness"],"max_hp_per_floor":[80,80,80,80,80,80,80,80,80,80,80,80,80,80,80,80,80,80,80,80,80,80,80,80,80,80,80,80,80,80,80,80,80,80,80,80,80],"relics":["Burning Blood","Dream Catcher","Bag of Marbles","Champion Belt","Self Forming Clay","Oddly Smooth Stone","Velvet Choker","Kunai","Gambling Chip","Tiny Chest","Bronze Scales","Astrolabe","Red Mask"],"card_choices":[{"not_picked":["Carnage","Clash"],"picked":"Infernal Blade"},{"not_picked":["Flex","Clothesline"],"picked":"Headbutt"},{"not_picked":["Heavy Blade","Pummel"],"picked":"Flame Barrier"},{"not_picked":["Perfected Strike","Clothesline"],"picked":"Infernal Blade"},{"not_picked":["Bloodletting","Heavy Blade"],"picked":"Armaments"},{"not_picked":["Anger","Metallicize"],"picked":"Offering"},{"not_picked":["Seeing Red","Infernal Blade"],"picked":"Shrug It Off"},{"not_picked":["Intimidate","Sword Boomerang"],"picked":"Dropkick"},{"not_picked":["Reaper","Dark Embrace"],"picked":"Exhume"},{"not_picked":["Sword Boomerang","Metallicize"],"picked":"Entrench"},{"not_picked":["Power Through","Heavy Blade"],"picked":"Flex"},{"not_picked":["Hemokinesis","Searing Blow"],"picked":"Reckless Charge"},{"not_picked":["Wild Strike","True Grit"],"picked":"Whirlwind"},{"not_picked":["Iron Wave","Havoc"],"picked":"Thunderclap"},{"not_picked":["Feed","Immolate"],"picked":"Limit Break"}],"player_experience":79942,"potions_floor_usage":[],"damage_taken":[{"damage":6.0,"enemies":"Cultist","floor":1.0,"turns":3.0},{"damage":12.0,"enemies":"2 Louse","floor":2.0,"turns":3.0},{"damage":0.0,"enemies":"Small Slimes","floor":5.0,"turns":2.0},{"damage":19.0,"enemies":"Red Slaver","floor":6.0,"turns":2.0},{"damage":28.0,"enemies":"3 Sentries","floor":7.0,"turns":7.0},{"damage":21.0,"enemies":"Gremlin Nob","floor":10.0,"turns":4.0},{"damage":12.0,"enemies":"Gremlin Gang","floor":11.0,"turns":5.0},{"damage":13.0,"enemies":"Lagavulin","floor":12.0,"turns":3.0},{"damage":3.0,"enemies":"Blue Slaver","floor":13.0,"turns":2.0},{"damage":1.0,"enemies":"Looter","floor":14.0,"turns":2.0},{"damage":38.0,"enemies":"Hexaghost","floor":16.0,"turns":9.0},{"damage":11.0,"enemies":"2 Thieves","floor":18.0,"turns":3.0},{"damage":11.0,"enemies":"3 Byrds","floor":19.0,"turns":4.0},{"damage":4.0,"enemies":"Snecko","floor":24.0,"turns":4.0},{"damage":4.0,"enemies":"Snake Plant","floor":27.0,"turns":3.0},{"damage":4.0,"enemies":"Cultist and Chosen","floor":30.0,"turns":4.0},{"damage":65.0,"enemies":"Collector","floor":33.0,"turns":8.0},{"damage":29.0,"enemies":"3 Shapes","floor":35.0,"turns":6.0},{"damage":27.0,"enemies":"3 Darklings","floor":37.0,"turns":6.0},{"damage":25.0,"enemies":"Sphere and 2 Shapes","floor":38.0,"turns":4.0},{"damage":4,"enemies":"Maw","floor":38,"turns":2}],"event_choices":[{"event_name":"Shining Light","player_choice":"Entered Light","floor":3.0,"damage_taken":0.0},{"event_name":"Purifier","player_choice":"One Purge","floor":21.0,"damage_taken":0.0},{"event_name":"Back to Basics","player_choice":"Simplicity","floor":22.0,"damage_taken":0.0},{"event_name":"The Joust","player_choice":"Bet on Murderer","floor":29.0,"damage_taken":0.0},{"event_name":"Winding Halls","player_choice":"Embrace Madness","floor":36.0,"damage_taken":0.0},{"event_name":"Tomb of Lord Red Mask","player_choice":"Paid","floor":38,"damage_taken":0}],"boss_relics":[],"potions_floor_spawned":[1,6,12,18,19,38],"seed_played":"-1761907249697809357","killed_by":"Maw","ascension_level":0,"is_trial":false}