{"path_per_floor":["M","$","M","$","M","R","?","?","T","$","M","M","E","M","R","B",null,"M","?","$","M","M","R","?","R","T","R","M","R","M","M","R","B",null,"M","?","?","M","$","R","M","M","T","M","$","M","M","M","R"],"character_chosen":"IRONCLAD","items_purchased":["Dropkick","Regal Pillow","Shuriken"],"gold_per_floor":[109,109,121,46,63,63,63,63,88,14,30,41,75,95,95,200,200,216,116,16,35,46,46,46,46,46,46,64,64,82,94,94,194,224,240,240,340,360,209,209,228,242,242,254,3,16,26,40,40],"floor_reached":50,"campfire_rested":1,"playtime":1116,"current_hp_per_floor":[79,79,76,76,71,71,76,76,76,76,76,76,63,59,59,52,85,81,81,81,58,55,55,55,55,55,55,54,54,47,45,45,12,64,63,63,63,63,63,63,52,50,50,47,47,40,47,32,64],"items_purged":["Defend_R","Defend_R"],"gold":40,"score":426,"play_id":"a0949f26-193c-40a0-bb1e-0aeedf4a22d6","local_time":"20180307124400","is_prod":false,"is_daily":false,"is_ascension_mode":false,"campfire_upgraded":8,"timestamp":1520448240,"path_taken":["M","$","M","$","M","R","?","?","T","$","M","M","E","M","R","BOSS","M","?","$","M","?","R","?","R","T","R","M","R","M","M","R","BOSS","M","?","?","M","$","R","?","M","T","?","$","M","M","M","R","BOSS"],"build_version":"2018-03-01-PROD1","purchased_purges":3,"victory":false,"master_deck":["Bash","Thunderclap","Twin Strike","Perfected Strike+1","Impervious","Dropkick","Offering+1","Dropkick+1","Pommel Strike","Perfected Strike+1","Reaper","Twin Strike+1","J.A.X.+1","Bite+1","Bite","Bite","Bite+1","Bite","Perfected Strike+1","Pommel Strike","Offering+1","Twin Strike+1","Pommel Strike+1"],"max_hp_per_floor":[80,80,80,80,80,80,85,85,85,85,85,85,85,85,85,85,85,85,85,85,85,85,85,59,59,59,59,59,59,59,59,59,59,64,64,64,64,64,64,64,64,64,64,64,64,64,64,64,64],"relics":["Philosopher\u0027s Stone","Bag of Marbles","Gremlin Horn","Runic Dome","Ice Cream","Tiny House","Regal Pillow","Charon\u0027s Ashes","Shuriken"],"card_choices":[{"not_picked":["Iron Wave","Warcry"],"picked":"Thunderclap"},{"not_picked":["Second Wind","Cleave"],"picked":"Twin Strike"},{"not_picked":["Anger","Clash"],"picked":"Perfected Strike"},{"not_picked":["Feel No Pain","Ghostly Armor"],"picked":"Offering"},{"not_picked":["Headbutt","Intimidate"],"picked":"Dropkick"},{"not_picked":["Warcry","True Grit"],"picked":"Pommel Strike"},{"not_picked":["Blood for Blood","Reckless Charge"],"picked":"Perfected Strike"},{"not_picked":["Demon Form","Barricade"],"picked":"Reaper"},{"not_picked":["True Grit","Cleave"],"picked":"Twin Strike"},{"not_picked":["Twin Strike","Body Slam"],"picked":"Perfected Strike"},{"not_picked":["Flame Barrier","Combust"],"picked":"Pommel Strike"},{"not_picked":["Brutality","Impervious"],"picked":"Offering"},{"not_picked":["Warcry","Fiend Fire"],"picked":"Twin Strike"},{"not_picked":["True Grit","Flex"],"picked":"Pommel Strike"}],"player_experience":151204,"potions_floor_usage":[13,16,33,33,50,50,50],"damage_taken":[{"damage":1,"enemies":"Cultist","floor":1,"turns":4},{"damage":3,"enemies":"Jaw Worm","floor":3,"turns":3},{"damage":5,"enemies":"Small Slimes","floor":5,"turns":2},{"damage":0,"enemies":"2 Fungi Beasts","floor":11,"turns":2},{"damage":0,"enemies":"Blue Slaver","floor":12,"turns":1},{"damage":19,"enemies":"3 Sentries","floor":13,"turns":4},{"damage":4,"enemies":"Large Slime","floor":14,"turns":2},{"damage":7,"enemies":"The Guardian","floor":16,"turns":5},{"damage":4,"enemies":"Chosen","floor":18,"turns":2},{"damage":23,"enemies":"Shell Parasite","floor":21,"turns":2},{"damage":3,"enemies":"Snecko","floor":22,"turns":2},{"damage":8,"enemies":"3 Cultists","floor":28,"turns":3},{"damage":7,"enemies":"Snake Plant","floor":30,"turns":1},{"damage":7,"enemies":"Sentry and Sphere","floor":31,"turns":1},{"damage":59,"enemies":"Champ","floor":33,"turns":6},{"damage":7,"enemies":"3 Darklings","floor":35,"turns":2},{"damage":3,"enemies":"Orb Walker","floor":38,"turns":1},{"damage":19,"enemies":"Sphere and 2 Shapes","floor":41,"turns":3},{"damage":24,"enemies":"4 Shapes","floor":42,"turns":1},{"damage":18,"enemies":"Maw","floor":44,"turns":3},{"damage":10,"enemies":"Sphere and 2 Shapes","floor":46,"turns":1},{"damage":15,"enemies":"3 Darklings","floor":47,"turns":2},{"damage":38,"enemies":"Maw","floor":48,"turns":3},{"damage":101,"enemies":"Donu and Deca","floor":50,"turns":4}],"event_choices":[{"event_name":"Big Fish","player_choice":"Donut","floor":7,"damage_taken":0},{"event_name":"Transmorgrifier","player_choice":"Transform","floor":8,"damage_taken":0},{"event_name":"Drug Dealer","player_choice":"Got JAXXED","floor":19,"damage_taken":0},{"event_name":"Vampires","player_choice":"Became a vampire","floor":24,"damage_taken":0},{"event_name":"Wheel of Change","player_choice":"Card Removal","floor":36,"damage_taken":0},{"event_name":"Golden Shrine","player_choice":"Pray","floor":37,"damage_taken":0}],"boss_relics":[{"not_picked":["Calling Bell","Velvet Choker"],"picked":"Runic Dome"},{"not_picked":["Orrery","Snecko Eye"],"picked":"Tiny House"}],"potions_floor_spawned":[1,11,21,30,33,38,41,46],"seed_played":"1416758303193847157","killed_by":"Donu and Deca","ascension_level":0,"is_trial":false}