{"path_per_floor":["M","M","T","?","M","E","M","?","T","R","M","$","M","?","R","B",null,"M","?","?","$","M","R","M"],"character_chosen":"IRONCLAD","items_purchased":["Flex"],"gold_per_floor":[111,125,178,178,191,224,234,234,319,319,332,281,298,473,473,576,576,590,590,590,515,532,532,549],"floor_reached":25,"campfire_rested":2,"playtime":755,"current_hp_per_floor":[80,80,80,80,80,52,54,47,47,47,35,35,37,37,61,19,80,46,46,46,46,25,41,56],"items_purged":["Defend_R"],"gold":549,"score":229,"play_id":"e1550d48-a652-49f1-bf69-b8a63c669578","local_time":"20180308230421","is_prod":false,"is_daily":false,"is_ascension_mode":false,"campfire_upgraded":1,"timestamp":1520571861,"path_taken":["M","M","?","?","M","E","?","?","T","R","M","?","M","?","R","BOSS","M","?","?","$","M","R","M","M"],"build_version":"2018-03-01-PROD1","purchased_purges":1,"victory":false,"master_deck":["Defend_R","Defend_R","Bash","Offering+1","Trip","Shrug It Off","Flex","Inflame","Reaper","Bite","Bite","Bite","Bite","Bite","Armaments+1","Clash+1"],"max_hp_per_floor":[80,80,80,80,80,80,80,80,80,80,80,80,80,80,80,80,80,80,56,56,56,56,56,56],"relics":["Black Blood","NeowsBlessing","Omamori","Paper Frog","Tiny Chest"],"card_choices":[{"not_picked":["Iron Wave","Whirlwind"],"picked":"Body Slam"},{"not_picked":["Warcry","Corruption"],"picked":"Offering"},{"not_picked":["Sword Boomerang","Flex"],"picked":"Shrug It Off"},{"not_picked":["Bloodletting","Clothesline"],"picked":"Inflame"},{"not_picked":["Juggernaut","Dark Embrace"],"picked":"Reaper"},{"not_picked":["Reckless Charge","Warcry"],"picked":"Armaments"},{"not_picked":["Cleave","Bludgeon"],"picked":"Clash"}],"player_experience":154597,"potions_floor_usage":[6,11,16,22,24],"damage_taken":[{"damage":0,"enemies":"Cultist","floor":1,"turns":1},{"damage":0,"enemies":"2 Louse","floor":2,"turns":1},{"damage":0,"enemies":"Jaw Worm","floor":5,"turns":1},{"damage":34,"enemies":"3 Sentries","floor":6,"turns":9},{"damage":4,"enemies":"2 Fungi Beasts","floor":7,"turns":3},{"damage":18,"enemies":"Exordium Wildlife","floor":11,"turns":3},{"damage":4,"enemies":"Blue Slaver","floor":13,"turns":1},{"damage":48,"enemies":"Hexaghost","floor":16,"turns":8},{"damage":44,"enemies":"Spheric Guardian","floor":18,"turns":6},{"damage":44,"enemies":"Chosen","floor":22,"turns":5},{"damage":14,"enemies":"Snecko","floor":24,"turns":5},{"damage":62,"enemies":"Chosen and Byrds","floor":25,"turns":5}],"event_choices":[{"event_name":"Match and Keep!","player_choice":"1 cards matched","floor":4,"damage_taken":0},{"event_name":"Golden Wing","player_choice":"Card Removal","floor":8,"damage_taken":0},{"event_name":"Liars Game","player_choice":"agreed","floor":14,"damage_taken":0},{"event_name":"Vampires","player_choice":"Became a vampire","floor":19,"damage_taken":0},{"event_name":"Back to Basics","player_choice":"Elegance","floor":20,"damage_taken":0}],"boss_relics":[{"not_picked":["Question Card","Tiny House"],"picked":"Black Blood"}],"potions_floor_spawned":[2,5,7,16,18],"seed_played":"-8973117469781651599","killed_by":"Chosen and Byrds","ascension_level":0,"is_trial":false}