{"path_per_floor":["M","?","$","M","?","R","M","R","T","M","M","R","M","M","R","B",null,"M","?","?","M","M","R","M","M","T","R","?","R","M","$","R","B",null,"M","M","$","?","$","E","?","M","T"],"character_chosen":"IRONCLAD","items_purchased":["Dropkick","Blood Vial"],"gold_per_floor":[112,62,22,36,36,36,54,54,54,74,94,94,112,129,129,226,226,243,243,243,253,270,270,287,299,367,367,367,367,377,302,302,403,403,421,440,294,294,194,228,228,240,240],"floor_reached":44,"campfire_rested":4,"playtime":1003,"current_hp_per_floor":[80,80,80,65,65,65,54,54,54,45,33,33,29,26,50,4,80,76,76,61,51,38,63,59,55,55,80,64,64,60,60,85,64,85,82,57,57,57,57,23,12,1,1],"items_purged":["Bash","Pommel Strike"],"gold":240,"score":432,"play_id":"b196bbeb-c16e-41f8-8ae0-56752f33890f","local_time":"20180311005202","is_prod":false,"is_daily":false,"is_ascension_mode":false,"campfire_upgraded":3,"timestamp":1520751122,"path_taken":["M","?","$","M","?","R","M","R","T","M","M","R","M","M","R","BOSS","M","?","?","M","M","R","M","M","T","R","?","R","?","$","R","BOSS","M","M","$","?","$","E","?","M","T","?"],"build_version":"2018-03-09","purchased_purges":2,"victory":false,"master_deck":["Strike_R+1","Strike_R+1","Strike_R+1","Strike_R+1","Strike_R+1","Defend_R+1","Defend_R+1","Defend_R+1","Flex","Inflame","Thunderclap+1","Dropkick","Offering+1","Pummel+1","Limit Break","Dropkick+1","Pummel+1","Exhume","Madness","Madness","Doubt"],"max_hp_per_floor":[80,80,80,80,80,80,80,80,80,80,80,80,80,80,80,80,80,80,80,85,85,85,85,85,85,85,85,85,85,85,85,85,85,85,85,85,85,85,85,85,85,85,85],"relics":["Orrery","Shovel","Champion Belt","Sozu","Mercury Hourglass","Nilry\u0027s Codex","Cursed Key","Blood Vial","Anchor","Frozen Eye"],"card_choices":[{"not_picked":["Shrug It Off","Iron Wave"],"picked":"Flex"},{"not_picked":["Disarm","Burning Pact"],"picked":"Inflame"},{"not_picked":["Flame Barrier","Bloodletting"],"picked":"Pommel Strike"},{"not_picked":["True Grit","Anger"],"picked":"Thunderclap"},{"not_picked":["Iron Wave","Dropkick"],"picked":"Offering"},{"not_picked":["Spot Weakness","Body Slam"],"picked":"Pummel"},{"not_picked":["Barricade","Double Tap"],"picked":"Limit Break"},{"not_picked":["Fire Breathing","Double Tap"],"picked":"Dropkick"},{"not_picked":["Cleave","Warcry"],"picked":"Pummel"},{"not_picked":["Carnage","Bloodletting"],"picked":"Exhume"}],"player_experience":165161,"potions_floor_usage":[14,16,40,40],"damage_taken":[{"damage":0,"enemies":"Small Slimes","floor":1,"turns":2},{"damage":15,"enemies":"2 Louse","floor":4,"turns":3},{"damage":11,"enemies":"Jaw Worm","floor":7,"turns":3},{"damage":9,"enemies":"Looter","floor":10,"turns":2},{"damage":12,"enemies":"Blue Slaver","floor":11,"turns":2},{"damage":4,"enemies":"2 Fungi Beasts","floor":13,"turns":1},{"damage":3,"enemies":"3 Louse","floor":14,"turns":2},{"damage":46,"enemies":"Hexaghost","floor":16,"turns":8},{"damage":4,"enemies":"Spheric Guardian","floor":18,"turns":2},{"damage":10,"enemies":"Shell Parasite","floor":21,"turns":3},{"damage":13,"enemies":"Centurion and Healer","floor":22,"turns":2},{"damage":4,"enemies":"Snecko","floor":24,"turns":2},{"damage":4,"enemies":"Chosen and Byrds","floor":25,"turns":2},{"damage":4,"enemies":"Cultist and Chosen","floor":30,"turns":3},{"damage":21,"enemies":"Collector","floor":33,"turns":5},{"damage":3,"enemies":"Orb Walker","floor":35,"turns":3},{"damage":25,"enemies":"3 Shapes","floor":36,"turns":2},{"damage":36,"enemies":"Nemesis","floor":40,"turns":5},{"damage":13,"enemies":"3 Darklings","floor":42,"turns":3},{"damage":7,"enemies":"4 Shapes","floor":44,"turns":3}],"event_choices":[{"event_name":"The Cleric","player_choice":"Card Removal","floor":2,"damage_taken":0},{"event_name":"Golden Idol","player_choice":"Ignored","floor":5,"damage_taken":0},{"event_name":"Back to Basics","player_choice":"Simplicity","floor":19,"damage_taken":0},{"event_name":"Forgotten Altar","player_choice":"Shed Blood","floor":20,"damage_taken":0},{"event_name":"Cursed Tome","player_choice":"Obtained Book","floor":28,"damage_taken":0},{"event_name":"Mysterious Sphere","player_choice":"Ignore","floor":38,"damage_taken":0},{"event_name":"Winding Halls","player_choice":"Embrace Madness","floor":41,"damage_taken":0}],"boss_relics":[{"not_picked":["Ectoplasm","Black Star"],"picked":"Sozu"},{"not_picked":["Mark of Pain","White Beast Statue"],"picked":"Cursed Key"}],"potions_floor_spawned":[10,11,14,16,18,21,22,30,35,40,42],"seed_played":"4447906503269391873","killed_by":"4 Shapes","ascension_level":0,"is_trial":false}