{"path_per_floor":["M","M","?","$","M","R","M","$","T","R","M","M","R","E","R","B",null,"M","?","?","$","?","R","$","R","T","$","M","M","?","M","R","B",null,"M","$","M","M","?","R","E","$","T"],"character_chosen":"IRONCLAD","items_purchased":["Body Slam","Shrug It Off","Flex","Flex","Limit Break"],"gold_per_floor":[109,125,125,25,43,43,56,56,56,56,71,91,91,123,123,220,220,240,240,155,155,155,155,103,103,103,78,94,110,110,125,125,230,260,277,66,86,101,101,101,127,127,150],"floor_reached":44,"campfire_rested":3,"playtime":948,"current_hp_per_floor":[80,77,77,77,76,76,71,71,85,85,78,63,63,37,65,27,96,96,96,96,96,96,96,96,96,96,96,96,92,76,78,102,32,111,108,108,92,55,55,89,32,32,32],"items_purged":["Flex"],"gold":150,"score":486,"play_id":"4f40c46c-4ea8-47c8-b80e-e30a70287638","local_time":"20180311003510","is_prod":false,"is_daily":false,"is_ascension_mode":false,"campfire_upgraded":5,"timestamp":1520750110,"path_taken":["M","M","?","$","M","R","?","$","T","R","?","M","R","E","R","BOSS","M","?","?","$","?","R","?","R","T","$","M","?","?","M","R","BOSS","M","$","M","M","?","R","E","$","T","M"],"build_version":"2018-03-09","purchased_purges":1,"victory":false,"master_deck":["Strike_R+1","Strike_R+1","Strike_R+1","Strike_R+1","Strike_R+1","Defend_R+1","Defend_R+1","Defend_R+1","Defend_R+1","Bash","Entrench+1","Inflame+1","Body Slam+1","Shrug It Off","Flex+1","Double Tap+1","Heavy Blade+1","Twin Strike","Thunderclap+1","Twin Strike","Flex","Flex+1","Limit Break","Limit Break"],"max_hp_per_floor":[80,80,80,80,80,80,80,80,94,94,94,94,94,94,94,96,96,96,96,96,96,96,96,96,96,96,96,98,100,100,102,102,104,111,111,111,113,115,115,115,115,115,115],"relics":["Sozu","Mango","Singing Bowl","Runic Dome","Ancient Tea Set","Ginger","Enchiridion","Tiny House","Charon\u0027s Ashes","Omamori"],"card_choices":[{"not_picked":["Carnage","True Grit"],"picked":"Entrench"},{"not_picked":["Iron Wave","Shockwave"],"picked":"Inflame"},{"not_picked":["Hemokinesis","Burning Pact"],"picked":"Flex"},{"not_picked":["Warcry","Sword Boomerang"],"picked":"Double Tap"},{"not_picked":["Warcry","Havoc"],"picked":"Heavy Blade"},{"not_picked":["Sever Soul","Heavy Blade"],"picked":"Twin Strike"},{"not_picked":["Body Slam","Hemokinesis"],"picked":"Thunderclap"},{"not_picked":["Reckless Charge","Infernal Blade"],"picked":"Flex"},{"not_picked":["Pommel Strike","Carnage"],"picked":"Limit Break"}],"player_experience":164213,"potions_floor_usage":[],"damage_taken":[{"damage":0,"enemies":"Small Slimes","floor":1,"turns":3},{"damage":3,"enemies":"2 Louse","floor":2,"turns":2},{"damage":1,"enemies":"Cultist","floor":5,"turns":3},{"damage":5,"enemies":"Lots of Slimes","floor":7,"turns":6},{"damage":7,"enemies":"Blue Slaver","floor":11,"turns":3},{"damage":15,"enemies":"Large Slime","floor":12,"turns":4},{"damage":26,"enemies":"Lagavulin","floor":14,"turns":4},{"damage":40,"enemies":"Hexaghost","floor":16,"turns":8},{"damage":0,"enemies":"3 Byrds","floor":18,"turns":4},{"damage":2,"enemies":"Chosen","floor":28,"turns":3},{"damage":6,"enemies":"3 Cultists","floor":29,"turns":3},{"damage":0,"enemies":"Centurion and Healer","floor":31,"turns":3},{"damage":72,"enemies":"Champ","floor":33,"turns":8},{"damage":3,"enemies":"Orb Walker","floor":35,"turns":2},{"damage":18,"enemies":"3 Darklings","floor":37,"turns":4},{"damage":39,"enemies":"4 Shapes","floor":38,"turns":4},{"damage":57,"enemies":"2 Orb Walkers","floor":41,"turns":5},{"damage":35,"enemies":"Sphere and 2 Shapes","floor":44,"turns":2}],"event_choices":[{"event_name":"Liars Game","player_choice":"disagreed","floor":3,"damage_taken":0},{"event_name":"The Library","player_choice":"Read","floor":19,"damage_taken":0},{"event_name":"Addict","player_choice":"Obtained Relic","floor":20,"damage_taken":0},{"event_name":"Back to Basics","player_choice":"Simplicity","floor":22,"damage_taken":0},{"event_name":"Cursed Tome","player_choice":"Obtained Book","floor":30,"damage_taken":0},{"event_name":"Mysterious Sphere","player_choice":"Ignore","floor":39,"damage_taken":0}],"boss_relics":[{"not_picked":["Ectoplasm","Mark of Pain"],"picked":"Runic Dome"},{"not_picked":["Calling Bell","Question Card"],"picked":"Tiny House"}],"potions_floor_spawned":[1,2,11,12,16,18,31,33,37,38],"seed_played":"-1082605173907913146","killed_by":"Sphere and 2 Shapes","ascension_level":0,"is_trial":false}