{"path_per_floor":["M","M","?","$","?","R","M","R","T","R","M","?","$","?","R","B",null,"M","M","?","?","M","R","M","?","T","R"],"character_chosen":"IRONCLAD","items_purchased":["Flame Barrier","Offering"],"gold_per_floor":[115,131,131,50,150,150,161,161,184,184,196,196,58,58,58,157,157,169,149,149,49,68,68,85,85,112,112],"floor_reached":28,"campfire_rested":3,"playtime":712,"current_hp_per_floor":[74,74,74,74,74,74,63,63,63,63,32,32,32,32,56,51,80,73,45,45,45,26,50,35,20,20,45],"items_purged":[],"gold":112,"score":206,"play_id":"b4c93f6a-0c2e-4fa9-96fb-911e272327b6","local_time":"20180309213915","is_prod":false,"is_daily":false,"is_ascension_mode":false,"campfire_upgraded":3,"timestamp":1520653155,"path_taken":["M","M","?","$","?","R","?","R","T","R","M","?","$","?","R","BOSS","M","M","?","?","M","R","M","?","T","R","E"],"build_version":"2018-03-09","purchased_purges":0,"victory":false,"master_deck":["Strike_R+1","Strike_R+1","Strike_R+1","Strike_R+1","Strike_R+1","Defend_R+1","Defend_R+1","Defend_R+1","Defend_R+1","Bash","Body Slam+1","Flame Barrier+1","Body Slam+1","Offering+1","Berserk","Metallicize","J.A.X.","Spot Weakness"],"max_hp_per_floor":[80,80,80,80,80,80,80,80,80,80,80,80,80,80,80,80,80,80,80,80,80,80,80,80,85,85,85],"relics":["Runic Pyramid","Juzu Bracelet","Philosopher\u0027s Stone","Singing Bowl"],"card_choices":[{"not_picked":["Havoc","Clash"],"picked":"Body Slam"},{"not_picked":["Burning Pact","Clash"],"picked":"Body Slam"},{"not_picked":["Feed","Reaper"],"picked":"Berserk"},{"not_picked":["Thunderclap","Fire Breathing"],"picked":"Metallicize"},{"not_picked":["Sever Soul","Whirlwind"],"picked":"Spot Weakness"}],"player_experience":157767,"potions_floor_usage":[16,22,24],"damage_taken":[{"damage":6,"enemies":"Cultist","floor":1,"turns":3},{"damage":0,"enemies":"Small Slimes","floor":2,"turns":4},{"damage":11,"enemies":"Jaw Worm","floor":7,"turns":3},{"damage":31,"enemies":"Gremlin Gang","floor":11,"turns":4},{"damage":5,"enemies":"Slime Boss","floor":16,"turns":12},{"damage":7,"enemies":"Shell Parasite","floor":18,"turns":3},{"damage":28,"enemies":"2 Thieves","floor":19,"turns":4},{"damage":19,"enemies":"Cultist and Chosen","floor":22,"turns":7},{"damage":15,"enemies":"Centurion and Healer","floor":24,"turns":5},{"damage":53,"enemies":"Gremlin Leader","floor":28,"turns":7}],"event_choices":[{"event_name":"Living Wall","player_choice":"Grow","floor":3,"damage_taken":0},{"event_name":"Golden Shrine","player_choice":"Pray","floor":5,"damage_taken":0},{"event_name":"Dead Adventurer","player_choice":"Searched \u00270\u0027 times","floor":12,"damage_taken":0},{"event_name":"Accursed Blacksmith","player_choice":"Forge","floor":14,"damage_taken":0},{"event_name":"Back to Basics","player_choice":"Simplicity","floor":20,"damage_taken":0},{"event_name":"Drug Dealer","player_choice":"Got JAXXED","floor":21,"damage_taken":0},{"event_name":"Forgotten Altar","player_choice":"Shed Blood","floor":25,"damage_taken":0}],"boss_relics":[{"not_picked":["Pandora\u0027s Box","Black Star"],"picked":"Philosopher\u0027s Stone"}],"potions_floor_spawned":[2,16,22],"seed_played":"-7729030139858383603","killed_by":"Gremlin Leader","ascension_level":0,"is_trial":false}