{"path_per_floor":["M","?","?","?","$","M","M","R","T","M","$","E","R","M","R","B",null,"M","?","?","$","?","E","M","R","T","M","M","?","R","M","R"],"character_chosen":"IRONCLAD","items_purchased":["Pummel"],"gold_per_floor":[99,99,99,99,99,99,99,99,99,99,60,60,60,60,60,60,60,60,60,60,60,60,60,60,60,60,60,60,60,60,60,60],"floor_reached":33,"campfire_rested":4,"playtime":859,"current_hp_per_floor":[65,65,62,67,67,67,61,61,61,61,61,63,63,52,78,34,89,81,63,63,63,63,32,16,45,45,45,31,31,76,72,102],"items_purged":[],"gold":60,"score":315,"play_id":"1c677bc1-db66-4914-8692-74ce5c8232b6","local_time":"20180308223855","is_prod":false,"is_daily":false,"is_ascension_mode":false,"campfire_upgraded":2,"timestamp":1520570335,"path_taken":["M","?","?","?","$","M","M","R","T","M","$","E","R","?","R","BOSS","M","?","?","$","?","E","?","R","T","M","M","?","R","M","R","BOSS"],"build_version":"2018-03-01-PROD1","purchased_purges":0,"victory":false,"master_deck":["Bash","Flex+1","Heavy Blade+1","Pummel","Double Tap","Headbutt","Twin Strike","Pommel Strike","Twin Strike","Body Slam","Evolve","Flame Barrier","Shrug It Off","Bash","Fire Breathing","Heavy Blade+1","Flex","Twin Strike+1"],"max_hp_per_floor":[80,80,80,85,85,85,85,85,85,85,85,87,87,89,89,89,89,91,96,96,96,96,96,98,98,98,98,100,100,100,102,102],"relics":["Ectoplasm","Matryoshka","Singing Bowl","Champion Belt","Prayer Wheel","Pandora\u0027s Box","Regal Pillow","Ancient Tea Set","Nloth\u0027s Gift"],"card_choices":[{"not_picked":["Headbutt","Disarm"],"picked":"Flex"},{"not_picked":["Second Wind","Bloodletting"],"picked":"Heavy Blade"},{"not_picked":["Brutality","Immolate"],"picked":"Double Tap"},{"not_picked":["Disarm","Twin Strike"],"picked":"Heavy Blade"},{"not_picked":["Heavy Blade","Infernal Blade"],"picked":"Flex"},{"not_picked":["Body Slam","True Grit"],"picked":"Twin Strike"}],"player_experience":152986,"potions_floor_usage":[12,16,16,23,24,33],"damage_taken":[{"damage":15,"enemies":"Small Slimes","floor":1,"turns":4},{"damage":0,"enemies":"Cultist","floor":6,"turns":2},{"damage":6,"enemies":"2 Louse","floor":7,"turns":3},{"damage":0,"enemies":"2 Fungi Beasts","floor":10,"turns":3},{"damage":0,"enemies":"Gremlin Nob","floor":12,"turns":2},{"damage":13,"enemies":"Lots of Slimes","floor":14,"turns":3},{"damage":56,"enemies":"The Guardian","floor":16,"turns":8},{"damage":10,"enemies":"Spheric Guardian","floor":18,"turns":3},{"damage":31,"enemies":"Book of Stabbing","floor":23,"turns":4},{"damage":18,"enemies":"Shell Parasite","floor":24,"turns":4},{"damage":0,"enemies":"Snake Plant","floor":27,"turns":2},{"damage":16,"enemies":"Centurion and Healer","floor":28,"turns":3},{"damage":6,"enemies":"3 Cultists","floor":31,"turns":3},{"damage":107,"enemies":"Automaton","floor":33,"turns":10}],"event_choices":[{"event_name":"The Lab","player_choice":"Got Potions","floor":2,"damage_taken":0},{"event_name":"Scrap Ooze","player_choice":"success","floor":3,"damage_taken":3},{"event_name":"Big Fish","player_choice":"Donut","floor":4,"damage_taken":0},{"event_name":"Forgotten Altar","player_choice":"Shed Blood","floor":19,"damage_taken":0},{"event_name":"Back to Basics","player_choice":"Elegance","floor":20,"damage_taken":0},{"event_name":"Match and Keep!","player_choice":"2 cards matched","floor":22,"damage_taken":0},{"event_name":"N\u0027loth","player_choice":"Traded a Bag of Preparation","floor":29,"damage_taken":0}],"boss_relics":[{"not_picked":["Calling Bell","Cursed Key"],"picked":"Pandora\u0027s Box"}],"potions_floor_spawned":[1,7,12,23,24,28],"seed_played":"5756721592604100500","killed_by":"Automaton","ascension_level":0,"is_trial":false}