{"path_per_floor":["M","?","$","M","$","E","R","M","T","?","R","E","R","M","R","B",null,"M","$","?","M","?","R","?","M","T","M","M","M","?","E","R","B",null,"M","?","?","M","$","E","R","M","T","M","M","M","R","T","R","B"],"character_chosen":"IRONCLAD","items_purchased":["Dropkick","Flex","Pummel","Energy Potion","Inflame","Whirlwind"],"gold_per_floor":[112,112,41,51,2,34,34,45,45,45,45,78,78,91,91,194,194,208,57,57,69,69,69,69,85,139,154,169,181,181,207,207,303,303,315,315,315,331,125,152,152,172,244,261,273,293,293,293,293,293],"floor_reached":51,"campfire_rested":3,"playtime":1290,"current_hp_per_floor":[72,58,58,53,53,34,34,39,39,21,42,48,48,34,55,28,72,49,49,49,72,72,72,56,72,72,72,60,72,72,16,37,54,72,72,63,63,72,72,64,64,52,52,48,67,72,72,72,72,35],"items_purged":["Defend_R"],"gold":293,"score":582,"play_id":"63ae4b06-49ef-465c-aa8f-ffb43dbabb54","local_time":"20180304235752","is_prod":false,"is_daily":false,"is_ascension_mode":false,"campfire_upgraded":6,"timestamp":1520229472,"path_taken":["M","?","$","M","$","E","R","M","T","?","R","E","R","M","R","BOSS","M","$","?","M","?","R","?","M","T","?","?","M","?","E","R","BOSS","M","?","?","M","$","E","R","M","T","?","M","M","R","?","R","BOSS"],"build_version":"2018-03-01-PROD1","purchased_purges":2,"victory":true,"master_deck":["Strike_R","Strike_R","Strike_R+1","Strike_R+1","Strike_R","Defend_R","Defend_R","Bash","Bludgeon+1","Flex","Dropkick","Flex","Clothesline","Dropkick","Demon Form+1","Inflame+1","Reaper","Pummel","Pummel","Offering+1","Necronomicurse","Heavy Blade+1","Reaper","Dual Wield+1","Madness","Madness","Inflame+1","Whirlwind+1"],"max_hp_per_floor":[72,72,72,72,72,72,72,72,72,72,72,72,72,72,72,72,72,72,72,72,72,72,72,72,72,72,72,72,72,72,72,72,72,72,72,72,72,72,72,72,72,72,72,72,72,72,72,72,72,72],"relics":["Burning Blood","Blood Vial","Magic Flower","Vajra","Blue Candle","Velvet Choker","Necronomicon","Pen Nib","Du-Vu Doll","Philosopher\u0027s Stone","Omamori","Mercury Hourglass","Happy Flower"],"card_choices":[{"not_picked":["Feed","Juggernaut"],"picked":"Bludgeon"},{"not_picked":["Shrug It Off","Clothesline"],"picked":"Flex"},{"not_picked":["Iron Wave","Brutality"],"picked":"Clothesline"},{"not_picked":["Seeing Red","Shrug It Off"],"picked":"Dropkick"},{"not_picked":["Rupture","Entrench"],"picked":"Demon Form"},{"not_picked":["Warcry","Rage"],"picked":"Inflame"},{"not_picked":["Impervious","Feed"],"picked":"Reaper"},{"not_picked":["Body Slam","Corruption"],"picked":"Pummel"},{"not_picked":["Clash","Combust"],"picked":"Heavy Blade"},{"not_picked":["Feed","Barricade"],"picked":"Reaper"},{"not_picked":["Sever Soul","Pommel Strike"],"picked":"Dual Wield"}],"player_experience":145557,"potions_floor_usage":[12,16,18,21,31,40,50,50],"damage_taken":[{"damage":6,"enemies":"Cultist","floor":1,"turns":3},{"damage":11,"enemies":"Jaw Worm","floor":4,"turns":2},{"damage":25,"enemies":"Gremlin Nob","floor":6,"turns":4},{"damage":3,"enemies":"2 Louse","floor":8,"turns":2},{"damage":6,"enemies":"Lagavulin","floor":12,"turns":3},{"damage":26,"enemies":"Large Slime","floor":14,"turns":4},{"damage":39,"enemies":"The Guardian","floor":16,"turns":6},{"damage":32,"enemies":"2 Thieves","floor":18,"turns":4},{"damage":0,"enemies":"Chosen","floor":21,"turns":4},{"damage":19,"enemies":"3 Cultists","floor":25,"turns":4},{"damage":8,"enemies":"Centurion and Healer","floor":27,"turns":2},{"damage":21,"enemies":"Snake Plant","floor":28,"turns":2},{"damage":0,"enemies":"Snecko","floor":29,"turns":2},{"damage":65,"enemies":"Slavers","floor":31,"turns":4},{"damage":43,"enemies":"Automaton","floor":33,"turns":5},{"damage":34,"enemies":"3 Darklings","floor":35,"turns":3},{"damage":30,"enemies":"3 Shapes","floor":38,"turns":4},{"damage":32,"enemies":"Giant Head","floor":40,"turns":5},{"damage":24,"enemies":"Maw","floor":42,"turns":3},{"damage":28,"enemies":"Sphere and 2 Shapes","floor":44,"turns":3},{"damage":14,"enemies":"3 Darklings","floor":45,"turns":2},{"damage":58,"enemies":"Maw","floor":46,"turns":5},{"damage":46,"enemies":"Time Eater","floor":50,"turns":3}],"event_choices":[{"event_name":"Shining Light","player_choice":"Entered Light","floor":2,"damage_taken":0},{"event_name":"Scrap Ooze","player_choice":"success","floor":10,"damage_taken":18},{"event_name":"Transmorgrifier","player_choice":"Transform","floor":20,"damage_taken":0},{"event_name":"Beggar","player_choice":"Ignored","floor":22,"damage_taken":0},{"event_name":"Cursed Tome","player_choice":"Obtained Book","floor":24,"damage_taken":0},{"event_name":"Accursed Blacksmith","player_choice":"Forge","floor":30,"damage_taken":0},{"event_name":"Winding Halls","player_choice":"Embrace Madness","floor":36,"damage_taken":0},{"event_name":"Mysterious Sphere","player_choice":"Ignore","floor":37,"damage_taken":0}],"boss_relics":[{"not_picked":["Cursed Key","Runic Cube"],"picked":"Velvet Choker"},{"not_picked":["Lizard Tail","Runic Dome"],"picked":"Philosopher\u0027s Stone"}],"potions_floor_spawned":[8,12,14,18,25,33,40,44,46],"seed_played":"-8269484954199938915","ascension_level":0,"is_trial":false}