{"path_per_floor":["M","?","M","$","M","E","M","R","T","?","E","R","?","$","R","B",null,"M","?","$","$","M"],"character_chosen":"IRONCLAD","items_purchased":["Armaments","Whetstone","Uppercut"],"gold_per_floor":[20,20,36,36,53,84,103,103,177,252,285,285,285,36,36,132,132,100,100,19,19,30],"floor_reached":23,"campfire_rested":2,"playtime":641,"current_hp_per_floor":[78,78,78,78,80,56,33,57,57,46,16,40,40,40,40,36,69,40,24,24,24,8],"items_purged":["Strike_R"],"gold":30,"score":246,"play_id":"34149148-a0eb-4c3d-8e18-4ff5f37ed49f","local_time":"20180320214332","is_prod":false,"is_daily":false,"is_ascension_mode":true,"campfire_upgraded":1,"timestamp":1521600212,"path_taken":["M","?","M","$","M","E","M","R","T","?","E","R","?","$","R","BOSS","M","?","?","$","M","E"],"build_version":"2018-03-15v3","purchased_purges":1,"victory":false,"master_deck":["Strike_R","Strike_R+1","Strike_R+1","Strike_R","Defend_R","Defend_R","Defend_R","Defend_R","Bash","Demon Form","Shrug It Off+1","Pummel","Entrench","Limit Break","Armaments+1","Limit Break","Uppercut","Clothesline+1"],"max_hp_per_floor":[80,80,80,80,80,80,80,80,80,80,80,80,80,80,80,80,80,80,80,80,80,80],"relics":["Burning Blood","Omamori","Letter Opener","Bag of Marbles","Whetstone","Mark of Pain","Necronomicon"],"card_choices":[{"not_picked":["Dark Embrace","Exhume"],"picked":"Demon Form"},{"not_picked":["Iron Wave","Sentinel"],"picked":"Shrug It Off"},{"not_picked":["Wild Strike","True Grit"],"picked":"Pummel"},{"not_picked":["Clothesline","Feel No Pain"],"picked":"Entrench"},{"not_picked":["Burning Pact","Second Wind"],"picked":"Limit Break"},{"not_picked":["Double Tap","Impervious"],"picked":"Limit Break"},{"not_picked":["Warcry","Thunderclap"],"picked":"Clothesline"}],"player_experience":197420,"potions_floor_usage":[16,23],"damage_taken":[{"damage":8,"enemies":"2 Louse","floor":1,"turns":3},{"damage":6,"enemies":"Cultist","floor":3,"turns":5},{"damage":0,"enemies":"Small Slimes","floor":5,"turns":4},{"damage":30,"enemies":"Lagavulin","floor":6,"turns":7},{"damage":29,"enemies":"Exordium Wildlife","floor":7,"turns":5},{"damage":36,"enemies":"3 Sentries","floor":11,"turns":6},{"damage":10,"enemies":"The Guardian","floor":16,"turns":11},{"damage":35,"enemies":"2 Thieves","floor":18,"turns":5},{"damage":22,"enemies":"Spheric Guardian","floor":22,"turns":4},{"damage":10,"enemies":"Book of Stabbing","floor":23,"turns":2}],"event_choices":[{"event_name":"Accursed Blacksmith","player_choice":"Forge","floor":2,"damage_taken":0},{"event_name":"World of Goop","player_choice":"Gather Gold","floor":10,"damage_taken":0},{"event_name":"Liars Game","player_choice":"disagreed","floor":13,"damage_taken":0},{"event_name":"Cursed Tome","player_choice":"Obtained Book","floor":19,"damage_taken":0}],"boss_relics":[{"not_picked":["White Beast Statue","Snecko Eye"],"picked":"Mark of Pain"}],"potions_floor_spawned":[3,5,16,18],"seed_played":"8652844585166925817","killed_by":"Book of Stabbing","ascension_level":5,"is_trial":false}