{"path_per_floor":["M","?","M","?","?","R","$","R","T","M","M","E","M","M","R","B",null,"M","M","?","$","M","R","$","R","T","E","R","?"],"character_chosen":"IRONCLAD","items_purchased":["Armaments","Lantern"],"gold_per_floor":[112,112,130,130,130,130,2,2,56,70,89,119,136,149,149,246,246,257,269,194,42,61,61,61,61,61,88,88,88],"floor_reached":30,"campfire_rested":2,"playtime":860,"current_hp_per_floor":[80,80,80,73,73,73,73,73,73,79,70,48,54,50,74,38,80,80,80,80,80,63,63,63,63,63,16,40,40],"items_purged":["Strike_R"],"gold":88,"score":298,"play_id":"18ad7c11-0f1d-4dd8-9a51-f8f84a605854","local_time":"20180316232714","is_prod":false,"is_daily":false,"is_ascension_mode":true,"campfire_upgraded":4,"timestamp":1521260834,"path_taken":["M","?","M","?","?","R","?","R","T","?","M","E","M","M","R","BOSS","M","?","?","$","?","R","$","R","T","E","R","?","M"],"build_version":"2018-03-15v2","purchased_purges":1,"victory":false,"master_deck":["Strike_R","Strike_R","Defend_R+1","Defend_R","Defend_R","Defend_R","Bash+1","Clash","Impervious","Armaments+1","Body Slam+1","Disarm","Exhume","Dual Wield","Body Slam+1","Shrug It Off","Metallicize","Body Slam+1"],"max_hp_per_floor":[80,80,80,80,80,80,80,80,80,80,80,80,80,80,80,80,80,80,80,80,80,80,80,80,80,80,80,80,80],"relics":["Burning Blood","NeowsBlessing","Pen Nib","Dodecahedron","Philosopher\u0027s Stone","Lantern","Bag of Marbles","Orichalcum"],"card_choices":[{"not_picked":["Feel No Pain","Fire Breathing"],"picked":"Clash"},{"not_picked":["Feel No Pain","Havoc"],"picked":"Impervious"},{"not_picked":["Wild Strike","Headbutt"],"picked":"Body Slam"},{"not_picked":["Flex","Headbutt"],"picked":"Disarm"},{"not_picked":["Brutality","Double Tap"],"picked":"Exhume"},{"not_picked":["Pommel Strike","Warcry"],"picked":"Dual Wield"},{"not_picked":["Perfected Strike","Iron Wave"],"picked":"Body Slam"},{"not_picked":["Anger","Headbutt"],"picked":"Shrug It Off"},{"not_picked":["Ghostly Armor","Twin Strike"],"picked":"Metallicize"}],"player_experience":194923,"potions_floor_usage":[12,16,16,22,30],"damage_taken":[{"damage":0,"enemies":"Small Slimes","floor":1,"turns":1},{"damage":0,"enemies":"Cultist","floor":3,"turns":1},{"damage":0,"enemies":"2 Louse","floor":10,"turns":1},{"damage":15,"enemies":"Gremlin Gang","floor":11,"turns":5},{"damage":28,"enemies":"3 Sentries","floor":12,"turns":11},{"damage":0,"enemies":"Blue Slaver","floor":13,"turns":2},{"damage":10,"enemies":"2 Fungi Beasts","floor":14,"turns":3},{"damage":42,"enemies":"Slime Boss","floor":16,"turns":14},{"damage":3,"enemies":"Spheric Guardian","floor":18,"turns":4},{"damage":0,"enemies":"2 Thieves","floor":19,"turns":5},{"damage":23,"enemies":"Chosen and Byrds","floor":22,"turns":6},{"damage":53,"enemies":"Gremlin Leader","floor":27,"turns":8},{"damage":58,"enemies":"Cultist and Chosen","floor":30,"turns":11}],"event_choices":[{"event_name":"Upgrade Shrine","player_choice":"Upgraded","floor":2,"damage_taken":0},{"event_name":"Golden Wing","player_choice":"Card Removal","floor":4,"damage_taken":0},{"event_name":"Liars Game","player_choice":"disagreed","floor":5,"damage_taken":0},{"event_name":"Beggar","player_choice":"Gave Gold","floor":20,"damage_taken":0},{"event_name":"Duplicator","player_choice":"One dupe","floor":29,"damage_taken":0}],"boss_relics":[{"not_picked":["Calling Bell","Runic Dome"],"picked":"Philosopher\u0027s Stone"}],"potions_floor_spawned":[3,13,14,19,27],"seed_played":"8423613608770612631","killed_by":"Cultist and Chosen","ascension_level":4,"is_trial":false}